2340 3900
198 199 295 250 370
618 190 950 238 MARTYRmM
989 157 1247 249 (mssnfs
1284 189 1710 239 1GNAT11.11.111.

200 329 251 380 ἓν
287 324 473 390 αὐτοῖς,
520 326 607 373 τοῦ
643 326 768 372 θεοῦ
800 325 896 372 τῶν
930 318 1248 407 πνευμάτων,9
1284 325 1371 372 τοῦ
1401 318 1632 387 βασιλέως
1674 312 1854 375 παντὸς
1901 316 2141 400 αἰσθητοῦ

199 396 282 448 καὶ
316 396 511 477 νοητοῦ,
547 388 602 451 ὃς
637 390 728 456 ἔχει
756 387 917 456 πάσης
951 387 1127 458 σαρκὸς
1172 391 1406 452 ἐξουσίαν.
1482 383 1721 467 Τραϊανὸς
1753 381 1910 436 εἶπεν·
1957 386 2004 435 τί
2048 381 2141 453 γάρ

201 480 251 515 σε
286 459 471 521 κωλύει,
507 458 747 523 κάκεῖνον,
784 459 921 545 εἴπερ
950 459 1091 522 ἔστιν,
1127 456 1250 511 θεὸν
1262 459 1485 545 σέβειν,
1508 457 1588 508 καὶ
1621 452 1860 537 τούτους,
1879 450 1967 514 οὓς
2001 459 2142 538 κοινῇ

198 531 373 592 πάντες
408 527 758 616 ὁμολογοῦμεν,
786 524 1018 615 Ἰγνάτιος
1053 524 1207 581 εἶπεν·
1241 525 1276 594 ἦ
1310 524 1494 593 φυσικὴ
1533 523 1804 608 διάγνωσις,
1843 520 1962 573 ὅταν
1995 515 2028 593 ᾗ
2058 543 2141 574 κα-

199 598 359 669 θαρὰ,
409 597 468 651 06
502 599 746 683 συγκρίνει
779 603 839 668 τῇ
876 594 1083 684 ἀληθεία
1115 595 1168 649 τὸ
1204 599 1416 663 ψεῦδος,
1465 600 1532 665 τῷ
1581 593 1720 677 φωτὶ
1750 589 1806 643 τὸ·
1842 589 2038 654 σκότος,
2073 597 2141 661 τῷ

198 675 366 755 γλυκεῖ
391 665 444 719 τὸ
480 666 670 752 πικρόν.
738 673 839 727 τοῖς
882 664 972 736 γὰρ
1007 671 1157 718 ταῦτα
1192 664 1257 733 μὴ
1294 648 1595 752 διακρίνόυσι
1630 658 1888 745 ἕπηρτηται
1921 657 1974 712 τὸ
2011 644 2139 712 ούαί.

197 743 270 800 τίς
287 735 376 825 γὰρ
394 734 708 804 συμφώνησις
732 739 926 805 Χριστῷ
942 733 1064 804 πρὸς
1085 738 1272 803 Βελίαρ,
1292 733 1332 821 ἢ
1344 736 1416 795 τίς
1430 733 1561 801 μερὶς
1581 735 1734 800 πιστῷ
1753 726 1869 814 μετὰ
1895 726 2140 793 ἀπίστων,

198 812 270 869 τίς
307 807 358 858 δὲ
396 805 749 893 συγκατάθεσις
774 809 906 856 ναῶν
936 810 1060 857 θεοῦ
1097 805 1178 856 καὶ
1222 802 1463 866 εἰδώλοις,
1519 783 1757 884 Τραϊανός
1792 794 1946 850 εἶπεν·
1984 795 2141 850 ἀπλώ-

198 896 366 936 σαντες
400 874 551 926 αὐτοῦ
585 881 744 943 χεῖρας
776 870 985 940 πλήσατε
1014 871 1189 959 πυρός.
1230 872 1487 959 Ἰγνάτιος
1495 868 1648 923 εἶπεν·
1688 865 1796 921 οὔτε
1815 873 1914 955 πῦρ
1951 865 2005 919 τὸ
2021 889 2140 920 καυ-

198 943 388 1009 στικὸν,
430 942 544 1030 ,οὔτε
555 945 786 1030 θηρίων
803 941 1030 1006 ὀδόντες,
1085 940 1194 994 ούτε
1229 940 1522 1029 σκορπισμὸς
1557 938 1757 1001 ὀστέων,
1809 934 1868 988 06
1903 938 2139 1021 συγκοπαὶ

198 1020 365 1083 μελῶν,
397 1011 506 1065 οὔτε
544 1010 737 1079 ἀλεσμοὶ
770 1011 886 1064 όλου
922 1017 1008 1064 τοῦ
1044 1010 1286 1098 σωματος,
1324 1010 1410 1077 οὐχ
1446 1011 1500 1060 αἱ
1531 1014 1618 1060 τοῦ
1656 981 1887 1073 διαβόλου
1922 1004 2142 1067 κολάσεις

198 1081 571 1167 μεταστήσουσίν
617 1103 674 1149 με
715 1102 816 1170 της..
827 1079 951 1149 πρὸς
987 1078 1111 1132 θεὸν
1146 1078 1357 1163 ἀγάπης.
1425 1075 1662 1164 Τραὶανὸς
1706 1075 1861 1129 εἶπεν·
1911 1074 2142 1164 πάπυρον

198 1155 341 1224 ἐλαίῳ
374 1151 622 1219 βάψαντες
670 1151 753 1203 καὶ
798 1151 1013 1236 ἅψαντες
1057 1147 1141 1209 τὰς
1184 1144 1393 1234 πλευρὰς
1442 1145 1592 1197 αὐτοῦ
1641 1147 1850 1211 φλέξατε.
1911 1142 2142 1232 Ἰγνάτιος

199 1208 354 1276 εἶπεν·
392 1224 551 1281 δοκεῖς
589 1240 686 1287 μοι,
723 1221 936 1286 βασιλεῦ,
972 1216 1180 1304 ἀγνοεῖν,
1216 1215 1291 1268 ότι
1327 1213 1353 1267 ὁ
1384 1212 1503 1276 θεὸς
1539 1215 1590 1266 ἐν
1626 1215 1734 1299 ἐμοί
1767 1216 1915 1276 ἔστιν,
1969 1213 2026 1275 ὃς
2059 1215 2142 1266 καὶ

198 1291 406 1358 δύναμίν
423 1311 505 1356 μοι
541 1290 814 1356 ἕπιχορηγεῖ
842 1289 926 1339 καὶ
945 1284 1152 1370 στεῤῥάν
1181 1291 1316 1337 ποιεῖ
1345 1305 1439 1351 μου
1474 1281 1564 1350 τὴν
1600 1280 1784 1358 ψυχήν·
1823 1280 1933 1334 οὔτε
1967 1281 2080 1368 γὰρ
2079 1281 2141 1334 ἂν

199 1359 303 1422 οἶός
337 1381 386 1412 τε
418 1380 549 1446 ημην
592 1358 780 1441 φέρειν
789 1374 878 1409 σου
913 1378 997 1417 τας
1027 1353 1285 1442 βασάνους.
1341 1352 1592 1441 Τραϊανὸς
1604 1349 1754 1404 εἶπεν·
1792 1349 2008 1435 σιδήριος
2022 1349 2142 1418 τάχα

196 1452 269 1492 τις
305 1426 351 1481 εἶ
379 1431 461 1480 καὶ
498 1424 828 1493 ἀπεσκληκώς·
876 1418 910 1492 ἧ
947 1424 1062 1514 γὰρ
1087 1423 1147 1476 ἀν
1181 1425 1426 1485 ένεδίδους
1460 1421 1631 1475 λοιπὸν
1665 1428 1767 1482 τοῖς
1801 1418 2026 1487 μώλοψιν
2061 1419 2142 1473 ἀλ-

197 1498 461 1570 γυνόμενος
496 1502 650 1549 θῦσαι
684 1501 784 1557 τοῖς
817 1501 969 1555 θεοῖς.
1010 1492 1240 1562 Ἰγνάτιος
1269 1490 1422 1545 εἶπεν·
1461 1490 1548 1559 οὐχ
1583 1513 1648 1553 ως
1682 1513 1747 1558 μη
1766 1489 2140 1578 αἰσθανομενος,

197 1573 418 1654 βασιλεῦ,
465 1572 561 1617 τῶν
594 1562 820 1632 βασάνων
869 1563 1001 1651 φέρω
1046 1565 1129 1615 καὶ
1162 1568 1374 1631 καρτερῶ
1408 1568 1581 1625 ταῦτα,
1631 1558 1735 1612 ἀλλ’
1791 1581 1856 1621 ως
1900 1565 1986 1627 τῆς
2019 1558 2144 1648 πρὸς

197 1635 320 1690 θεὸν
356 1635 547 1695 εὐνοίας
581 1635 739 1687 ἐλπίδι
770 1639 867 1685 τῶν
901 1631 1105 1702 ἀγαθῶν
1134 1631 1538 1699 ἐπικουφιζούσης
1568 1652 1663 1720 μου
1685 1629 1770 1690 τὰς
1788 1627 1994 1691 ὀδύνας·
2033 1628 2143 1682 οὔτε

196 1706 286 1795 γὰρ
321 1711 445 1792 πῦρ
455 1704 646 1770 φλέγον,
684 1699 793 1753 ούτε
813 1701 956 1787 ’ὕδωρ
991 1700 1240 1764 ἔπικλύζον
1275 1702 1440 1768 σβέσαι
1474 1701 1587 1754 ποτὲ
1624 1698 1878 1785 δυνήσεται
1909 1697 1998 1766 τὴν
2021 1696 2144 1786 πρὸς

197 1776 319 1827 θεὸν
352 1772 558 1859 ἀγάπην;
622 1768 860 1855 Τραὶανὸς
894 1768 1048 1822 εἶπεν·
1086 1771 1359 1859 ἐνέγκαντες
1392 1776 1491 1857 πῦρ
1527 1770 1610 1822 καὶ
1644 1767 1949 1830 άπλωσαντες
1984 1770 2052 1829 εἰς
2085 1765 2140 1819 τὸ

198 1846 379 1907 ε’δαφος
410 1839 498 1906 τὴν
533 1837 813 1907 ἀνθρακιὰν
848 1836 1052 1905 στήσατε
1087 1839 1163 1891 ἐπ’
1206 1837 1358 1905 αὐτην
1389 1837 1474 1891 τὸν
1502 1837 1748 1925 Ἰγνάτιον,
1777 1838 1860 1889 ἵνα
1880 1859 1962 1889 και
1987 1837 2143 1899 οὕτως

196 1917 378 1982 πεισθῆ
415 1908 534 1972 εἶξαι
569 1910 652 1960 καὶ
686 1913 843 1959 θῦσαι
875 1914 978 1969 τοῖς
1011 1915 1164 1970 θεοῖς.
1229 1906 1459 1977 Ἰγνάτιος
1495 1905 1645 1959 εἶπεν·
1683 1905 1736 1959 τὸ
1771 1905 2031 1959 καυστικὸν
2052 1909 2140 1959 τοῦ

195 1978 350 2048 πυρός
385 1996 473 2031 σου
510 1979 577 2038 εἰς
611 1975 884 2043 ύπόμνησίν
920 1997 977 2043 με
1019 1975 1123 2063 άγει
1159 1978 1346 2029 ἐκείνου
1381 1984 1468 2029 τοῦ
1504 1974 1660 2052 πυρὸς
1703 1977 1784 2028 καὶ
1822 1977 2024 2071 αἰωνίου
2059 1977 2142 2027 καὶ

196 2050 454 2117 ἀσβέστου,
503 2049 586 2099 καί
619 2067 695 2098 τοι
729 2045 1026 2115 πρόσκαιρον
1062 2044 1133 2098 όν.
1213 2046 1455 2142 Τραϊιανὸς
1491 2044 1643 2099 εἶπεν·
1699 2042 1834 2131 οἶμαι
1883 2043 1995 2097 ὅτιιο
2029 2065 2139 2114 γοη-

193 2123 322 2180 τείας
358 2119 467 2180 ἐστὶ,
507 2123 828 2184 καταφρονεῖν
859 2122 955 2167 τῶν
987 2115 1239 2191 βασάνων·
1278 2118 1327 2183 ’ἦ1
1331 2114 1528 2185 1γὰρ
1508 2114 1570 2167 οὶν
1605 2117 1751 2177 εἷ’ξαις
1781 2112 1918 2200 ἡμῖν
1933 2120 2142 2167 τοσαῦτα

194 2188 313 2276 παρ’
354 2186 492 2254 ημῶν
527 2187 782 2246 αἰκισθείς.
841 2183 1072 2253 Ἰγνάτιος
1107 2182 1261 2237 εἶπεν·
1295 2186 1347 2236 οἱ
1372 2188 1607 2252 δαίμονας
1642 2178 2053 2269 ἀποστρεφόμενοι
2075 2205 2142 2244 ως

195 2257 464 2317 ἀποστάτας
512 2261 637 2307 θεοῦ
669 2255 753 2306 καὶ
789 2256 963 2306 εἴδωλα
1005 2253 1379 2322 βδελυσσόμενοι
1425 2261 1530 2316 πῶς
1571 2253 1635 2306 ἀν
1681 2251 1776 2306 εἶεν
1809 2252 2005 2338 γόητες,
2038 2253 2142 2305 εἰπέ

197 2348 291 2393 μοι.
327 2325 464 2391 ύμεῖς
498 2322 588 2409 γὰρ
624 2330 804 2390 μᾶλλον
836 2329 985 2375 ταῦτα
1020 2325 1069 2376 οἱ
1102 2323 1352 2409 σεβόμενοι
1386 2331 1486 2386 τοῖς
1530 2321 1766 2385 τοιούτοις
1802 2320 2142 2390 ληρωδημασιν

195 2394 484 2446 ύπόκεισθε·
520 2391 639 2459 ημῖν
673 2392 724 2442 δὲ
756 2393 1149 2459 νενομοθέτηται,
1186 2391 1474 2482 φαρμάκους
1504 2391 1573 2479 μὴ
1595 2395 1680 2444 έᾶν
1710 2398 1809 2460 ζῆν,
1836 2391 1958 2459 μηδε
1980 2394 2139 2444 ἔπαοι-

197 2462 335 2524 δοὺς,
391 2462 509 2528 μηδε
538 2461 984 2527 κληδονιζομένους,
1032 2460 1151 2513 ἀλλὰ
1197 2464 1279 2514 καὶ
1321 2469 1418 2514 τῶν
1464 2461 1523 2514 τὰ
1568 2464 1792 2549 περίεργα
1835 2460 2140 2548 πραττόντων

195 2531 278 2593 τὰς
312 2534 511 2598 βίβλους
543 2532 822 2580 κατακαίειν
855 2528 1097 2596 εἰώθαμεν
1133 2552 1198 2591 ως
1229 2530 1550 2598 ἀπορρήτους.
1589 2529 1775 2582 οὐκοῦν
1796 2528 1888 2581 οὐκ
1890 2527 2004 2615 ἐγώ
2018 2526 2140 2616 γόης

197 2598 300 2653 ἀλλ’
340 2599 476 2666 ὑμεῖς
510 2603 894 2685 προσκυνοῦντες
927 2606 1028 2659 τοῖς
1062 2601 1298 2686 δαίμοσιν.
1357 2596 1596 2668 Τραιανός
1632 2596 1787 2650 εἶπεν·
1823 2595 1936 2659 τοὺς
1970 2596 2156 2662 θεοὺς,

187 2668 400 2756 Ἰγνάτιε,
435 2667 683 2756 ἀπέκαμον
717 2668 786 2726 εἰς
807 2666 872 2726 σε,
906 2668 985 2718 καὶ
1020 2666 1192 2719 λοιπὸν
1223 2666 1406 2756 ἀπορῶ,
1440 2670 1605 2730 ποίαις
1632 2686 1872 2755 χρησομαι
1909 2665 2140 2732 βασάνοις

193 2737 315 2807 πρὸς
350 2736 404 2789 τὸ
441 2738 603 2788 πεῖσαί
638 2750 690 2787 σε
726 2732 845 2797 εἶξαι
876 2743 976 2797 τοῖς
1019 2739 1444 2804 προσταττομένοις
1478 2754 1567 2789 σοι.
1632 2735 1865 2823 Ἰγνάτιος
1883 2734 2039 2788 εἶπεν·
2071 2735 2138 2803 μὴ

194 2809 359 2874 κάμνε,
391 2809 608 2894 βασιλεῦ,
648 2802 751 2855 ἀλλ’
790 2825 822 2869 η
859 2806 979 2894 πυρὶ
1012 2808 1305 2873 παραδίδου,
1340 2805 1374 2873 ’ἦ
1411 2809 1539 2871 ξίφει
1570 2805 1720 2892 τέμνε,
1757 2804 1790 2873 ἢ
1825 2809 1972 2893 βυθῷ
2007 2806 2138 2892 ἒπίῤ-

196 2880 356 2963 ριπτε,
381 2898 413 2941 η
455 2875 672 2960 θηρίοις
690 2874 897 2937 ἐκδίδου,
935 2875 1017 2926 ι’να
1051 2881 1286 2947 πεισθῇς,
1325 2875 1401 2928 ότι
1429 2874 1611 2928 τούτων
1644 2872 1763 2942 ημῖν
1798 2859 1950 2927 οὐδὲν
1977 2873 2139 2927 δεινὸν

192 2944 274 2998 διὰ
307 2942 395 3011 τὴν
429 2940 552 3011 πρὸς
586 2940 711 2994 θεὸν
743 2940 948 3011 ἀγάπην.

328 3049 396 3094 111.
474 3036 714 3108 Τραϊανὸς
749 3034 906 3090 εἶπεν·
932 3040 1069 3126 Ητίνα
1096 3040 1265 3092 ἐλπίδα
1275 3038 1775 3128 ἐκδέχη,12Ἰγνάτιε,
1809 3035 1999 3101 τούτοις
2031 3038 2138 3091 ένα-

191 3108 519 3176 ποθνησκων,
573 3105 647 3168 οἷς
681 3105 877 3173 πάσχων
913 3104 1195 3196 ὑπομένεις,
1233 3107 1324 3160 οὐκ
1359 3093 1447 3175 ἔχω
1482 3109 1645 3196 λέγειν.
1708 3107 1942 3197 Ἰγνάτιος
1977 3105 2137 3160 εἶπεν

192 3181 244 3231 οἱ
274 3179 560 3265 ἀγνοοῦντες
593 3175 678 3228 τὸν
710 3175 846 3239 θεὸν,
883 3174 968 3227 τὸν
1006 3177 1084 3228 ἐπὶ
1119 3177 1312 3230 πάντων
1346 3177 1515 3247 κύριον
1548 3176 1687 3244 ἤμων
1708 3176 1900 3244 Ἰησοῦν
1923 3175 2136 3263 Χριστὸν

191 3248 418 3316 ἀγνοοῦσι
464 3245 547 3297 καὶ
591 3243 650 3297 τὰ
693 3242 1018 3311 ἦτοιμασμένα
1066 3243 1258 3335 ἀγαθὰ,
1308 3246 1432 3298 όθεν
1479 3247 1696 3298 ἐνταῦθα
1741 3247 2004 3333 λογίζονται
2047 3243 2136 3311 τὴν

190 3317 396 3403 ῦπαρξιν
432 3313 592 3366 αὐτῶν
628 3311 750 3366 εἶναι
786 3312 951 3400 μόνον
972 3336 1038 3376 ως
1072 3315 1154 3366 και
1185 3320 1281 3365 τῶν
1318 3313 1505 3400 ἀλόγων
1540 3313 1696 3376 ζώων·
1734 3313 1878 3365 οὐδὲν
1913 3313 1964 3364 δὲ
1988 3315 2135 3365 πλέον

190 3383 305 3472 μετὰ
339 3382 427 3450 τὴν
463 3383 662 3434 ἐνθένδε
709 3380 988 3451 ἀπαλλαγὴν
1039 3381 1397 3448 φαντάζονται.
1443 3381 1582 3449 ἡμεῖς
1631 3382 1683 3433 δέ
1730 3384 1780 3433 οἷ
1821 3380 2134 3451 γινώσκοντες

206 3490 212 3493 ”
273 3510 317 3560 9)
353 3507 436 3550 τὸν
466 3510 531 3548 θν
560 3504 642 3547 τὸν
681 3519 814 3551 πνων
844 3505 943 3559 (sic)
974 3505 1056 3546 Vat.
1255 3505 1344 3599 912)
1374 3502 1550 3560 ἐκδέχει
1581 3505 1663 3545 vat.
1695 3512 1737 3546 ut
1767 3519 1887 3558 supra
1923 3518 2132 3564 μεταμε-

280 3565 346 3613 10)
378 3560 522 3602 Addidi
551 3556 638 3602 ὅτι
1188 3559 1282 3612 ληθ
1284 3555 1397 3613 ήσει.

278 3618 348 3669 ll)
381 3617 406 3670 ἡ
437 3619 519 3658 vat.
