2340 3900
349 148 563 199 mmm
589 145 865 225 mtsmLA
897 146 969 194 An
1004 146 1428 197 PHILIPPENSES.
1477 147 1526 196 V.
1562 146 1630 195 Vl.
1666 145 1756 194 Vll.
1791 143 1902 194 vul.
2005 139 2107 194 269

291 318 342 363 V.
412 314 462 362 Si
497 312 619 361 enim
654 311 794 358 homo
830 326 979 373 purus
1016 320 1089 360 est
1122 314 1354 374 Dominus,
1392 331 1448 364 ex
1481 315 1630 363 anima
1673 320 1721 362 et
1750 327 1963 377 corpore,
2001 311 2110 374 quid

149 384 443 433 circumcidis
486 380 766 437 nativitatem
814 394 1105 431 communem
1149 391 1339 432 naturae
1387 384 1650 435 hominum?
1715 382 1860 441 Quid,
1897 390 2111 444 tanquam

144 468 328 516 parvam
361 451 555 514 gloriam
606 451 654 496 in
701 449 887 496 homine
924 450 1116 509 factam,
1177 454 1442 512 passionem
1478 453 1812 500 simulationem
1847 466 2010 510 vocas„
2042 455 2113 498 ει

143 529 336 569 mortem
378 518 584 567 mortalis
607 518 800 580 gloriam
822 519 1085 566 existimas?
1157 519 1203 566 Si
1241 522 1361 567 Deus
1398 529 1470 569 est
1508 517 1739 579 et¹homo‚
1777 522 1887 583 quid
1906 521 2110 583 iniquum

142 604 280 637 vocas
314 589 554 636 Dominum
579 580 799 649 gloriae,¹
834 587 961 635 illum
985 588 1199 637 videlicet
1220 584 1400 636 natura⁸
1421 590 1787 638 immutabilem?
1856 590 1973 648 Quid
2011 590 2111 638 sine

141 659 242 720 lege
290 658 408 705 dicis
455 657 798 720 legislatorem,
852 658 933 718 qui
979 672 1072 705 non
1109 660 1350 706 humanam
1399 661 1593 706 animam
1629 660 1821 707 habuit?
1892 650 2111 707 Verbum⁴

142 742 249 775 caro
285 727 455 775 l'actum
492 733 591 783 est,
637 725 838 774 Verbum
870 727 1035 782 homo,
1085 728 1167 775 sed
1203 741 1296 774 non
1343 728 1390 774 in
1427 729 1624 775 homine.
1698 729 1935 786 Quomodo
1972 729 2111 818 igitur

143 811 303 859 magus
340 803 413 844 est
445 789 562 853 ille?
598 795 678 857 qui
714 796 760 842 in
797 796 1028 858 principio
1066 811 1248 845 omnem
1284 796 1554 844 sensibilem
1590 804 1636 844 et
1654 797 1981 860 intelligibilem
2039 812 2114 845 ua·

145 874 292 913 turam
324 866 553 913 voluntate
587 864 737 912 Patris
772 867 1092 928 praeparavit?
1128 867 1221 929 qui,
1260 881 1363 913 cum
1407 873 1532 913 esset
1569 867 1614 913 in
1652 881 1800 925 carne,
1837 882 2015 915 omnem
2053 868 2115 914 in-

145 929 423 983 firmitatem*
460 941 598 996 atque
632 933 900 996 languorem
937 937 1144 983 curavit?

283 1053 355 1102 Vl.
426 1047 668 1110 Quomodo
703 1059 857 1100 autem
892 1067 985 1100 non
1023 1060 1096 1102 est
1126 1054 1245 1101 Deus
1282 1047 1405 1110 ille,¹
1453 1054 1532 1113 qui
1566 1060 1773 1101 mortuos
1810 1053 2110 1110 resuscitavit,

145 1122 335 1170 claudos
372 1123 558 1180 sanavit,
599 1121 813 1183 leprosos
850 1123 1094 1181 mundavit,
1131 1138 1295 1171 caecos
1336 1123 1615 1180 illuminavit,
1653 1122 1710 1171 de
1748 1125 1950 1186 quinque
1989 1123 2113 1185 pani·

142 1191 231 1239 bus
266 1199 315 1240 et
349 1191 531 1239 duobus
564 1190 771 1254 piscibus
806 1197 875 1239 tot
908 1193 1048 1241 millia
1098 1194 1334 1241 bominum
1372 1184 1638 1251 saturavit,²
1684 1207 1847 1255 aquam
1880 1195 1927 1240 in
1963 1193 2115 1239 vinum

146 1262 399 1319 convertit,
435 1267 656 1323 tuumque
693 1263 947 1310 exercitum
998 1261 1142 1310 verbo
1180 1268 1352 1309 tantum
1387 1262 1590 1324 fugavit?
1664 1262 1781 1320 Quid
1818 1276 1931 1324 ergo
1966 1262 2116 1323 pessi·

143 1345 242 1378 mas
281 1338 489 1379 naturam
524 1330 738 1392 Virginis,
774 1337 822 1379 et
849 1331 1055 1381 membra
1082 1333 1232 1394 turpia
1265 1333 1438 1379 vocas?
1475 1332 1591 1380 haec
1628 1332 1736 1380 olim
1756 1331 2116 1394 praeseminans,

146 1409 194 1448 et
228 1400 392 1448 nudari
426 1400 590 1448 iubens
627 1399 854 1448 masculos
892 1402 938 1449 in
977 1401 1097 1449 facie
1133 1402 1446 1459 faeminarum,
1485 1402 1704 1449 faeminas
1742 1414 1852 1448 vero
1903 1400 1948 1447 in
1986 1399 2115 1445 illici·

146 1478 241 1517 tum
277 1469 559 1518 desiderium
594 1470 918 1518 masculorum.
987 1471 1119 1519 Nunc
1158 1473 1311 1519 omnia
1345 1471 1428 1518 tibi
1467 1472 1618 1533 turpia
1654 1470 1879 1527 videntur,
1920 1477 1963 1516 et
1986 1468 2114 1530 pudi-

121 1541 248 1586 ’cum
284 1539 480 1601 teipsum
516 1539 644 1596 faciS,
680 1553 786 1587 cum
823 1547 873 1587 tu
903 1541 969 1588 sis
1005 1540 1326 1588 fornicationis
1348 1541 1554 1603 spiritus·
1626 1540 1832 1601 ignoraS,
1869 1539 1972 1600 quia
2008 1544 2117 1585 tunc

143 1607 199 1655 iit
232 1601 426 1670 aliquid⁸
463 1614 613 1671 turpe,
650 1608 835 1670 quando
872 1610 1031 1658 illicite
1067 1610 1347 1672 perficitur?
1421 1609 1662 1658 Caeterum
1685 1609 1826 1657 nichil
1860 1615 1994 1670 turpe
2031 1613 2115 1664 est,

147 1677 274 1739 quod
307 1678 410 1726 sine
444 1685 638 1741 peccato
675 1679 866 1741 geritur,
890 1680 1034 1728 nichil
1071 1695 1273 1744 pravum,
1311 1680 1394 1728 sed
1434 1681 1585 1728 omnia
1620 1679 1742 1727 bona
1776 1678 1933 1726 valde:
1971 1683 2017 1725 et
2051 1684 2115 1734 tu,

147 1760 242 1795 non
279 1747 456 1806 videns,
491 1749 716 1810 pessimas
753 1748 840 1796 ea?

279 1864 371 1912 Vll.
440 1865 680 1923 Quomodo
717 1879 901 1914 rursum
953 1881 1047 1914 nou
1085 1867 1166 1914 tihi
1214 1866 1397 1914 videtur
1443 1882 1547 1915 esse
1587 1868 1796 1915 Christus
1834 1880 1890 1914 ex
1925 1867 2114 1927 virgine,

148 1934 233 1983 sed
258 1934 348 1992 ille,
385 1935 465 1995 qui
500 1941 573 1983 est
606 1949 749 1997 super
766 1936 919 1983 omnia
942 1935 1077 1992 Deus,
1115 1936 1191 1983 ille
1218 1936 1398 1983 scilicet
1433 1938 1584 1983 omnia
1620 1937 1817 1998 potens?
1869 1935 1978 1993 Quis
2003 1950 2115 1997 ergo

146 2011 230 2062 est,
266 2004 347 2065 qui
382 2003 506 2051 bunc
538 2004 688 2061 misit,
729 2003 896 2061 dicit03
933 2006 1121 2065 quisve,
1160 2006 1237 2066 qui
1275 2005 1381 2051 huic
1420 2006 1703 2065 dominatur;
1739 2005 1808 2052 vel
1846 2005 1976 2052 euius
2016 2019 2115 2052 seu-

145 2074 314 2120 tentiae
348 2072 584 2120 subiectus
620 2072 717 2130 ruit,
753 2081 832 2120 aut
862 2075 994 2121 cuius
1032 2074 1180 2135 legem
1218 2073 1510 2136 adimplevit?
1584 2076 1650 2122 Tu
1688 2075 1781 2137 qui,
1820 2074 1989 2122 nullius
2013 2087 2116 2122 sen-

146 2142 332 2189 tentiam
368 2142 440 2189 vel
465 2148 742 2204 potestatem
765 2137 974 2200 haben⁸,¹
1005 2143 1232 2190 Christum
1258 2156 1448 2205 separas
1486 2158 1510 2190 a
1535 2146 1849 2205 generatione,
1890 2150 1937 2190 et
1960 2143 2113 2205 Legis·

147 2210 340 2259 latorem
377 2211 629 2273 ingenitum
665 2225 770 2259 esse
805 2214 1112 2275 pronuncias,
1149 2220 1196 2260 et
1229 2213 1356 2259 cruci
1395 2212 1579 2260 affixum
1615 2214 1755 2270 illum,
1795 2214 1873 2275 qui
1909 2219 1978 2260 est
2013 2214 2114 2260 sine

149 2281 393 2343 principio.
473 2279 610 2328 Cuius
661 2295 773 2343 ergo
819 2282 1047 2343 permissu
1095 2282 1185 2329 hoc
1234 2282 1399 2329 iactum
1450 2275 1559 2339 est‚²
1607 2297 1699 2330 non
1754 2283 1900 2330 habeo
1946 2283 2117 2330 dicere.

149 2347 251 2397 Non
287 2350 410 2397 enim
444 2363 519 2398 me
554 2349 725 2398 latuisti
762 2357 841 2397 tuo
878 2351 1069 2412 antiquo
1092 2350 1309 2408 consili03
1345 2365 1496 2412 neque
1518 2352 1698 2414 ignoro,
1724 2352 1939 2413 quoniam
1976 2365 2115 2399 curve

149 2424 198 2464 et
230 2417 407 2466 lubrice
441 2418 632 2467 incedis.
702 2419 770 2468 Tu
803 2427 954 2469 autem
989 2421 1202 2482 ignoras,
1256 2413 1381 2481 quis⁸
1417 2427 1488 2468 est
1538 2421 1617 2483 qui
1667 2428 1801 2470 natus
1872 2427 1968 2479 est,
2019 2414 2117 2483 qui⁴

151 2488 302 2535 omnia
338 2488 458 2536 scire
498 2494 543 2536 te
579 2486 731 2551 tingis.

281 2596 387 2645 vm.
457 2595 598 2648 Uulta
650 2601 772 2649 enim
822 2607 868 2649 te
921 2600 1090 2648 latent:
1137 2601 1371 2663 virginitas
1421 2601 1598 2650 scilicet
1647 2602 1834 2660 Mariae,
1885 2601 2115 2664 gloriosus

150 2673 334 2728 partus,
372 2667 429 2715 de
466 2669 596 2716 cuius
633 2683 831 2733 corpore
869 2670 987 2718 Deus
1023 2671 1280 2733 processit3
1328 2671 1457 2719 stella
1495 2672 1719 2730 orientis,
1757 2686 1872 2734 quae
1909 2673 2117 2735 apparuit

83 2749 92 2754 ·
148 2749 336 2784 munera
375 2736 630 2787 ferentibus
665 2739 833 2804 Uagia
867 2740 1139 2803 Archangeli
1178 2741 1387 2789 salutatio
1425 2742 1481 2789 ad
1518 2742 1749 2805 Virginem
1784 2742 1926 2799 sacta3
1973 2742 2115 2803 Virgi-

147 2805 219 2851 nis
266 2804 470 2867 gloriosa
504 2810 773 2872 muceptio,
819 2816 866 2857 et
901 2810 1203 2872 desponsatae
1240 2811 1417 2873 puellae
1456 2812 1756 2874 praedicatio,
1808 2818 1855 2859 et
1902 2811 1947 2857 in
1982 2818 2114 2858 utero

154 2871 349 2934 Virgini!
387 2875 626 2936 gatianus
661 2877 847 2926 iurantia
893 2880 1146 2941 praevisi03
1192 2881 1470 2943 Angelorum
1518 2882 1713 2944 hymnus
1751 2880 1940 2943 gloriam
1980 2892 2115 2942 agen·

238 3004 287 3060 2)
313 3010 534 3061 tuomst!
562 3009 608 3059 Β,
634 3010 966 3067 κηρυκίαῖθν
988 3012 1102 3053 Voss.
1160 3014 1212 3111 gi.
1234 3014 1373 3111 ξὸιιὴ.
1410 3014 1473 3066 11,
1507 3017 1546 3058 5.
1578 3015 1635 3057 10.
1671 3015 1710 3066 6,
1743 3016 1840 3068 9sq.
1873 3014 1913 3065 2,
1943 3014 1983 3057 9.
2017 3014 2112 3066 Luc.

1189 3100 1201 3121 ,
1292 3100 1302 3111 .

239 3118 338 3173 Cap.
368 3120 411 3161 V.
474 3119 516 3173 1)
542 3126 583 3162 et
613 3134 694 3164 on.
724 3121 819 3176 ch.
1245 3125 1292 3179 2)
1323 3126 1442 3170 Voce.
1474 3130 1520 3170 de
1551 3130 1723 3182 quinque
1752 3128 1923 3182 panibus
1954 3132 1991 3168 et
2014 3128 2115 3168 duo-

235 3175 281 3231 2)
312 3175 443 3218 icor.
472 3177 512 3226 2,
539 3177 582 3220 8.
1163 3184 1233 3222 bu
1273 3183 1450 3235 pincionis
1480 3190 1538 3227 tot
1565 3186 1693 3226 millia
1722 3186 1920 3226 horninum
1950 3189 2110 3226 satura-

232 3231 260 3274 3
312 3238 493 3275 aaaron
523 3233 608 3276 Pal.
1162 3239 1215 3279 vit
1251 3250 1332 3279 non
1363 3247 1496 3283 extant
1524 3241 1563 3282 in
1595 3241 1688 3293 lteg.

234 3289 260 3330 4
310 3289 465 3331 verbm
493 3291 598 3332 enisu
628 3291 714 3334 Pal.
744 3292 840 3345 Reg.
891 3291 1023 3335 Locus
1044 3298 1105 3334 eet
1247 3294 1293 3344 3)
1323 3295 1380 3336 ali
1410 3299 1489 3339 uod
1523 3297 1617 3350 Reg-

152 3343 208 3387 Ιο.
238 3345 276 3396 1,
308 3344 374 3410 id.
1249 3350 1346 3403 Cap.
1376 3309 1457 3395 Vn.
1519 3354 1559 3406 1)
1598 3355 1744 3397 habeas
1787 3353 1869 3396 Pal.
1934 3353 2113 3395 Subinde

233 3401 279 3454 5)
308 3407 384 3443 ute
414 3401 499 3444 Pal.
532 3403 628 3458 neg.
1162 3419 1325 3460 separat
1354 3408 1539 3451 ebriatum
1567 3410 1644 3450 inv.
1672 3411 1767 3463 Reg.
2069 3455 2073 3460 ,

183 3515 190 3522 .
235 3457 282 3510 6)
313 3459 539 3502 amimea
571 3465 609 3503 et
642 3462 915 3505 &intimem
951 3463 1102 3503 intelli·
1246 3465 1292 3514 2)
1323 3466 1434 3506 cuius
1469 3479 1560 3518 erqo
1600 3468 1836 3520 permissum
1865 3468 1936 3511 hoc
1966 3469 2115 3524 sactum

150 3514 306 3566 nubilem
331 3514 453 3583 neb,
1162 3534 1247 3562 ene
1279 3519 1362 3561 Pal.

234 3570 280 3623 7)
307 3572 572 3622 inmun
598 3585 747 3618 Μ
774 3575 853 3618 inv.
884 3576 978 3628 fleg.
1248 3576 1273 3618 3
1326 3578 1393 3629 qui
1424 3575 1507 3618 Pal.
1538 3578 1631 3631 neg.

234 3626 332 3682 Cap.
363 3627 424 3670 vt.
492 3629 536 3687 1)
562 3630 642 3675 iate
672 3630 757 3675 Pal.
777 3633 873 3687 Reg.
916 3632 1102 3675 Ceterum
1247 3577 1295 3688 ’λζ
1327 3635 1423 3688 quia
1451 3633 1535 3678 Pal.
