2340 3900
483 179 693 230 latum
725 179 999 228 EPISTOLA
1032 182 1104 228 Al)
1141 181 1503 231 TRALLIANOS.
1558 182 1629 230 IX.
1665 183 1715 230 X.
1750 182 1821 230 XI.
2035 181 2130 234 161

204 322 275 368 tx.
343 320 496 370 Nolite
527 321 697 367 audin
732 334 823 374 eos,
857 321 941 381 qus·
972 321 1074 367 sine
1110 321 1288 369 Christo
1323 324 1593 385 loquuntur.
1665 323 1879 371 Historia
1915 322 2097 371 Christi.

307 417 523 465 Obturate
558 417 698 479 igitur
732 431 867 464 aures
903 424 1092 473 vestras,
1131 431 1231 464 cum
1268 420 1398 466 vobis
1435 421 1660 482 quispiam
1681 420 1883 482 loquitur
1906 421 2005 468 sine
2029 419 2135 468 Iesu

169 488 374 543 Christo,
412 485 491 547 qui
527 499 582 532 ex
616 499 785 547 genere
820 486 1024 543 flavidis,
1063 486 1140 547 qui
1179 501 1234 552 ex
1267 487 1427 544 Maria,
1481 490 1559 550 qui
1594 503 1701 537 vere
1738 495 1869 537 natus
1906 495 2000 548 est,
2038 490 2134 538 edit

168 564 216 605 et
246 555 375 612 bibit,
411 568 518 602 vere
552 555 924 617 persecutionem
962 570 1126 618 passus
1163 563 1234 603 est
1267 557 1352 603 sub
1374 558 1533 605 Pontio
1559 559 1716 615 Pilato,
1755 573 1858 607 vere
1887 559 2131 607 crucifixus

166 633 213 674 et
258 631 466 673 mortuus
503 631 603 681 est,
650 625 910 672 videntibus
947 624 1228 671 coelestibus
1281 633 1329 672 et
1379 628 1678 675 terrestribus
1716 635 1762 675 et
1798 628 2136 688 subterraneis3

168 695 248 758 qni
279 700 327 742 et
354 707 464 741 vere
497 693 750 741 resurrexit
782 708 809 741 a
842 694 1051 751 mortuiS,
1088 695 1391 741 resuscitante
1428 696 1577 756 ipsum
1614 705 1743 759 patre
1779 698 1940 759 ipsiuS,
1978 711 2133 760 quem·

165 764 406 813 admodum
442 762 500 810 ad
533 763 635 810 eius
670 763 1011 811 similitudinem
1049 770 1095 811 et
1130 777 1231 821 nos,
1269 765 1312 811 ei
1348 764 1615 822 credenteS,
1653 774 1788 827 pater
1822 769 1923 815 eius
1959 769 2023 815 ita
2062 781 2132 816 re·

166 832 404 883 suscitabit
436 833 484 880 in
518 831 623 880 lesu
659 832 856 891 Christo,
894 833 993 881 sine
1030 847 1123 895 quo
1160 847 1312 881 veram
1349 834 1482 880 vitam
1518 849 1609 881 non
1649 835 1883 884 habemus.

300 953 326 979 *
349 958 422 1006 tx.
493 957 816 1006 Obsurdescite
852 959 1006 1020 igitur,
1044 973 1147 1007 cum
1186 960 1290 1022 quis
1325 960 1454 1007 vobis
1493 961 1591 1007 sine
1628 960 1731 1007 Iesu
1767 962 1948 1010 Christo
1985 963 2130 1025 loqui·

166 1038 263 1087 tur,
307 1030 387 1091 qui
433 1028 491 1075 de
546 1042 718 1090 genere
767 1028 906 1076 David
952 1043 1009 1077 ex
1042 1029 1181 1076 Maria
1216 1043 1321 1077 vere
1356 1037 1489 1077 natus
1527 1036 1628 1086 est,
1664 1037 1710 1077 et
1754 1033 2041 1080 manducavit
2076 1047 2130 1080 ac

164 1098 303 1157 bibit,
337 1099 416 1161 qui
452 1111 556 1145 vere
590 1099 964 1159 persecutionem
1000 1114 1165 1161 passus
1201 1099 1287 1147 sub
1324 1100 1486 1147 Pontio
1523 1099 1696 1158 Pilato,
1741 1115 1847 1148 vere
1886 1102 2131 1150 crucifixus

163 1176 212 1216 et
256 1174 462 1216 mortuus
506 1173 602 1225 est,
651 1168 911 1215 videntibus
958 1168 1239 1216 coelestibus
1286 1176 1333 1216 et
1378 1169 1678 1217 terrestribus
1732 1177 1779 1217 et
1814 1171 2000 1229 inferis3
2050 1173 2129 1233 qui

163 1238 296 1286 etiam
327 1251 433 1285 vere
469 1237 772 1284 resuscitatus
807 1244 880 1284 est
914 1252 940 1284 a
975 1239 1196 1296 mortuis,
1234 1240 1459 1286 excitante
1506 1239 1633 1285 illum
1671 1239 1803 1286 Patre
1849 1242 1947 1287 eius
2008 1242 2130 1288 iuxta

164 1307 526 1365 similitudinem,
565 1306 690 1369 quod
725 1313 772 1354 et
816 1321 903 1354 nos
940 1308 1182 1356 credentes
1219 1309 1307 1370 ipsi
1344 1309 1507 1356 eodem
1559 1309 1698 1356 modo
1747 1310 1960 1357 excitabit
1995 1309 2130 1357 Pater

163 1379 262 1425 eius
295 1378 342 1426 in
377 1376 558 1424 Christo
594 1377 730 1431 Iesu,
768 1377 868 1424 sine
904 1392 996 1439 quo
1034 1393 1186 1426 veram
1224 1379 1357 1426 vitam
1394 1393 1486 1426 non
1523 1378 1758 1426 hahemus.

278 1530 331 1578 X.
398 1530 451 1580 S
481 1530 692 1580 christan
728 1546 825 1580 non
855 1547 964 1580 vere
989 1548 1167 1596 passus
1205 1540 1284 1589 est,
1320 1535 1502 1596 frustra
1535 1548 1618 1596 eqo
1653 1535 1846 1582 vincula
1880 1535 1997 1596 sero.

299 1643 350 1692 Si
380 1656 507 1700 vero,
539 1650 593 1691 ut
622 1642 808 1706 quidam
842 1645 978 1703 athei,
1015 1645 1107 1694 hoc
1144 1653 1217 1694 est
1252 1645 1490 1704 infideleS,
1542 1647 1694 1704 aiunt,
1733 1661 1836 1693 eum
1872 1646 2127 1694 secundum

161 1713 470 1777 apparentiam
499 1727 605 1761 esse
639 1727 854 1776 passum,
890 1715 979 1777 ipsi
1015 1717 1269 1764 secundum
1306 1718 1617 1779 apparentiam
1654 1723 1825 1763 tantum
1862 1716 2124 1774 existente8‚

161 1783 219 1831 ad
262 1783 375 1846 quid
408 1796 496 1845 ego
526 1783 703 1831 vinctus
749 1798 874 1842 sum,
926 1799 1010 1833 cur
1057 1793 1166 1848 opto
1214 1801 1317 1834 cum
1363 1786 1523 1834 bestiis
1575 1787 1870 1849 depugnare?
1939 1785 2128 1834 Frustra

160 1855 313 1916 itaque
345 1853 535 1902 morior.
601 1853 763 1902 Nonne
794 1868 881 1917 ego
918 1854 1031 1903 falsa
1067 1857 1124 1904 de
1162 1857 1354 1904 Domino
1391 1856 1592 1918 loquor?

300 1994 324 2021 ‘
349 1998 401 2047 Χ.
470 1998 553 2048 Sin
596 2006 777 2058 autem,
828 2007 880 2048 ut
915 1999 1098 2063 quidam
1133 2002 1281 2060 athei,
1319 2003 1409 2050 boc
1448 2009 1520 2049 est
1555 2002 1802 2057 increduli,
1841 2002 1986 2059 aiunt,
2025 2002 2125 2064 ipse

163 2070 380 2133 opinione
414 2077 587 2118 tantmn
606 2084 771 2132 passus
796 2078 882 2127 est,
922 2085 1026 2117 cum
1052 2071 1139 2133 ipsi
1174 2086 1299 2119 mera
1337 2073 1429 2119 sint
1463 2072 1633 2133 opinio,
1672 2085 1759 2133 ego
1799 2072 1908 2131 quid
1946 2072 2122 2119 vinctus

162 2140 293 2186 sum?
360 2139 477 2197 Quid
525 2147 660 2202 opto,
714 2139 825 2188 feris
877 2139 1050 2189 obiici?
1114 2141 1303 2189 Frustra
1349 2142 1485 2204 igitur
1533 2141 1735 2188 morior?
1803 2140 1938 2188 Falso
1987 2142 2125 2203 igitur

162 2210 399 2258 Dominum
434 2209 669 2272 praedico.

508 2335 580 2384 xl.
630 2337 797 2399 Rapite
830 2336 1096 2397 mortiferas
1130 2336 1414 2384 Docetarum
1447 2337 1776 2398 plantationes,

300 2433 460 2496 Fugite
489 2448 603 2497 ergo
640 2433 780 2482 malas
816 2434 1120 2496 propagines,
1169 2448 1286 2495 quae
1339 2434 1532 2495 gignunt
1581 2434 1869 2481 mortiferum
1914 2433 2127 2492 fructum,

160 2517 296 2565 quem
333 2505 371 2551 si
410 2506 515 2566 quis
549 2504 754 2567 gustarit,
788 2505 940 2551 statim
975 2505 1184 2550 moritur.
1229 2503 1308 2550 Isti
1331 2504 1452 2550 enim
1478 2518 1570 2551 non
1592 2510 1698 2551 sunt
1719 2503 1935 2566 plantatio
1967 2503 2129 2551 Patris·

161 2573 209 2620 Si
244 2575 362 2621 enim
400 2580 583 2632 essent,
633 2581 906 2637 apparerent
938 2574 1096 2635 utique
1131 2573 1247 2621 rami
1283 2575 1463 2629 cruciS,
1511 2580 1557 2621 et
1593 2581 1720 2621 esset
1757 2573 1914 2634 utique
1951 2573 2128 2620 fructus

161 2643 340 2691 illorum
384 2642 760 2707 incorruptibilis.
811 2642 901 2691 Per
939 2643 1057 2690 hanc
1089 2657 1273 2691 crucem
1312 2643 1520 2691 Christus
1558 2644 1601 2691 in
1634 2643 1852 2706 passione
1875 2657 1958 2690 sua
1975 2643 2133 2690 invitat

162 2728 256 2771 vos,
294 2715 372 2775 qui
409 2714 522 2761 estis
557 2710 761 2762 memhra
796 2713 913 2761 eius.
966 2713 1065 2760 Non
1102 2721 1257 2775 potest
1293 2714 1431 2775 igitur
1469 2721 1606 2776 caput
1643 2727 1851 2761 scorsum
1875 2713 2001 2759 nasci
2030 2713 2130 2760 sine

162 2783 395 2841 mentm-is,
431 2784 649 2831 unionem
678 2784 971 2847 promittente
1005 2783 1114 2841 Dec,
1153 2784 1232 2845 qui
1266 2790 1338 2831 est
1374 2784 1487 2845 ipse.

302 2902 326 2929 ⁸
349 2908 423 2956 Xt.
494 2909 654 2973 Fugite
690 2922 803 2972 ergo
839 2908 983 2956 matos
1016 2908 1247 2967 stolones,
1299 2910 1377 2971 qui
1417 2910 1611 2956 fructum
1650 2909 1841 2969 gignunt
1877 2908 2128 2955 letiferum:

168 2990 305 3039 quem
340 2978 381 3026 si
416 2980 522 3041 quis
557 2980 832 3042 gustaverit,
882 2977 1032 3024 statim
1085 2980 1322 3027 morietur.
1394 2978 1447 3026 Hi
1486 2979 1606 3026 enim
1643 2991 1734 3024 non
1772 2984 1878 3024 sunt
1914 2976 2130 3040 plantatio

166 3046 329 3095 Patris.
399 3046 510 3095 Nam
545 3049 586 3095 si
621 3054 802 3106 essent,
843 3054 1117 3110 apparerent
1153 3049 1312 3111 utique
1348 3049 1461 3096 rami
1491 3048 1658 3105 crucis,
1697 3054 1914 3108 essetque
1954 3047 2129 3093 fructus

166 3130 325 3164 eorum
376 3114 753 3179 incorruptibilis.
824 3116 1046 3174 Quocirca
1092 3117 1137 3163 in
1187 3118 1402 3179 passione
1449 3132 1531 3165 sua
1578 3117 1736 3164 incitat
1769 3130 1875 3172 vos,
1928 3114 2128 3163 membra

167 3199 262 3233 sua.
333 3186 433 3233 Non
471 3192 626 3249 potest
659 3187 993 3248 utique’caput
1026 3185 1220 3233 seorsim
1256 3188 1380 3235 nasci
1434 3188 1533 3235 sine
1571 3186 1817 3243 membris,
1868 3199 1970 3232 cum
2009 3183 2129 3233 Deus

166 3257 381 3303 unionem
418 3257 667 3318 promittat,
703 3256 781 3318 qui
818 3261 889 3303 est
923 3255 1036 3318 ipse.

254 3447 301 3553 23
332 3447 414 3490 etr.
445 3449 582 3491 unuh.
617 3447 683 3498 15,
717 3446 780 3489 13.
1179 3446 1306 3487 Etiam
1337 3445 1376 3487 in
1409 3445 1558 3488 Codice
1590 3446 1619 3486 C
1650 3441 1722 3494 ὅς,
1763 3443 1802 3484 id
1836 3457 1884 3485 ue
1923 3444 1975 3486 ob
2005 3450 2129 3487 attra-

254 3504 281 3547 ³
329 3505 385 3546 lta
414 3504 501 3556 Hs„
538 3503 809 3547 testimonium
832 3501 1039 3544 doctrinae
1071 3502 1119 3542 dc·
1178 3502 1363 3543 ctionem.
1421 3504 1509 3545 Non
1554 3503 1603 3543 de
1636 3501 1766 3542 divina
1829 3500 1958 3543 'bristi
1988 3507 2128 3543 natura

172 3560 376 3602 divinitate
417 3559 566 3604 Christi
602 3560 805 3603 exbibens.
871 3559 954 3601 Vct.
993 3560 1119 3600 inter·
1178 3560 1328 3610 agitur,
1365 3559 1438 3601 sed
1474 3559 1523 3600 de
1554 3559 1702 3599 unione
1735 3556 1806 3598 Dei
1845 3557 1895 3599 ab
1925 3557 2015 3612 ipso
2045 3570 2126 3599 non

173 3628 288 3671 pres:
311 3617 627 3671 quoa-sednon
648 3623 725 3669 est,
742 3616 851 3671 quod
869 3629 957 3657 cum
976 3616 1119 3657 vossio
1179 3615 1446 3669 discrepante.
1506 3615 1719 3656 Fortasse:
1769 3609 1845 3663 ὠς.
1903 3612 1985 3656 cfr.
2025 3614 2128 3667 Eph.

172 3680 369 3716 mutemus
407 3648 455 3723 ὲ,
503 3673 565 3716 vei
609 3687 698 3716 cum
739 3673 943 3715 mamm«,
984 3669 1023 3725 ἣ.
1076 3673 1119 3713 ιι.
1179 3674 1217 3722 5,
1239 3674 1306 3714 30.
1338 3672 1467 3713 icor.
1496 3672 1536 3721 6,
1572 3672 1635 3714 15.

285 3744 441 3786 Pnsss
469 3754 609 3786 non.
1731 3740 1777 3783 11
