2340 3900
241 172 341 222 614
971 168 1192 215 HERMAE
1229 166 1463 214 PASTOR.

243 305 539 386 θαρισθῶσι,
575 295 680 349 τότε
717 293 1033 361 ἀποστήσεται
1067 293 1095 346 6
1135 293 1384 384 [ἄ]γγελος
1418 302 1506 364 τῆς
1553 297 1795 363 τιμωρίας.
1866 294 2011 383 Λέγω
2057 292 2191 379 αὐτῷ

245 368 411 435 Κύριε,
451 369 494 419 εἰ
524 367 698 419 ἐκεῖνοι
731 370 930 417 τοιαῦτα
966 361 1290 432 εἰργάσαντο’
1278 365 1358 416 ίνα
1369 370 1777 451 παραπικρανθῇ
1799 360 1827 414 6
1849 362 2079 431 Magos
2060 349 2193 432 ‹4ny-

244 445 341 499 λος,
378 438 424 487 τί
459 434 551 520 ἐγὼ
587 435 823 499 ἐποίησας
879 430 1084 495 ’Ἀλλως,
1121 434 1287 499 φησίν,
1327 431 1387 485 οὗ
1416 431 1694 499 [δ]ύνανται
1733 435 1908 485 ἐκεῖνοι
1946 435 2194 498 θλιβῆναι,

247 503 332 556 ἐὰν
367 503 455 590 μὴ
471 502 530 562 σὺ
564 501 598 568 ἡ
632 500 817 567 κεφαλὴ
853 507 940 553 τοῦ
977 503 1115 553 οἴκου
1150 504 1349 573 θλιβῇς·
1401 509 1490 555 σοῦ
1534 501 1625 572 γὰρ
1662 502 1958 568 θλιβομένου
1995 501 2043 563 ἐξ
2078 499 2196 552 ἀνά-

243 595 362 642 γκης
398 571 615 625 κάκεῖνοι
646 568 1009 653 θλιβήσονταιῶ
1047 569 1401 631 εὐσταθοῦντος
1437 571 1512 634 δ[ὲ
1550 577 1660 636 σοῦ]
1699 570 1930 636 οὐδεμίαν
1967 567 2198 623 δύνανται

244 644 426 706 θλίψιν
461 642 592 708 ἔχειν.
656 638 792 691 ”Αλλ
836 636 1036 702 ἰδού,φ
998 641 1138 705 φημί,
1177 637 1326 707 κύριε,
1358 639 1766 726 μετανενοήκασιν
1786 641 1834 702 ἐξ
1853 639 1970 705 όλης
1995 639 2198 726 καρδίας

247 710 421 763 αὐτῶν.
492 706 628 768 Οἶδα,
663 710 801 774 φησί,
838 706 971 776 κάγὼ
1006 706 1079 759 ότι
1114 707 1514 794 μετανενοήκασιν
1546 710 1594 771 ἐξ
1632 707 1747 775 όλης
1786 710 1987 775 καρδίας
2010 706 2193 759 αὐτῶν·

247 784 343 831 τῶν
379 772 468 831 οὗν
503 775 865 844 μετανοούντων
900 779 1058 838 δοκεῖς
1091 774 1177 838 τὰς
1211 776 1443 863 αμαρτίας
1479 776 1746 843 ἆφίεσθαι;
1822 776 1896 829 Οὐ
1932 782 2196 837 παντελῶς·

251 845 370 900 ἄλλα
406 850 481 900 δεῖ
513 845 597 898 τὸν
633 851 956 929 μετανοοῦντος
988 847 1248 911 βασανίσαι
1294 844 1383 912 τὴν
1435 846 1611 898 ἑαυτοῦ
1653 843 1818 933 ψυχὴν
1866 846 1950 898 καὶ
1981 865 2199 897 ταπεινο-

249 922 492 984 φρονῆσαι
528 916 580 967 ἐν
616 913 746 985 πάσῃ
780 912 980 999 πράξει
984 913 1135 966 αὐτοῦ
1172 917 1375 1000 ἰσχυρῶς
1409 916 1490 965 καὶ
1526 917 1761 999 θλιβῆναι
1795 912 1847 964 ἐν
1877 911 2053 975 πάσαις
2091 915 2196 968 θλί-

248 999 364 1050 ψεσι
399 987 663 1044 ποικίλαις·
711 984 791 1034 καὶ
828 981 912 1035 ἐὰν
948 980 1184 1070 ύπενέγκῃ
1224 981 1307 1044 τὰς
1342 985 1545 1046 θλίψεις
1579 1003 1666 1042 τας
1700 982 2014 1049 ἐπερχομένας
2049 981 2196 1069 αὐτῷ,

248 1073 441 1114 παντως
475 1050 941 1140 σπλαγχνισθήσεται
989 1049 1017 1103 6
1063 1052 1119 1103 τὰ
1167 1073 1325 1106 παντα
1371 1053 1536 1111 κτίσας
1582 1051 1664 1102 καὶ
1699 1051 2066 1116 ἐνδυναμοίσας,
2118 1051 2204 1106 καὶ

252 1122 389 1208 ι’σχύν
424 1143 530 1173 τινα
567 1119 710 1173 δώσει
746 1118 930 1181 αὐτοῖς·
970 1121 1053 1171 καὶ
1088 1127 1230 1172 τοῦτο
1265 1117 1457 1180 πάντως
1491 1124 1577 1170 τοῦ
1599 1124 1948 1208 μετανοοῦντος
1969 1125 2205 1183 καθαρως

253 1189 351 1243 ἀπὸ
387 1188 568 1251 παντὸς
601 1195 819 1257 πονηροῦ
865 1186 1156 1275 πραγματος.
1229 1189 1324 1250 Σοὶ
1370 1187 1421 1239 δὲ
1452 1188 1699 1256 συμφέρον
1735 1189 1831 1240 ἐστὶ
1866 1189 1949 1241 καὶ
1975 1195 2050 1284 τῷ
2085 1184 2207 1274 οἴκῳ

252 1278 339 1312 σου
374 1266 466 1311 νῦν
503 1259 748 1324 θλιβῆναι.
827 1261 885 1309 Τί
922 1257 974 1308 δέ
1010 1274 1087 1308 σοι
1121 1256 1275 1309 πολλὰ
1310 1257 1458 1342 λέγω,·
1530 1259 1765 1340 θλιβῆναί
1798 1273 1849 1309 σε
1886 1258 1996 1310 δεῖ*
2029 1255 2200 1318 καθὼς

251 1329 538 1417 προσέταξεν
574 1326 602 1379 6
637 1325 834 1396 αγγελος
867 1328 1043 1411 κυρίου
1079 1326 1278 1392 ἐκεῖνος,
1316 1323 1344 1377 6
1375 1324 1678 1410 παραδιδούς
1707 1343 1759 1378 σε
1782 1326 1910 1392 ἐμοί·
1948 1327 2031 1377 καὶ
2059 1332 2205 1379 τοῦτο

253 1398 515 1465 εὐχαρίστει
561 1401 627 1448 τῶ
680 1397 838 1481 κυρίῳ
882 1395 958 1447 ὅτι
1004 1392 1140 1457 αξιόν
1189 1413 1243 1446 σε
1290 1392 1505 1463 ἡγήσατο
1541 1401 1627 1447 τοῦ
1662 1396 1975 1482 προδηλωσαί
2007 1412 2086 1447 σοι
2101 1393 2208 1479 τὴν

254 1467 481 1531 θλίψιν,5
516 1466 598 1515 iva
633 1462 876 1552 προγνοὺς
912 1461 1066 1581 αὖτδην
1098 1462 1365 1548 ὖπενέγκῃς
1401 1465 1618 1530 ἰσχυρῶς.
1686 1464 1829 1550 Λέγω
1865 1462 1998 1534 αὐτῷ
2035 1461 2207 1552 Κύριε,

255 1532 316 1588 σὺ
351 1532 453 1599 μετ’
494 1533 613 1598 ἐμοῦ
648 1535 813 1618 γίνου,
868 1533 1015 1583 καὶδ
1018 1530 1256 1598 υνήσομαι
1292 1537 1455 1584 πᾶσαν
1490 1536 1669 1595 θλίψιν
1703 1531 1994 1601 ὑπενεγκεῖν.
2059 1531 2207 1620 Ἐγώ,

253 1605 420 1669 φησίν,
458 1603 626 1667 ἔσομαι
660 1599 776 1667 μετὰ
813 1606 917 1652 σοῦ.
964 1598 1224 1688 Ἐρωτήσω
1261 1601 1312 1652 δὲ
1347 1601 1429 1652 καὶ
1463 1599 1550 1652 τὸν
1585 1599 1785 1670 ἄγγελον
1819 1603 1905 1654 τὸν
1940 1599 2211 1687 τιμωρητὴν

253 1673 335 1722 ι’να
386 1688 436 1722 σε
490 1670 817 1755 ἐλαφροτέρως
854 1670 1039 1754 θλίψῃ·
1105 1668 1212 1720 ἀλλ’
1271 1668 1433 1736 ὀλίγον
1466 1668 1642 1737 χρόνον
1676 1668 1906 1741 θλιβήσῃ,
1946 1671 2031 1722 καὶ
2062 1668 2209 1723 πάλιν

257 1736 698 1826 ἇποκατασταθήσῃ
740 1740 807 1798 εἰς
842 1735 930 1787 τὸν
964 1736 1104 1789 οἶκόν
1139 1754 1257 1789 σου·
1296 1737 1447 1804 μόνον
1481 1759 1778 1825 παραμεινον
1813 1745 2208 1807 ταπεινοφρονῶν

255 1808 336 1858 καὶ
366 1811 653 1892 λειτουργῶν
670 1811 737 1875 τῷ
758 1807 911 1889 κυρίῳ
931 1805 982 1856 ἐν
1009 1803 1139 1876 πάσῃ
1159 1812 1358 1893 καθαρᾷ
1383 1809 1576 1876 καρδίᾳ,
1612 1808 1694 1859 καὶ
1717 1806 1776 1859 τὰ
1792 1808 1933 1862 τέκνα
1951 1809 2062 1859 σου6
2080 1808 2164 1860 και
2183 1807 2212 1860 6

257 1872 391 1935 οἶκός
427 1890 529 1935 σου,
568 1874 649 1925 καὶ
683 1857 902 1960 πορεύου
933 1875 985 1924 ἐν
1020 1881 1124 1934 ταῖς
1161 1875 1374 1935 ἐντολαῖς
1409 1877 1523 1939 μουἿ
1562 1871 1640 1935 αἶς
1675 1892 1751 1927 σοι
1773 1875 2057 1941 ἐντέλλομαι.
2111 1877 2212 1930 Καὶ

258 1941 515 2008 δυνήσεταί
561 1960 649 1994 σου
704 1964 735 2007 η
787 1939 1015 2008 μετάνοια
1052 1940 1222 2029 ἰσχυρα
1257 1944 1340 1995 καὶ
1374 1941 1572 2010 καθαρὰ
1606 1941 1758 1997 εἶναι·
1796 1944 1880 1998 καὶ
1915 1942 2002 2005 ἐὰν
2036 1943 2213 2010 ταύτας

258 2011 476 2099 φυλαξῃς
510 2009 625 2077 μετὰ
659 2016 746 2062 τοῦ
783 2011 923 2062 οἴκου
960 2028 1065 2074 σου,
1103 2009 1423 2095 ἀποστήσεται
1458 2017 1590 2064 πᾶσα
1621 2015 1798 2077 θλίψις
1832 2010 1929 2068 ἀπὸ
1965 2018 2078 2073 σοῦ·
2130 2013 2214 2073 καὶ

258 2079 355 2134 ἀπὸ
393 2079 589 2131 πάντων
625 2079 692 2142 δέ,
725 2081 889 2146 φ,ησίν
927 2078 1245 2147 ἀποστησεται
1279 2082 1474 2148 θλίψις,
1513 2080 1622 2133 όσοι
1658 2082 1710 2134 ἐν
1744 2089 1849 2144 ταῖς
1883 2082 2098 2145 ἐντολαῖς
2117 2104 2212 2150 μου

257 2148 451 2211 ταύταις
486 2153 810 2215 πορευθῶσιν.

399 2349 430 2394 1.
486 2338 695 2402 ’Ἑδειξέῑ
731 2360 812 2405 μοι
850 2339 979 2391 ἰτέαν
1015 2338 1251 2408 μεγαλην,
1288 2339 1620 2403 σκεπάζουσαν
1653 2345 1797 2395 πεδία
1833 2344 1914 2396 καὶ
1949 2341 2068 2412 ὅρη,
2132 2365 2210 2396 και

257 2406 356 2460 ὖπὸ
407 2408 495 2474 τὴν
543 2409 724 2473 σκέπην
767 2414 855 2473 τῆς
892 2409 1018 2469 ἰτέας
1064 2409 1242 2470 πάντες
1277 2409 1573 2475 ἐληλύθασιν
1608 2413 1659 2464 οἱ
1684 2413 1965 2479 κεκλημένοι
1997 2418 2064 2480 τῷ
2103 2411 2212 2464 ὀνό-

260 2498 380 2561 ματι
408 2478 595 2562 κυρίου.
669 2477 898 2542 Εἷστήκει
948 2477 1000 2528 δὲ
1034 2475 1228 2545 αγγελος
1275 2486 1362 2530 τοῦ
1409 2483 1585 2548 κυρίου
1637 2482 1832 2543 ἔνδοξος
1877 2483 1986 2533 λίαν
2019 2479 2215 2567 ὑψηλὸς

258 2542 390 2612 παρὰ
424 2543 514 2610 τὴν
552 2544 704 2608 ἰτέαν,
754 2545 1044 2611 δρέπανον’
1029 2547 1146 2610 ε’χων
1180 2546 1326 2613 μέγα,
1371 2549 1454 2599 καὶ
1500 2550 1668 2600 ἔκοπτε
1719 2549 1930 2610 κλάδους
1972 2547 2069 2602 ἀπὸ
2122 2556 2210 2615 τῆς

262 2614 401 2679 ἰτέας,
438 2614 520 2665 καὶ
557 2587 803 2664 ἐπεδίδου
815 2618 882 2682 τῷ
918 2618 1030 2696 λαῷ
1053 2620 1118 2680 τῷ
1155 2616 1488 2683 σκεπαζομένῳ
1518 2615 1614 2668 ὑπὸ
1650 2623 1737 2682 τῆς
1773 2618 1924 2677 ἰτέας·
1974 2615 2120 2684 μικρὰ
2156 2618 2208 2669 δὲ

259 2683 438 2766 ῥαβδία
482 2682 708 2732 ἐπεδίδου
743 2665 936 2741 αὐτοῖς,
993 2679 1104 2733 ωσεὶ
1137 2689 1365 2747 πηχυαῖα.
1439 2683 1583 2735 Μετὰ
1629 2684 1681 2735 δὲ
1713 2684 1767 2736 τὸ
1814 2706 2000 2745 παντας
2046 2688 2209 2751 λαβεῖν

258 2772 318 2801 τα
357 2752 533 2839 ῤἀβδία
569 2750 719 2814 ἔθηκε
754 2749 809 2800 τὸ
849 2750 1088 2816 δρέπανον
1121 2748 1150 2801 6
1187 2748 1408 2831 ἅγγελος,
1447 2753 1529 2803 καὶ
1562 2750 1615 2804 τὸ
1652 2753 1851 2838 δένδρον
1886 2755 2041 2806 ἐκεῖνο
2075 2753 2208 2822 ὑγιὲς

258 2841 323 2884 ην
373 2816 479 2869 οἷον
525 2839 607 2869 και
658 2816 886 2902 ἑωράκειν
944 2817 1078 2870 αὐτό.
1144 2816 1471 2902 Ἐθαύμαζον
1521 2821 1573 2872 δὲ
1599 2820 1700 2906 ἐγὼ
1735 2823 1787 2872 ἐν
1831 2823 2022 2892 ἐμαυτῷ
2057 2824 2206 2892 λέγων

262 2892 384 2948 Πῶς
418 2884 659 2938 τοσούτων
693 2884 882 2938 κλαδων
918 2887 1222 2975 κεκομμένων
1255 2884 1308 2940 τὸ
1346 2889 1546 2976 δένδρον
1557 2887 1714 2978 ’,ὑγιές
1749 2891 1875 2954 ἐστι;
1944 2893 2107 2976 Λέγει
2125 2913 2209 2958 μοι

259 2953 288 3007 6
323 2954 506 3021 ποιμήν
541 2953 636 3020 Μη
686 2954 904 3026 θαύμαζε
949 2957 992 3007 εἰ
1037 2955 1090 3007 τὸ
1138 2956 1337 3023 δένδρον
1389 2955 1519 3025 ὖγιὲς
1554 2958 1707 3024 ἔμεινε
1740 2958 1983 3012 τοσούτων
2018 2958 2208 3012 κλαδων

260 3025 526 3076 κοπέντων·
572 3021 664 3087 ἀφ’
718 3026 780 3089 ἧς
816 3024 897 3085 δέ,
932 3026 1087 3090 φησί,
1123 3024 1280 3076 πάντα
1315 3027 1454 3113 ἰ’δῃς,
1474 3027 1556 3078 καὶ
1593 3027 1930 3094 δηλωθνσεταί
1963 3046 2040 3080 σοι
2073 3027 2128 3081 τὸ
2163 3031 2210 3081 τί

260 3093 390 3146 ἐστιν
424 3091 452 3144 6
486 3090 705 3179 αγγελος
727 3093 756 3144 6
806 3092 1108 3153 ἐπιδεδωκὼς
1144 3099 1210 3164 τῷ
1257 3099 1357 3164 λαῷ
1404 3093 1489 3156 τὰς
1536 3094 1764 3163 ῥάβδους.
1838 3095 2001 3160 Παλιν
2016 3095 2206 3186 ἀπῄτει

205 3191 210 3195 -
260 3159 354 3213 ἀπ’
395 3160 581 3213 αὐτῶν·
630 3161 713 3211 καὶ
746 3159 918 3222 καθώς
954 3163 1149 3228 ε’λαβον,
1185 3160 1311 3215 ούτω
1346 3164 1427 3215 καὶ
1464 3165 1722 3217 ἐκαλοῦντο
1756 3163 1878 3232 πρὸς
1915 3162 2089 3229 αὐτόν,
2124 3187 2206 3219 και

346 3366 390 3417 3)
422 3365 754 3420 θλιβήσονται;
782 3370 835 3409 ita
867 3370 1004 3409 codex.
1055 3370 1126 3409 Ed.
1145 3383 1205 3422 pr,
1348 3372 1395 3417 6)
1430 3380 1536 3411 o‘ov:
1576 3383 1649 3422 per
1679 3383 1854 3410 errorem
1884 3372 1945 3411 ed.
1978 3385 2038 3424 pr.
2069 3386 2172 3428 μου.

259 3422 515 3474 ansteum.
1347 3426 1390 3475 7)
1421 3439 1535 3480 μου·
1567 3427 1606 3466 h.
1636 3426 1661 3464 l.
1696 3426 1785 3466 cod.
1814 3426 1915 3466 male
1947 3436 2041 3468 σου.

344 3479 389 3527 4)
418 3475 510 3518 δεῖς
560 3479 614 3519 ita
655 3490 822 3530 prorsus
854 3480 1003 3529 codex,
1053 3493 1132 3520 non
1164 3486 1207 3520 ut
1349 3441 1457 3520 Simu
1473 3481 1551 3519 VH.
1615 3479 1657 3531 1)
1693 3481 1849 3521 Initium
1891 3482 2008 3523 huius
2055 3483 2204 3523 Simili-

262 3531 324 3571 ed.
354 3544 415 3582 pr.
446 3530 587 3574 δοκεῖ.
1265 3532 1411 3573 tudinis
1443 3535 1552 3574 nulla
1581 3545 1624 3574 re
1655 3535 1854 3575 indicatur
1885 3537 1962 3578 nisi
1992 3538 2126 3578 littera
2148 3533 2204 3579 ”E

346 3586 388 3637 5)
420 3595 624 3630 accentum
655 3602 700 3630 ex
720 3590 810 3641 ipso
839 3590 927 3632 cod.
949 3590 1202 3641 sumpsimus.
1259 3589 1411 3640 primae
1442 3589 1552 3630 vocis
1581 3590 1731 3631 maiore
1765 3604 1811 3630 ac
1841 3592 1973 3635 rubra,

2337 3127 2340 3159 ....
2328 2869 2340 3112 .-.Amnnn
2336 2817 2340 2851 .„-.
2332 2738 2340 2802 ...Aa
2336 2720 2340 2726 .
