2340 3900
219 211 318 264 628
952 207 1184 254 HERMAE
1221 207 1448 255 PASTOR.

225 344 407 430 αὔριον,
447 342 536 400 ἕως
573 338 704 407 ὥραν
742 337 1003 406 δευτέραν,4
1040 334 1155 420 μετὰ
1189 343 1286 388 τῶν
1319 337 1593 405 παρθένων.
1667 333 1791 387 Εἶτα
1827 356 1990 423 παρην
2012 333 2040 387 6
2070 357 2175 388 ποι·

224 411 319 479 μὴν
354 411 435 462 καὶ
468 410 588 495 λέγει
621 414 727 467 ταῖς
760 407 1028 474 παρθένοις
1055 404 1151 472 Μή
1174 427 1282 457 τινα
1307 402 1438 477 αύτῷ
1453 405 1615 494 ῦβριν
1621 403 1938 494 πεποιῄκατε,
1970 402 2173 471 Ἐρώτα,

226 483 391 545 φασίν,
429 476 591 529 αὐτόν.
634 476 799 563 Λέγω
814 475 944 545 αὐτῷ
982 473 1152 543 Κύριε,
1191 460 1479 543 εύφρᾶνθην
1515 474 1615 539 μετ’
1658 474 1818 527 αὐτῶν
1854 476 2030 540 μείνας.
2101 475 2176 538 Τί,

226 551 391 615 φησίν,
431 548 741 612 ἔδείπνησας,
785 529 1095 629 Ἐδείπνησα,
1134 546 1277 611 φημί,
1312 544 1464 613 κύριε,
1505 543 1692 631 ῥήματα
1728 545 1900 612 κυρίου
1937 542 2054 609 ’ὅλην
2087 539 2178 610 τὴν

223 617 387 670 νύκτα.
461 620 651 678 Καλῶς,
690 615 855 680 φησίν,
893 612 1068 680 ε’λαβόν
1105 629 1183 677 σε,-
1233 615 1352 678 Ναί,
1389 616 1530 681 φημί,
1569 612 1716 701 κύριε.
1791 617 1918 675 Νῦν,
1959 613 2095 677 φησί,
2133 613 2179 663 τί

224 687 384 746 θέλεις
417 691 613 770 πρῶτον
644 681 876 751 ἀκοῦσαι,
952 680 1166 746 Καθώς,
1228 685 1386 779 5φημί,
1459 682 1622 768 κύριε,
1670 679 1754 734 απ’
1796 680 1946 750 ἆρχης
1981 682 2174 743 ἔδειξας.

216 755 413 824 Ἐρωτῶ
450 771 515 817 σε,
553 751 702 818 κύριε,
739 753 838 816 ι’να,
863 725 1044 813 καθὼς
1079 749 1140 803 ἄν
1176 753 1247 803 σε5
1284 728 1588 820 ἐπερωτήσω,
1639 751 1764 804 ούτω
1795 772 1877 818 μοι
1912 772 1994 802 και
2031 747 2175 816 δηλώ-

224 843 326 913 σῃς.
403 798 590 883 Καθὼς
608 819 817 906 βούλῃ,6
855 823 1030 888 φησίν,
1086 820 1212 874 ούτω
1247 837 1324 873 σοι
1358 822 1440 874 καὶ
1477 819 1708 885 ἐπιλύσω,
1760 821 1840 872 καὶ
1878 818 2023 872 οὐδὲν
2056 818 2179 880 όλως

223 892 497 961 ἀποκρύψω
532 889 629 942 ἀπὸ
669 896 771 943 σοῦ.

364 1024 453 1068 ΧΙΙ.
505 1020 727 1083 Πρῶτο-,ν
762 1015 909 1080 φημί,
946 1010 1157 1102 πάντων,
1194 1013 1343 1081 κύριε,
1383 1010 1526 1064 τοῦτό
1564 1032 1646 1078 μοι
1676 1010 1920 1096 δήλωσον.
1957 1008 2023 1061 Η
2012 1033 2180 1095 πετρα

229 1086 313 1138 καὶ
347 1084 380 1152 ἦ
416 1084 545 1151 πύλη
582 1085 655 1144 τίς
690 1085 844 1147 ἐστιν,
881 1079 946 1132 Ἡ
948 1083 1138 1168 πέτρα,
1176 1085 1341 1148 φησίν,
1380 1081 1502 1146 αῦτη
1539 1081 1620 1131 καὶ
1655 1078 1691 1146 ἦ
1725 1078 1852 1146 πύλη
1890 1077 1920 1131 6
1951 1075 2060 1140 υίὸς
2093 1086 2178 1131 τοῦ

225 1161 352 1207 θεοῦ
389 1155 498 1206 ἐστί.
547 1158 683 1214 Πῶς,
720 1154 862 1218 φημί,
899 1149 1062 1240 κύριε,
1086 1174 1117 1217 η
1155 1151 1304 1238 πέτρα
1338 1148 1519 1201 παλαιά
1555 1150 1696 1212 ἐστιν,
1732 1147 1835 1216 ἡδὲ
1850 1146 1977 1233 πύλη
2000 1146 2180 1214 πωνή,

212 1223 424 1287 ’Ἀκουε,
463 1224 612 1289 φησί,
652 1222 734 1272 καὶ
771 1220 930 1289 σύνιε,
970 1218 1177 1272 ἅσύνετε.
1262 1224 1304 1270 Ο
1339 1220 1430 1302 μὲν
1461 1214 1571 1279 υίὸς
1613 1224 1700 1270 τοῦ
1744 1223 1869 1270 θεοῦ
1902 1217 2061 1285 πάσης
2096 1223 2182 1284 τῆς

226 1296 421 1354 κτίσεως
458 1291 610 1343 αὐτοῦ
646 1266 1015 1377 προγενέστερός
1051 1290 1193 1351 ἔστιν,
1232 1287 1350 1340 ὥστε
1372 1285 1646 1373 σύμβουλον
1682 1283 1833 1340 αὐτὸν
1866 1287 2094 1375 γενέσθαι
2115 1291 2183 1357 τῷ

228 1364 373 1448 πατρὶ
410 1368 496 1428 τῆς
528 1361 742 1421 κτίσεως1
780 1357 956 1411 αὐτοῦ·
1011 1356 1092 1409 διὰ
1128 1363 1270 1410 τοῦτο
1306 1358 1387 1409 καὶ
1423 1355 1626 1418 παλαιός
1663 1358 1803 1410 ἔστιν.
1875 1355 1934 1407 Ἡ
1969 1355 2021 1408 δὲ
2051 1339 2181 1422 πύλη

229 1431 311 1483 διὰ
349 1433 395 1482 τί
430 1428 589 1496 καινή,
629 1430 770 1515 φημί,
808 1426 973 1497 κύριε,
1009 1427 1140 1491 ”Ὀτι,
1178 1429 1343 1513 φησίν,
1383 1425 1460 1479 ἐπ’
1502 1425 1710 1494 ἐσχάτων
1744 1432 1840 1479 τῶν
1861 1424 2065 1512 ἡμερῶν
2097 1430 2184 1492 τῆς

229 1502 500 1560 συντελείας
537 1499 748 1564 φανερὸς
785 1498 990 1585 ἐγένετο,
1042 1494 1124 1548 δια
1160 1503 1302 1548 τοῦτο
1340 1494 1483 1563 καινὴ
1522 1497 1704 1566 ἐγένετο
1741 1518 1773 1563 η
1806 1493 1957 1564 πύλη,
2009 1497 2091 1547 ἵνα
2137 1495 2188 1546 οἷ

229 1571 475 1635 μέλλοντες
514 1567 753 1629 σώζεσθαι
789 1565 856 1617 δι’
913 1564 1090 1650 αὐτῆς
1102 1568 1168 1626 εἰς
1214 1563 1304 1650 τὴν
1339 1568 1587 1649 βασιλείαν
1634 1565 1888 1618 εἰσελθωσι
1919 1569 2008 1616 τοῦ
2043 1569 2182 1616 θεοῦ.

228 1592 412 1701 Εἶδες,2
450 1638 617 1703 φησίν,
652 1632 767 1696 τοὺς
801 1637 978 1696 λίθους
1012 1631 1126 1695 τοὺς
1162 1631 1244 1685 δια
1279 1641 1366 1701 τῆς
1397 1632 1553 1700 πύλης
1587 1632 1959 1722 εἰσεληλυθότας
1995 1635 2062 1694 εἰς
2095 1629 2183 1699 τὴν

229 1704 493 1772 οἰκοδομὴν
528 1712 615 1756 τοῦ
649 1703 860 1789 πύργου,
898 1706 1013 1764 τοὺς
1048 1703 1100 1754 δὲ
1136 1700 1201 1769 μὴ
1239 1702 1539 1770 ἐληλυθότας
1583 1702 1727 1755 πάλιν
1763 1701 2184 1770 ἆποβεβλημένους

231 1779 300 1836 εἰς
336 1773 420 1826 τὸν
455 1777 582 1825 ἰ’διον
617 1772 795 1836 τόπον,
834 1770 1009 1834 Εἶδον,
1047 1774 1189 1838 φημί,
1227 1772 1378 1862 κύριε
1434 1772 1590 1837 Ούτω,
1629 1775 1794 1859 φησίν,
1834 1774 1900 1833 εἰς
1935 1773 2024 1856 τὴν
2048 1773 2182 1838 βασι-

235 1846 368 1896 λείαν
404 1849 491 1894 τοῦ
529 1847 654 1893 θεοῦ
693 1840 858 1902 οὐδεὶς
897 1840 1232 1908 εἰσελεύσεται,
1272 1844 1315 1892 εἰ
1346 1862 1411 1906 μη
1459 1840 1622 1907 λάβοι3
1671 1839 1724 1892 τὸ
1761 1840 1918 1906 ὄνομα
1951 1837 2004 1892 τὸ
2042 1839 2182 1924 ἅγιον

199 1910 396 1965 ἀύτοῦ.
462 1909 596 1962 Ἐὰν
631 1931 720 1979 γαρ
759 1911 826 1970 εἰς
860 1907 1004 1961 πόλιν
1039 1883 1255 1998 θελήσῃς
1289 1911 1522 1960 εἰσελθεῖν
1556 1906 1689 1974 τινά,
1746 1908 1946 1975 κάκείνη
1980 1906 2014 1974 ἡ
2047 1906 2185 1969 πόλις

230 1979 654 2069 περιτετειχισμένη
686 1976 885 2050 κύκλῳ,4
939 2000 1020 2031 και
1048 1980 1186 2063 μίαν
1222 1979 1333 2044 ε’χει5
1368 1975 1565 2050 πύλην,
1601 1976 1714 2045 μήτι
1750 1977 1959 2050 δυνήσῃθ
1998 1978 2065 2038 εἰς
2096 1977 2185 2044 τὴν

227 2050 370 2103 πόλιν
405 2051 592 2116 ἐκείνην
645 2034 880 2100 εἰσελθεῖν
923 2049 967 2099 εἰ
1000 2044 1066 2114 μὴ
1105 2043 1185 2099 δια
1221 2054 1308 2136 τῆς
1339 2046 1495 2114 πύλης
1507 2049 1591 2132 ἧς
1615 2048 1731 2114 ἕχει,-
1771 2052 1893 2108 Πῶς
1914 2044 2018 2134 γάρ,
2041 2048 2182 2113 φημί,

228 2119 381 2187 κύριε,
420 2118 618 2171 δύναται
656 2117 905 2201 γενέσθαι
917 2115 1096 2180 ἄλλως,
1147 2119 1216 2168 Εἰ
1240 2111 1330 2168 οὗν
1366 2119 1435 2178 εἰς
1469 2112 1558 2182 τὴν
1592 2115 1735 2169 πόλιν
1771 2114 1830 2169 06
1850 2116 2055 2202 δυνήση
2092 2117 2183 2167 εἰσ-

231 2196 392 2242 ελθεῖν
426 2191 468 2240 εἰ
498 2186 561 2273 μὴ
601 2190 683 2238 διὰ
718 2193 803 2254 τῆς
837 2184 993 2253 πύλης
1030 2185 1194 2252 αὐτῆς,
1233 2186 1374 2251 οὕτω,
1413 2187 1550 2252 φησί,
1588 2187 1671 2238 καὶ
1707 2187 1776 2248 εἰς
1814 2182 1902 2273 τὴν
1935 2169 2185 2273 βασιλείαν

228 2265 315 2311 τοῦ
352 2264 476 2310 θεοῦ
513 2255 665 2318 άλλως
701 2259 936 2309 εἰσελθεῖν
972 2255 1031 2307 06
1070 2255 1272 2307 δύναται
1307 2254 1572 2344 ἄνθρωπος
1607 2257 1651 2307 εἰ
1683 2253 1748 2322 μὴ
1771 2253 1853 2307 διὰ
1885 2260 1973 2307 τοῦ
2007 2252 2184 2321 ὄνόμα-
2192 2257 2194 2259 ’

229 2349 312 2390 τος
345 2334 432 2379 τοῦ
472 2329 581 2378 υἱοῦ
619 2324 770 2377 αὐτοῦ
818 2332 905 2377 τοῦ
940 2323 1255 2410 ηγαπημένου
1298 2323 1386 2377 ὑπ’
1443 2323 1609 2376 αὐτοῦ.
1684 2321 1854 2390 Εἶδες,
1905 2326 2050 2414 φησί,
2099 2323 2184 2375 τὸν

232 2396 371 2464 όχλον
405 2393 490 2448 τὸν
527 2397 878 2462 οἰκοδομοῦντα
913 2392 1000 2446 τὸν
1034 2393 1247 2463 πύργον,
1320 2391 1504 2469 Εἶδον,
1549 2395 1699 2461 φημ’ί,
1739 2392 1888 2463 κύριε.
1956 2367 2183 2456 Ἐκεῖνοι,

233 2468 366 2532 φησί,
403 2463 578 2525 πάντες
594 2463 802 2549 ἄγγελοι
838 2465 1025 2526 ε’νδοξοί
1061 2466 1163 2516 εἰσι.
1208 2461 1408 2525 Τούτοις
1437 2459 1527 2516 οῦν
1552 2467 1935 2548 περιτετείχισται
1957 2460 2184 2549 ὁκύριος.

232 2533 299 2585 Ἡ
329 2533 380 2584 δὲ
415 2532 543 2599 πύλη
581 2530 608 2583 6
643 2529 755 2615 υἱὸς
785 2539 869 2584 τοῦ
906 2538 1031 2584 θεοῦ
1066 2533 1216 2583 ἐστίν·
1289 2533 1410 2600 αῦτη
1439 2535 1546 2618 μία
1583 2531 1772 2594 εἴσοδός
1815 2534 1911 2584 ἔστι
1942 2529 2066 2600 πρὸς
2099 2529 2186 2583 τὸν

233 2602 414 2690 κύριον.
473 2600 662 2662 ’Ἄλλως
697 2603 786 2652 οὖν
824 2599 984 2662 οὐδεὶς
1021 2600 1330 2652 εἰσελεύσεται
1364 2599 1487 2685 πρὸς
1523 2597 1673 2652 αὐτὸν
1709 2604 1832 2687 εἰμη
1801 2598 1939 2668 ὴδιὰ
1961 2606 2048 2652 τοῦ
2071 2601 2184 2651 υἱοῦ

233 2670 401 2724 αὐτοῦ.
473 2667 634 2731 Εἶδες,
641 2672 806 2754 φησί,
844 2667 957 2730 τοὺς
986 2671 1040 2731 ἐξ
1075 2667 1256 2735 ἄνδρας
1287 2671 1369 2720 καὶ
1398 2667 1484 2721 τὸν
1519 2670 1665 2735 μέσον
1701 2668 1862 2721 αὐτῶν
1890 2669 2085 2731 ε’νδοξον
2103 2669 2186 2720 καὶ

233 2742 381 2810 μέγαν
418 2737 573 2803 ἄνδρα
607 2736 693 2791 τὸν
727 2744 1084 2807 περιπατοῦντα
1112 2759 1245 2812 παρα
1277 2738 1364 2790 τὸν
1398 2737 1606 2828 πύργον
1618 2740 1700 2790 καὶ
1735 2736 1847 2799 τοὺς
1870 2740 2045 2800 λίθους
2069 2736 2185 2791 ἄπο-

233 2810 579 2895 δοκιμασανταἿ
619 2811 672 2860 ἐκ
709 2815 796 2875 τῆς
830 2810 1119 2874 οἰκοδομῆς,
1158 2804 1327 2868 Εἶδον,
1367 2811 1508 2874 φημί,
1543 2805 1693 2875 κύριε.
1762 2805 1818 2859 Ο
1854 2808 2163 2893 εἰιδοξος,φη

234 2882 326 2945 σίν,
366 2876 488 2966 ἀνὴρ
527 2875 553 2928 6
589 2875 698 2938 υιὸς
732 2883 820 2929 τοῦ
856 2882 982 2929 θεοῦ
1018 2877 1134 2939 ἐστί,
1171 2875 1387 2929 κάκεῖνοι
1423 2879 1473 2928 οἵ
1499 2879 1554 2938 εξ
1589 2898 1636 2928 οι
1671 2878 1857 2939 ε’νδοξοι
1887 2874 2078 2965 ἄγγελοί
2096 2878 2187 2928 εἰσι

234 2925 365 3010 δεξιὰ
400 2949 482 2999 καὶ
518 2944 744 3013 εὐώνυμα
780 2951 1155 3031 συγκρατοῦντες
1191 2944 1354 2998 αὐτόν.
1401 2944 1619 3032 Τούτων,
1659 2948 1804 3013 φησί,
1841 2967 1938 2998 των
1952 2944 2186 3033 ἣαγγέλων

231 3023 327 3069 τῶν
365 3014 574 3078 ἐνδόξων
610 3015 770 3077 οὐδεις
809 3014 1120 3068 εἰσελεύσεται
1153 3013 1276 3099 πρὸς
1311 3014 1396 3080 τὸν
1430 3014 1554 3067 θεὸν
1591 3013 1700 3083 ἄτερ
1737 3014 1910 3067 αὐτου·
1950 3036 2007 3076 ος
2040 3036 2104 3067 αν
2128 3034 2183 3066 το

233 3085 387 3152 όνομα
422 3091 509 3137 τοῦ
545 3092 670 3137 θεοῦ
707 3083 772 3153 μὴ
792 3084 934 3158 λάβῃ,
972 3083 1063 3138 οὐκ
1091 3082 1402 3137 εἰσελεύσεται
1424 3087 1491 3147 εἰς
1514 3082 1603 3152 τὴν
1637 3085 1886 3151 βασιλείαν
1918 3090 2007 3136 τοῦ
2038 3089 2177 3137 θεοῦ.

321 3253 365 3304 4)
397 3251 480 3301 ἕως
512 3249 638 3308 ὥραν
668 3249 914 3311 δευτέοανε
954 3252 1011 3292 sic
1042 3265 1179 3304 apogl.
1323 3250 1368 3302 4)
1399 3257 1488 3291 ante
1519 3249 1668 3319 κύκλῳ
1699 3252 1792 3292 Sim.
1830 3251 1869 3291 in
1907 3251 2183 3292 recentissimo

322 3310 367 3361 5)
403 3320 474 3350 oe:
509 3321 646 3359 apogr.
678 3317 762 3349 σοι.
1240 3319 1377 3358 apogl.
1407 3307 1569 3371 scripsit
1602 3301 1669 3359 ἦν,
1707 3308 1812 3347 unde
1842 3307 1882 3346 in
1915 3308 1976 3347 ed.
2009 3320 2069 3358 pr.
2100 3307 2186 3346 edi-

318 3366 361 3416 6)
392 3377 529 3416 apogr.
560 3364 678 3414 plene
703 3364 895 3415 sc1iptum
928 3364 1065 3413 habet,
1098 3363 1187 3415 ipso
1247 3369 1327 3402 tum
1359 3369 1419 3402 est
1448 3377 1501 3419 η,
1547 3368 1586 3402 at
1627 3363 1723 3401 nihil
1766 3362 1962 3402 eiusmodi
1993 3363 2034 3402 in
2063 3362 2185 3402 veteri

236 3419 374 3460 codice
406 3426 450 3459 ut
478 3419 634 3459 videtur
652 3419 790 3459 invito.
1245 3430 1382 3468 apogr.
1414 3405 1522 3469 quod
1557 3418 1760 3467 sequimur
1787 3417 1979 3468 scriptum
2009 3424 2080 3458 est.

325 3475 419 3526 Cap.
442 3476 523 3514 XII.
579 3475 619 3526 1)
651 3487 788 3526 apogr.
808 3487 947 3514 rursus
967 3470 1183 3527 κτήσεως.
1329 3473 1375 3524 5)
1409 3471 1522 3525 ε’χειε
1554 3472 1611 3510 sie
1644 3485 1795 3523 apogr„
1824 3486 1904 3512 non
1937 3470 2029 3530 ἔχη.

237 3529 377 3569 Postea
410 3542 549 3580 apogr.
583 3528 690 3583 κενὴ
717 3543 792 3581 pro
822 3527 968 3583 καινὴ.
1324 3527 1368 3577 6)
1402 3515 1599 3583 δυνήσηε
1631 3527 1671 3566 in
1702 3539 1840 3578 apogr
1873 3537 1928 3581 ση
1959 3528 2185 3581 suprascri-

319 3585 362 3634 2)
395 3597 532 3635 apogr.
564 3583 702 3627 εἶδεν.
1236 3588 1346 3634 ptum
1378 3588 1449 3621 est.

318 3640 361 3692 3)
395 3635 547 3692 λάβοιε
581 3641 639 3680 sic
670 3653 808 3691 apogr.
1318 3635 1363 3690 7)
1395 3649 1533 3688 apogr.
1564 3634 2021 3694 ἀποδοκιμάσαντας.
