2340 3900
237 181 335 231 584
964 174 1188 219 HERMAE
1228 172 1453 219 PASTOR.

242 305 310 362 ὧν
354 305 590 371 ἑώρακας,·
649 303 962 370 Ἀποκριθεὶς
1007 300 1137 371 αὐτῷ
1184 302 1302 370 λέγω
1339 302 1514 370 Κύριε,
1559 307 1698 354 τοῦτο
1746 299 1897 385 μόνον
1944 303 2182 368 αἰτοῦμαι,

238 378 345 440 περὶ
379 380 473 424 τῶν
508 378 653 439 τριῶν
689 378 891 438 μορφῶν
922 376 1008 437 τῆς
1042 355 1362 438 πρεσβυτέρας
1405 373 1487 422 ι’να
1522 392 1604 438 μοι
1637 369 1668 437 ἦ
1720 368 2032 434 ἀποκάλυψις
2079 369 2182 423 ὅλο-

237 442 374 506 τελὴς
425 442 630 510 γένηται.
707 440 1022 527 Ἀποκριθείς
1080 460 1162 506 μοι
1209 439 1341 523 λέγει
1392 440 1551 507 Μέχρι
1595 442 1723 500 τίνος
1768 437 1990 490 ἀσύνετοί
2052 440 2182 503 ἔστες

238 511 341 563 ἀλλ’
385 512 437 560 αἱ
465 512 689 595 διψυχίαι
724 507 861 574 ὑμῶν
896 506 1158 568 ἀσυνέτους
1191 505 1318 572 ύμᾶς
1353 515 1552 560 ποιοῦσι
1586 510 1669 560 καὶ
1702 505 1755 559 τὸ
1811 505 1875 574 μὴ
1929 509 2058 595 ε’χειν
2095 506 2183 596 τὴν

237 582 462 666 καρδίαν
479 576 613 662 ὑμῶν
646 576 769 644 πρὸς
805 576 890 629 τὸν
922 575 1103 640 κύριον.
1168 574 1480 662 Ἀποκριθεὶς
1520 575 1650 628 αὐτῶ
1689 574 1834 628 πάλιν
1869 573 2006 629 εἶπον
2044 574 2177 628 Ἀ’λλ

238 647 334 701 ὑπὸ
374 653 483 709 σοῦ,
522 645 679 715 κύριε,
718 645 1050 714 ἀκριβέστερον
1083 643 1231 706 αὐτὰς
1267 643 1571 714 γνωσόμεθα.

377 779 445 823 ΧΙ.
498 768 707 831 ''Anon
754 771 899 854 φησί,
952 769 1060 836 περὶ
1108 774 1203 820 τῶν
1250 775 1394 853 τριῶν
1443 774 1645 835 μορφῶν
1682 761 1751 819 ῶν
1786 769 2030 834 ἐπιζητεῖς.
2111 775 2182 841 Τῇ

239 841 324 904 μὲν
372 837 534 927 πρώτῃ
552 837 746 925 ί,ἆράσει
787 835 868 888 διὰ
911 840 958 888 τί
999 837 1294 903 πρεσβυτέρα
1346 835 1497 902 ὤφθη
1558 854 1635 888 σοι
1685 837 1767 886 καὶ
1815 838 1893 887 ἐπὶ
1937 838 2184 905 καθέδρας

237 909 516 973 καθημένης
552 906 666 958 Ότι
701 904 753 957 τὸ
790 913 978 992 πνεῦμα
1011 905 1148 971 ὑμῶν
1182 905 1503 991 πρεσβύτερον
1552 906 1635 956 καὶ
1677 903 1774 969 ἠδη
1821 906 2182 972 μεμαρασμένον

235 978 319 1028 καὶ
363 974 427 1042 μὴ
476 978 582 1041 ἔχον
634 973 840 1041 δύναμιν
886 972 982 1026 ἀπὸ
1031 980 1127 1026 τῶν
1171 973 1414 1041 ἆμαρτιῶν
1461 972 1599 1038 ὑμῶν
1650 973 1732 1023 καὶ
1783 979 1880 1024 τῶν
1926 975 2182 1040 διψυχιῶν.

221 1045 411 1111 ’Ὠσπερ
445 1043 535 1112 γὰρ
573 1045 624 1095 οἷ
655 1043 962 1132 πρεσβύτεροι
983 1043 1161 1128 μηκέτι
1197 1044 1379 1138 ε’χΙοντες
1412 1043 1606 1101 ἐλπίδας
1630 1046 1716 1092 τοῦ
1738 1039 2008 1093 ἀνανεῶσαι
2039 1041 2183 1095 οὐδὲν

238 1113 351 1165 ἀλλο
387 1113 750 1178 προσδέχονται
765 1114 808 1163 εἰ
841 1110 907 1178 μὴ
944 1109 1032 1177 τὴν
1066 1114 1256 1177 κοίμην1
1295 1109 1470 1195 αὐτῶν,
1507 1109 1635 1161 οὕτω
1667 1110 1749 1160 καὶ
1782 1108 1918 1176 ὑμεῖς
1953 1109 2050 1163 ἀπὸ
2088 1118 2184 1165 τῶν

237 1187 476 1249 βιωτικῶν
509 1179 801 1249 πραγμάτων
818 1178 1199 1265 παραδεδώκατε
1237 1176 1437 1239 ἑαυτοὺς
1473 1180 1540 1238 εἰς
1577 1175 1663 1238 τὰς
1697 1177 1926 1264 ἀκηδίας,
1976 1182 2059 1232 καὶ
2094 1179 2186 1232 οὐκ

239 1253 525 1315 έπερρίψατε
562 1251 745 1301 ἑαυτῶν
779 1271 864 1309 τας
899 1251 1129 1315 μερίμνας
1165 1249 1243 1299 ἐπὶ
1277 1245 1362 1299 τὸν
1376 1245 1586 1332 κύριον·
1623 1245 1744 1298 ἀλλὰ
1765 1247 2082 1334 έθραύσθη’
2049 1255 2185 1315 υμῶν

237 1342 268 1385 η
308 1317 497 1370 διάνοια
531 1320 611 1369 καὶ
649 1316 982 1382 έπαλαιώθητε
1017 1324 1121 1377 ταῖς
1150 1315 1322 1377 λύπαις
1358 1313 1508 1381 ὑμῶν.
1582 1313 1682 1367 Διὰ
1714 1322 1855 1367 τοῦτο
1889 1309 1979 1368 οὖν
2015 1318 2067 1370 ἐν
2103 1340 2186 1370 κα-

240 1389 396 1456 θέδρα
431 1385 655 1452 ἐκάθητο.
697 1427 707 1438 .
733 1429 773 1439 ..
801 1387 835 1438 ,²
871 1383 1058 1451 ἤθελον
1093 1392 1299 1471 γνῶναι,
1336 1382 1486 1446 κύριε.
1542 1382 1657 1435 Ότι
1703 1390 1800 1446 πᾶς
1848 1383 2026 1438 ἀσθεν
2002 1409 2063 1452 ης
2108 1387 2184 1440 ἐπὶ

239 1458 484 1519 καθέδρας
519 1458 707 1516 καθίζει
743 1452 824 1505 δια
859 1452 946 1518 τὴν
983 1452 1243 1505 ἀσθένειαν
1276 1451 1452 1516 αὐτοῦ,
1489 1454 1571 1503 ι’να
1619 1460 1943 1541 συγκρατηθῆ
1969 1453 2004 1522 ἦ
2041 1453 2186 1509 ἀσθέ-

241 1544 344 1576 νεια
379 1530 465 1575 τοῦ
502 1521 718 1587 σώματος
755 1520 919 1573 αὐτοῦ.
993 1518 1167 1573 Εἶδον3
1205 1520 1289 1573 τὸν
1323 1520 1475 1572 τύπον
1511 1527 1598 1587 τῆς
1629 1519 1822 1588 πρώτης
1854 1521 2080 1592 ὁράσεως.

378 1653 469 1698 Xll.
546 1652 617 1717 Τῇ
654 1646 705 1696 δὲ
741 1646 937 1715 δευτέρα
974 1644 1134 1712 ὁράσει
1171 1642 1292 1706 εἶδες
1329 1643 1482 1711 αὐτὴν
1516 1644 1772 1710 ἑστηκυῖαν
1807 1647 1891 1698 καὶ
1920 1669 2009 1732 την
2060 1645 2185 1713 ὄψιν

237 1715 470 1798 νεωτέραν
504 1715 706 1779 ε’χουσαν
738 1717 818 1765 καὶ
857 1715 1142 1798 ἱλαρωτέραν
1175 1711 1307 1780 παρὰ
1340 1712 1393 1765 τὸ
1430 1713 1677 1801 πρότερον,
1715 1712 1802 1780 τὴν
1837 1715 1889 1768 δὲ
1915 1715 2068 1784 σάρκα
2103 1718 2185 1769 καὶ

237 1780 320 1842 τὰς
366 1784 524 1848 τρίχας
568 1783 904 1866 πρεσβυτέρας.
961 1780 1170 1843 ’'Anove‚
1217 1784 1366 1866 φησί,
1417 1783 1499 1833 καὶ
1543 1781 1720 1846 ταύτην
1771 1781 1858 1848 τὴν
1892 1783 2186 1871 παραβολήν.

223 1849 380 1901 ΓὈταν
412 1848 732 1933 πρεσβύτερός
768 1871 838 1909 τις
873 1847 1110 1936 ἀπελπίσῃ
1148 1848 1321 1900 ἑαυτὸν
1359 1848 1440 1900 διὰ
1475 1847 1563 1915 τὴν
1600 1848 1860 1902 ἀσθένειαν
1908 1852 2058 1904 αὐτοῦ
2103 1874 2185 1905 και

237 1915 324 1982 τὴν
358 1917 657 2005 πτωχότητα,
706 1916 849 1970 οὐδὲν
898 1918 1058 1984 ἕτερον
1100 1919 1405 1984 προσδέχεται
1452 1920 1495 1969 εἰ
1535 1916 1600 1982 μὴ
1638 1916 1726 1983 τὴν
1773 1917 1971 2010 ἐσχάτην
2003 1918 2188 1987 ημέραν

236 1992 323 2050 τῆς
360 1991 482 2053 ζωῆς
518 1985 694 2038 αὐτοῦ
734 1983 834 2038 εἶτα
867 1987 1097 2051 ἐξαίφνης
1131 1990 1427 2052 κατελείφθη
1464 1983 1595 2053 αὐτῷ
1627 1992 1827 2072 κλῆρος·
1863 1991 1944 2042 καὶ
1976 1988 2188 2052 ἀκούσας

237 2056 498 2136 ἐξηγέρθη,
536 2056 616 2106 καὶ
654 2076 911 2122 περιχαρης
943 2053 1199 2142 γενόμενος
1237 2053 1491 2107 ἐνεδύσατο
1523 2055 1612 2120 τὴν
1650 2053 1800 2121 ἰσχύν,
1835 2058 1916 2108 καὶ
1953 2057 2044 2110 οὐκ·
2078 2060 2187 2111 ἑπα-

236 2123 476 2186 νάκειται,
514 2123 614 2175 ἀλλ’
658 2124 838 2189 ἕστηκε1
873 2125 955 2175 καὶ
992 2122 1277 2175 ἀνανεοῦται
1313 2125 1465 2175 αὐτοῦ
1502 2121 1554 2174 τὸ
1585 2130 1775 2189 πνεῦμα
1801 2123 1853 2177 τὸ
1855 2124 1973 2214 ’,ἤδη
2001 2128 2188 2211 ἐφθαρ-

237 2193 379 2276 μένον
432 2190 528 2243 ἀπὸ
580 2198 676 2244 τῶν
721 2193 963 2259 προτέρων
1014 2191 1163 2244 αὐτοῦ
1208 2191 1527 2276 πραγμάτων,
1576 2193 1659 2244 καὶ
1707 2192 1797 2245 οὐκ
1851 2195 1918 2247 ε’τι
1953 2194 2187 2282 κάθηται,

237 2257 339 2312 ἀλλ’
393 2261 674 2348 ἀνδρίζεται.
751 2260 892 2312 Ούτω
947 2262 1028 2312 καὶ
1080 2258 1241 2328 ὑμεῖς,
1289 2260 1580 2321 ἀκούσαντες
1623 2260 1718 2348 τὴν
1772 2260 2086 2329 ἀποκαλυψιν
2127 2287 2189 2331 ην

235 2328 351 2394 ύμῖν
387 2327 415 2381 6
421 2329 613 2415 κύριος
649 2328 988 2395 ἀπεκάλυψεν,
1025 2329 1100 2382 ότι
1129 2329 1520 2417 εὐσπλαγχνίσθη
1557 2327 1636 2392 ἐφ’
1678 2328 1814 2396 ὑμῶν
1860 2334 1943 2385 καὶ
1989 2331 2188 2386 ἀνενεῶ-

238 2399 339 2448 σαι2
385 2396 437 2450 τὸ
485 2405 674 2463 πνεῦμα
717 2397 882 2462 ὑμῶν,
930 2399 1012 2449 καὶ
1049 2397 1298 2451 ἀπέθεσθε
1333 2397 1419 2460 τὰς
1455 2401 1693 2464 μαλακίας
1727 2397 1889 2465 ὑμῶν,
1927 2403 2010 2454 καὶ
2043 2420 2187 2490 προσ-

233 2471 389 2531 ἦλθεν
436 2464 550 2531 ὑμῖν
597 2466 845 2533 ἰσχυρότης
888 2466 971 2517 καὶ
1013 2467 1412 2552 ἔνεδυναμώθητε
1457 2467 1508 2518 ἐν
1540 2473 1599 2553 τῇ
1634 2471 1813 2536 πίστει,
1871 2472 1953 2522 καὶ
2005 2470 2122 2524 ι’δών
2158 2471 2189 2524 6

236 2533 403 2599 κύριος
454 2532 542 2600 τὴν
589 2537 948 2599 ἰσχυροποίησιν
978 2532 1133 2616 ὑμῶν
1181 2534 1349 2602 έχάρη·
1395 2557 1476 2588 και
1525 2519 1606 2585 διὰ
1659 2543 1799 2588 τοῦτο
1852 2540 1905 2590 έδ
1904 2543 2192 2626 ηλοποίησεν

235 2600 351 2668 ύμῖν
382 2600 471 2668 τὴν
503 2601 769 2691 ,οἰκοδομὴν
801 2608 888 2653 τοῦ
923 2599 1141 2669 πύργου·
1180 2607 1261 2654 καὶ
1298 2625 1430 2671 ετερα
1466 2602 1698 2668 δηλώσει,
1736 2603 1822 2656 ἐὰν
1857 2608 1906 2668 ἐξ
1954 2607 2071 2675 ὅλης
2105 2616 2192 2676 τῆς

236 2672 437 2734 καρδίας
472 2669 746 2738 εἰρηνεύητε
783 2671 832 2721 ἐν
872 2673 1072 2730 ἑαυτοῖς.

375 2800 487 2845 ΧΙΙΙ.
566 2799 638 2881 Τῇ
679 2793 732 2844 δὲ
778 2796 909 2865 τρίτη
956 2792 1120 2860 ὁράσει
1169 2791 1289 2855 εἶδες
1335 2793 1486 2860 αὐτὴν
1535 2798 1769 2882 νεωτέραν
1803 2800 1886 2851 καὶ
1921 2799 2075 2888 καλὴν
2109 2804 2192 2855 καὶ

237 2859 431 2945 ἷλαράν·
465 2883 531 2922 ως
560 2862 650 2929 γὰρ
687 2860 772 2913 έαν
807 2884 900 2913 τινι
931 2863 1234 2934 λυπουμένωι
1270 2865 1390 2935 ε’λθη
1427 2863 1593 2953 ἀγαθή
1629 2888 1702 2927 τις
1749 2866 1967 2936 ἀγγελία,
2004 2868 2191 2932 εὐθέως

236 2927 494 2981 ἐπελάθετο
545 2937 640 2983 τῶν
683 2931 927 3017 προτέρων
972 2938 1159 2995 λυπῶν,
1214 2933 1296 2984 καὶ
1344 2917 1487 2986 σῦδὲν
1533 2933 1644 2987 ἄλλο
1692 2938 1996 3005 προσδέχεται
2047 2942 2091 2991 εἰ
2123 2962 2188 3029 μη

234 2996 321 3063 τὴν
354 2996 576 3066 ἀγγελίαν
610 2999 673 3066 ἣν
708 2999 911 3066 ἤκουσε,
948 3001 1032 3052 καὶ
1063 3003 1432 3068 ἰσχυροποιεῖται
1484 3004 1591 3072 περὶ
1635 3011 1723 3056 τοῦ
1775 3008 1969 3059 nomo&
2017 3010 2084 3070 εἰς
2131 3009 2185 3062 τὸ

321 3205 414 3255 Cap.
444 3206 503 3246 XI.
566 3206 605 3256 1)
637 3209 827 3263 κοίεμην
859 3210 912 3249 ita
941 3223 1076 3261 apogr.
1101 3210 1175 3249 nisi
1235 3212 1343 3263 quod
1376 3213 1536 3252 hahet-
1515 3209 1703 3254 -εοὶσαι,
1747 3215 1804 3253 Ad
1832 3214 2028 3254 edendum
2060 3216 2185 3255 tradi-

236 3260 343 3310 quod
373 3261 506 3311 potius
539 3259 688 3318 κόιιην
716 3264 769 3302 ibi
804 3265 997 3316 scriptum
1029 3272 1100 3305 est.
1238 3267 1293 3306 (ht
1311 3268 1406 3307 S1m
1426 3267 1502 3308 ναι
1520 3266 1760 3310 ανετέωσε
1806 3269 1941 3309 Possis
1960 3269 2076 3309 etiam
2103 3273 2183 3312 τοῦ

319 3315 361 3365 2)
392 3316 429 3354 h.
460 3317 484 3355 l.
514 3331 652 3357 rursus
691 3326 859 3370 propter
888 3317 1178 3374 ὁιιοιοτέλευ-
1236 3320 1501 3364 ἀιάνεῶσαι
1534 3325 1744 3364 coniicere.

236 3381 315 3409 τον
346 3373 537 3412 nonnulla
569 3373 808 3414 exciderunt.
1319 3377 1671 3428 Cap.xm.1)
1715 3392 1851 3430 apogr.
1907 3379 2180 3443 λυπουμένη.

318 3425 360 3473 3)
392 3423 539 3468 εἶδονε
570 3428 621 3468 ita
655 3442 790 3479 apogr.
834 3431 1176 3481 Sim„utroct1us
1232 3433 1352 3470 Antea
1374 3433 1529 3472 videtul
1544 3432 1705 3487 ἱλαρὴν
1719 3434 1911 3485 scriptum
1941 3435 2077 3485 fuisse,
2108 3438 2180 3477 sed

237 3478 430 3528 adoletur,
463 3483 624 3533 solipsit
656 3482 759 3524 ἰδοὺ
792 3483 921 3538 ἔχεις.
1235 3500 1262 3524 α
1292 3498 1365 3536 pro
1398 3502 1422 3536 η
1451 3488 1582 3526 statim
1613 3495 1834 3528 correctum
1865 3497 1939 3529 ost.

318 3533 410 3583 (Ιιψ
442 3537 618 3589 x11.1)
652 3552 788 3590 apogr.
819 3540 993 3593 ἔστηκε
1316 3541 1358 3591 2)
1388 3541 1441 3580 ita
1469 3554 1511 3580 ex
1537 3554 1674 3592 apogr
1698 3546 1914 3584 eruendum
1937 3545 2106 3595 videtur,
2137 3546 2175 3586 in

317 3588 357 3637 ')
390 3590 464 3628 καὶ
497 3589 780 3635 ἀνανεώσαιε
826 3597 879 3636 ita
916 3609 1053 3647 apogr.
1099 3596 1173 3635 nisi
1232 3606 1309 3645 quo
1326 3601 1404 3634 est.
1418 3608 1535 3648 .,οι7τ
1559 3600 2048 3650 cumcompendioaddito
2066 3602 2175 3642 adn.
