2340 3900
773 845 1616 923 ΚΛΗΜΕΝΤΟΣ

897 1028 1351 1083 ΕΠΙΣΤΟΛΗ
1398 1030 1490 1082 B.1

227 1277 256 1324 Ῑ.
323 1279 570 1343 Magnifice
605 1274 669 1330 ἀειΙ
696 1285 896 1340 Christo,
935 1289 1015 1347 qui
1051 1290 1114 1335 ad
1149 1288 1342 1334 salutem
1380 1302 1461 1334 nos
1511 1287 1715 1339 vocavit,
1766 1285 2051 1331 sentiendum
2088 1290 2166 1331 est

356 1380 609 1450 Ἀδελφοὶ,
647 1385 799 1449 οὕτως
834 1391 910 1441 δεῖ
941 1388 1067 1456 ὑμᾶς
1103 1397 1300 1458 φρονεῖν
1344 1392 1452 1458 περὶ
1482 1388 1643 1456 Ἰησοῦ
1682 1392 1920 1474 Χριστοῦ,
1960 1409 2026 1450 ως
2058 1389 2168 1476 περὶ

232 1453 384 1515 Θεοῦ,
433 1475 500 1515 ως
544 1457 652 1524 περὶ
698 1460 884 1526 κριτοῦ2
933 1458 1118 1521 ζώντων
1165 1460 1248 1512 καὶ
1293 1466 1497 1529 νεκρῶν·
1538 1461 1621 1511 καὶ
1657 1456 1716 1510 οὗ
1753 1461 1831 1509 δεῖ
1858 1454 1988 1524 ἡμᾶς
2019 1456 2167 1524 μικρὰ

224 1528 424 1586 φρονεῖν
470 1525 578 1593 περὶ
622 1531 708 1592 τῆς
759 1530 1010 1596 σωτηρίας3
1066 1528 1229 1596 ἡμῶν·
1279 1530 1329 1581 ἐν
1377 1535 1443 1602 τῷ
1489 1527 1578 1599 γὰρ
1626 1534 1824 1617 φρονεῖν
1859 1525 1986 1594 ἡμᾶς
2017 1526 2168 1616 μικρὰ

222 1590 332 1658 περὶ
379 1590 530 1644 αὐτοῦ
578 1594 723 1662 μικροὶ
769 1598 850 1648 καὶ
897 1599 1141 1664 ἐλπίζομεν
1183 1602 1358 1665 λαβεῖν.
1411 1585 1529 1650 Καὶ
1582 1600 1632 1649 οἷ
1675 1595 1956 1660 ἀκούοντες,
2007 1595 2165 1667 ωσπερ

221 1662 451 1728 μικρῶν,
466 1662 844 1750 ἁμαρτάνομεν,
884 1665 974 1719 οὐκ
1011 1667 1212 1728 εἰδότες,
1251 1667 1409 1720 πόθεν
1447 1666 1740 1755 ἐκλήθημεν,
1776 1667 1858 1719 καὶ
1890 1663 1987 1718 ὖπὸ
2020 1669 2163 1756 τίνος,

221 1730 305 1780 καὶ
353 1733 421 1791 εἰς
466 1730 523 1784 ὃν
573 1731 745 1805 τόπον,
790 1736 871 1787 καὶ
921 1736 1013 1789 όσα
1046 1736 1299 1803 υπέμεινεν
1328 1736 1528 1826 Ἰησοῦς
1566 1735 1805 1827 ΧρΙἊιστὸς
1808 1742 1992 1788 παθεῖν
2027 1757 2166 1790 ενεκα

220 1796 371 1865 ἡμῶν.
457 1803 576 1853 Τίνα
623 1805 712 1855 οὖν
736 1802 898 1891 ἡμεῖς
951 1804 1082 1877 αὐτῷ
1136 1804 1353 1874 δώσομεν
1399 1805 1733 1874 ἀντιμισθίαν,
1771 1804 1805 1873 ἢ
1835 1807 1943 1858 τίνα
1977 1804 2167 1893 καρπὸν

221 1866 382 1935 αξιον,
422 1891 480 1922 ου
504 1869 644 1956 ημῖν
691 1871 836 1934 αὐτὸς
885 1860 1088 1939 ἔδωκεν,
1142 1856 1288 1928 Πόσα
1322 1876 1374 1928 δὲ
1409 1876 1538 1964 αὐτῷ
1592 1875 1846 1942 ὀφείλομεν
1879 1875 2009 1927 ‘'o'6wc5
2022 1899 2047 1963 3
2098 1874 2163 1928 Τὸ

220 1943 327 2001 φῶς
362 1937 450 2006 γὰρ
484 1937 602 2005 ημῖν
637 1942 908 2009 ἐχαρίσατο·
950 1966 1015 2004 ως
1051 1965 1206 2032 πατηρ
1240 1944 1381 2006 υἱοὺς
1414 1944 1543 2013 ημᾶς
1576 1943 1984 2032 προσηγόρευσεν·
2023 1943 2165 1998 ἀπολ-

217 2007 451 2072 λυμένους
485 2007 612 2080 ἡμᾶς
647 2011 834 2062 ἔσωσεν.
912 2017 1069 2065 Ποῖον
1105 2017 1193 2065 οὐν
1244 2020 1382 2065 αἰνον
1429 2015 1573 2085 αὐτῷ
1607 2013 1847 2081 δώσομεν,
1882 2013 1916 2080 ἢ
1963 2014 2163 2080 μισθὸν6

220 2075 527 2143 ἆντιμισθίας
565 2080 633 2129 ὡν
670 2078 928 2146 ε’λαβομενς
978 2083 1126 2167 πηροὶ
1160 2080 1295 2143 ὄντες
1329 2089 1387 2154 τῇ
1425 2086 1646 2153 διανοία,
1682 2089 2066 2171 προσκυνοῦντες
2099 2087 2166 2136 λί-

218 2153 373 2267 ’θουςο
377 2169 458 2198 και
494 2145 608 2209 ξύλα
657 2150 740 2201 καὶ
769 2148 944 2218 χρυσὸν
978 2153 1059 2203 καὶ
1097 2173 1306 2240 αργυρον
1342 2154 1422 2204 καὶ
1457 2136 1655 2220 χαλκὸν,
1694 2153 1806 2222 ἔργα
1861 2150 2162 2239 ἀνθρώπων·

218 2216 299 2267 καὶ
348 2219 530 2283 οβίος
574 2216 712 2284 ἡμῶν
758 2220 872 2280 όλος
919 2219 1031 2273 αλλο
1087 2220 1230 2274 ουδὲν
1264 2224 1352 2290 ἡν,
1390 2224 1433 2273 εἰ
1465 2221 1530 2290 μὴ
1566 2221 1794 2283 θανατος.
1860 2220 2166 2311 Ἀμαύρωσιν

219 2287 308 2336 οὐν
354 2288 695 2353 περικείμενοι,
734 2290 815 2341 καὶ
849 2288 1074 2378 τοιαύτης
1110 2289 1283 2358 ἀχλύος
1316 2292 1538 2361 γέμοντες
1571 2294 1622 2345 ἐν
1656 2298 1714 2364 τῇ
1750 2289 1940 2380 ὁράσει,
1978 2290 2191 2381 ἄνεβλέ-,

211 2367 404 2441 ψαμεν,
455 2354 750 2441 ἀποθέμενοι
796 2359 980 2422 ἐκεῖνο,
1030 2359 1058 2412 3
1102 2363 1440 2429 περικείμεθα,
1490 2363 1639 2429 νέφος
1672 2368 1731 2434 τῇ
1767 2360 1919 2414 αὐτοῦ
1941 2361 2163 2428 θελήσει.

211 2400 439 2489 Ἠλέησεν
484 2423 574 2508 γὰρ
622 2424 772 2493 ἡμᾶς,
816 2429 897 2479 καὶ
944 2431 1311 2498 σπλαγχνισθεὶς
1353 2432 1551 2496 ἔσωσεν,
1602 2429 1903 2498 θεασαμενος
1950 2433 2002 2484 ἐν
2045 2429 2164 2500 ἡμῖν

217 2499 399 2581 πολλην
434 2492 621 2579 πλάνην
658 2497 739 2547 καὶ
777 2494 1043 2562 ἀπώλειαν,
1079 2500 1161 2550 καὶ
1196 2502 1432 2566 μηδεμίαν
1469 2502 1636 2553 ἐλπίδα
1673 2502 1864 2568 ε’χοντας
1911 2504 2162 2589 σωτηρίας,

218 2564 262 2614 εἰ
308 2560 372 2628 μὴ
418 2560 507 2628 τὴν
526 2584 650 2649 παρ
712 2564 876 2617 αὐτοῦ.
940 2565 1213 2620 ἘκάλεσενἿ
1250 2567 1341 2637 γὰρ
1376 2567 1504 2635 ἡμᾶς
1541 2569 1631 2622 οὐκ
1666 2569 1832 2634 ὄντας,
1870 2571 1953 2623 καὶ
1986 2569 2161 2638 ἠθέλη-

469 2630 480 2650 ἱ

219 2647 300 2683 σεν
336 2632 388 2683 ἐκ
423 2653 487 2699 μη
524 2630 663 2695 όντος
696 2631 818 2686 εἶναι
852 2633 994 2702 ήμᾶς.

335 2765 389 2813 11.
462 2764 694 2822 Ecclesia,
726 2768 860 2826 prius
895 2769 1088 2824 sterilis,
1125 2770 1360 2815 vocatione
1396 2771 1598 2828 yentt'um
1634 2771 1748 2815 mire
1783 2771 2030 2829 foecunda

353 2851 731 2941 ,Εὐφρανθητιξ
789 2863 958 2943 στεῖρα,
1001 2854 1035 2923 ἦ
1072 2854 1130 2908 οὐ
1166 2859 1415 2908 τίκτουσα·
1454 2859 1602 2924 ῥῆξον
1636 2859 1718 2910 καὶ
1751 2857 1967 2925 βόησον,
2002 2856 2037 2926 ἦ
2069 2880 2162 2911 ουκ

218 2922 484 2976 ὠδίνουσα.
523 2922 597 2975 ότι
630 2900 781 2976 πολλὰ
815 2923 874 2976 τὰ
909 2926 1048 2977 τέκνα
1083 2931 1168 2993 τῆς
1202 2924 1406 3014 ἐρήμου,
1437 2933 1616 2991 μᾶλλον
1653 2925 1685 2995 ἢ
1721 2934 1807 2995 τῆς
1842 2925 2043 2994 ἐχούσης
2077 2925 2160 2980 τὸν

213 2991 398 3061 ανδραέ
455 2991 523 3044 ‘O
560 2990 713 3046 εἶπεν·
769 2993 1117 3060 ,εὐφράνθητι,
1155 3003 1339 3082 στεῖρα,
1371 3019 1402 3061 η
1441 2994 1499 3048 οὗ
1534 2999 1800 3059 τίκτουσα]
1836 2995 1964 3063 ημᾶς
2000 2994 2156 3050 εἶπεν

217 3071 376 3153 στεῖρα
409 3061 507 3149 γὰρ
535 3065 599 3128 ἠν
628 3086 660 3130 η
699 3065 920 3130 ἐκκλησία
954 3063 1093 3130 ημῶν
1127 3063 1222 3132 πρὸ
1258 3071 1345 3116 τοῦ
1383 3068 1596 3132 δοθῆναι
1617 3065 1754 3152 αὐτῇ
1791 3067 1946 3122 τέκνα,
2007 3065 2076 3118 O
2108 3066 2161 3118 δὲ

215 3129 372 3186 ειπεν·
431 3130 628 3199 ,βόησον
661 3131 697 3200 ἦ
732 3131 823 3185 οὐκ
876 3132 1163 3234 ὠδίνουσα,ι
1202 3140 1341 3186 τοῦτο
1377 3136 1524 3204 λέγει,
1577 3133 1661 3196 τὰς
1706 3134 1972 3204 προσευχὰς
2020 3133 2161 3203 ἡμῶν

303 3276 343 3327 1)
373 3275 480 3315 Alius
521 3274 640 3315 alium
680 3274 795 3314 huius
826 3274 1029 3326 Epistolae
1060 3275 1154 3314 titu-
1212 3275 1394 3329 τηρίας,
1434 3283 1475 3316 ut
1513 3275 1672 3324 Iudaei,
1714 3275 1878 3315 Messiae
1915 3287 2079 3325 legnum
2118 3276 2157 3314 in

217 3332 297 3371 lum
328 3332 375 3372 de
408 3345 480 3371 suo
504 3331 710 3381 evulgavit,
744 3342 831 3370 cum
852 3331 892 3369 in
915 3330 1061 3370 Codice
1084 3332 1152 3370 Ms
1212 3333 1325 3370 terris
1355 3332 1609 3371 somniantes.
1652 3331 1838 3370 Tortinus
1852 3331 2034 3370 emendat
2052 3331 2159 3387 περὶ

216 3394 318 3427 extet
372 3387 517 3427 nullus.
592 3386 763 3426 Primum
816 3392 946 3426 tamen
999 3399 1155 3426 versum
1213 3387 1292 3426 τοῦ
1339 3385 1539 3440 ἀρχηγοῦ
1595 3388 1675 3438 τῆς
1734 3388 1963 3450 σωτηρίας
2012 3384 2158 3450 ἡμῶν.

200 3440 412 3498 Ἀδελφοὶ
442 3439 587 3488 οὕτως
620 3439 699 3483 δεῖ
724 3438 846 3498 ὑμᾶς
875 3444 1068 3496 φρονεῖν
1105 3441 1154 3480 li-
1212 3441 1319 3480 Idem
1378 3443 1591 3482 arbitratur
1647 3441 1887 3481 Clementem
1937 3442 1977 3481 in
2027 3443 2156 3482 animo

214 3498 308 3538 teris
338 3499 510 3538 miniatis
541 3498 688 3537 ibidem
717 3498 839 3538 habes
872 3504 1082 3537 exaratum.
1212 3497 1397 3536 imbuisse
1426 3498 1664 3537 Ebionaeos.
1704 3498 1782 3537 Iac.

298 3554 341 3605 2)
372 3555 507 3594 loann.
550 3556 599 3604 5,
630 3554 696 3594 22.
726 3555 792 3594 27.
851 3554 932 3593 Aet.
982 3554 1055 3602 10,
1089 3553 1154 3593 42.
1295 3553 1339 3601 4)
1372 3554 1572 3593 Sententia
1604 3566 1683 3592 non
1715 3553 1898 3593 absoluta
1929 3565 2017 3593 esse
2045 3553 2157 3593 vide—

218 3609 281 3658 17,
313 3610 379 3650 31.
410 3611 442 3649 II
463 3610 561 3650 Tim.
593 3610 633 3659 4,
666 3610 700 3650 1.
1213 3614 1287 3657 tur,
1321 3621 1441 3659 quare
1471 3609 1548 3647 iam
1578 3610 1674 3657 Iun„
1707 3608 1859 3649 Colom.
1897 3615 1935 3649 et
1965 3609 2032 3649 alii
2059 3621 2158 3660 pro-

299 3665 342 3717 3)
377 3662 542 3721 Μικρὰ
571 3668 764 3721 φρονεῖν
810 3661 915 3722 περὶ
958 3664 1036 3717 τῆς
1067 3673 1159 3705 σω·
1215 3669 1435 3715 posuerunt
1471 3666 1564 3706 Καί
1592 3678 1661 3705 τοι
1691 3660 1934 3712 ἀκούοντες
1955 3662 2018 3712 ὡς
2051 3665 2157 3722 περὶ

2330 2427 2332 2431 ’
2326 2289 2340 2411 —A-n
2336 2265 2340 2275 -
2334 2230 2340 2243 .-
2330 2175 2340 2210 κ’*
