2340 3900
193 192 290 243 384
482 194 525 239 S.
562 191 873 239 POLYCARPI
909 193 1182 240 EPlSTOLA
1217 196 1284 241 AD
1321 196 1732 244 PHlLlPPENSES.
1779 196 1847 242 VI.

188 322 432 392 &Quincovf
469 319 755 388 ἀπεχόμενοι
783 320 942 388 πάσης
970 320 1131 390 ὀργης,

185 393 623 477 προσωποληψίας,
681 393 882 458 κρίσεως
930 389 1131 442 ἀδίκου·

185 460 398 548 μακρὰν
410 457 542 519 ὀντες
587 457 745 526 πάσης
792 462 1132 547 φιλαργυρίας·

185 528 249 597 μὴ
289 528 464 596 ταχέως
502 527 806 590 πιστεύοντες
839 529 961 581 κατά
979 547 1131 592 τινος·

183 598 248 665 μὴ
319 597 556 664 ἀπότομοι
611 598 663 649 ἐν
723 601 898 666 κρίσει,
957 597 1133 661 εἰδότες

183 669 257 720 ότι
294 666 467 728 πάντες
499 666 761 729 ὀφειλέται3
799 667 935 734 ἐσμὲν
981 667 1130 738 ἆμαρ-

182 740 299 798 τίας.
373 738 461 787 Εἰ4
488 742 578 788 οὐν
602 734 816 802 δεόμεθα
836 743 921 789 τοῦ
941 741 1128 828 κυρίου,

181 808 264 860 ι’να
297 804 415 873 ἡμῖν
450 806 568 895 ἀφῇ,
596 804 853 873 ὀφείλομεν
886 808 968 859 καὶ
994 829 1132 876 «ημεις

184 875 406 942 ἀφιέναι·
469 873 696 928 ἀπέναντι
748 874 858 964 γὰρ
895 882 992 929 τῶν
1042 883 1130 929 τοῦ

183 948 356 1035 κυρίου
392 945 474 996 καὶ
500 948 628 997 Θεοῦ
664 945 803 1012 ἐσμὲν
837 941 1127 1014 ὀφθαλμῶν,

184 1017 265 1067 καὶ
314 1013 531 1079 ,πάντας5
584 1016 660 1066 δεῖ
711 1021 1014 1084 παραστῆναι
1062 1021 1129 1086 τῷ

183 1083 360 1171 βήματι
394 1089 481 1136 τοῦ
502 1089 763 1180 6Χριστοῦ,
798 1085 880 1136 καὶ
929 1069 1130 1137 ἕκαστον

182 1152 301 1226 ὑπὲρ
326 1154 521 1206 εαυτοῦθ
544 1153 687 1223 λόγον
718 1155 919 1206 δοῦναι(
963 1153 1131 1214 Ούτως

183 1227 273 1276 οὐν
309 1222 641 1289 δουλεύσωμεν
677 1221 807 1294 αὐτῷ
830 1220 946 1288 μετὰ
967 1221 1129 1288 φόβου

182 1295 264 1347 καὶ
298 1291 456 1360 πάσης
494 1290 757 1360 ευλαβείας,
773 1277 957 1353 καθώς
973 1290 1132 1353 αὐτὸς

181 1365 469 1423 ἐνετείλατο,
507 1363 588 1414 καὶ
626 1363 676 1414 οἷ
719 1359 1132 1431 εὐαγγελισάμενοι

181 1431 326 1500 ημᾶςῖ
366 1430 639 1493 ἀπόστολοι,
676 1433 758 1482 καὶ
794 1433 844 1482 οἱ
866 1438 1130 1499 προφῆται,

185 1504 235 1554 οἷ
266 1499 652 1588 προκηρύξαντες
686 1498 775 1566 τὴν
821 1501 1006 1552 ελευσιν
1043 1506 1129 1553 τοῦ

183 1573 373 1657 κυρίου
392 1569 555 1655 ἡμῶν·
596 1570 795 1636 ζηλωται
831 1570 940 1636 περὶ
971 1567 1024 1622 τὸ
1048 1592 1132 1622 κα-

180 1639 288 1705 λὸν,
348 1637 631 1706 ἀπεχόμενοι
687 1640 802 1691 τῶν8
851 1637 1132 1692 σκανδάλων

182 1711 264 1762 καὶ
299 1715 395 1761 τῶν
439 1708 816 1794 ψευδαδέλφων
831 1709 914 1760 καὶ
947 1715 1044 1760 τῶν
1079 1710 1131 1761 ἐν

181 1778 447 1866 υποκρίσει
465 1777 732 1865 φερόντων9
770 1774 823 1828 τὸ
859 1775 1015 1845 ’ὄνομα
1044 1783 1130 1830 τοῦ

180 1850 368 1934 κυρίου,
406 1847 578 1907 οίτινες
612 1845 928 1898 ἀποπλανῶσι
959 1867 1131 1908 κενους

180 1915 490 1984 ἀνθρώπους.

1191 335 1408 379 stinentes
1458 336 1511 380 ab
1558 335 1674 380 omni
1728 335 1819 388 ira,
1866 333 2129 392 acceptione

1188 417 1509 462 personarum,
1548 403 1712 448 iudicio
1751 403 1945 456 iniust03
1998 401 2131 461 longe

1190 472 1455 518 recedentes
1505 472 1559 518 ab
1610 471 1731 516 omni
1780 469 1984 526 avaritia3
2038 482 2131 514 non

1189 541 1279 586 cito
1336 541 1575 586 credentes
1632 540 1846 584 adversus
1906 537 2132 597 aliquem3

1189 623 1278 654 non
1310 610 1453 655 severi
1479 610 1662 654 nimium
1695 609 1739 653 in
1767 607 1950 663 iudicio,
1989 607 2131 652 scien-

1190 685 1271 733 tes,
1310 692 1392 723 nos
1431 692 1586 723 omncs
1626 675 1857 721 debitores
1895 689 1997 721 esse
2029 689 2131 735 pec·

1189 747 1290 794 cati.
1345 746 1390 791 Si
1420 760 1529 806 ergo
1552 746 1850 805 deprecamur
1881 744 2130 799 Dominum,

1185 821 1235 860 ut
1271 815 1401 860 nohis
1441 816 1652 869 dimittat,
1703 813 1920 859 debemus
1967 818 2013 859 et
2049 827 2131 858 nos

1187 884 1438 939 dimittere3
1500 898 1600 929 nam
1665 896 1815 928 coram
1865 881 2039 927 Domini
2087 887 2134 927 et

1186 952 1261 997 Dei
1305 952 1447 998 oculis
1485 967 1668 1012 sumus,
1709 958 1753 997 et
1801 965 1976 1005 ,omnes
2027 956 2128 995 ante

1186 1020 1380 1066 tribunal
1436 1021 1600 1066 Christi
1665 1027 1812 1077 stare,
1871 1026 1916 1066 et
1974 1033 2130 1064 unum·

1189 1102 1413 1147 quemque
1457 1104 1540 1149 pro
1595 1104 1643 1135 se
1679 1090 1899 1134 rationem
1936 1088 2130 1134 reddere

1188 1154 1395 1215 oportet.‘
1466 1157 1540 1202 Sic
1578 1158 1730 1217 itaque
1768 1158 2013 1203 serviamus
2067 1155 2132 1202 illi

1188 1238 1289 1269 cum
1326 1226 1488 1270 timore
1529 1231 1574 1270 et
1611 1226 1731 1270 omni
1768 1227 2039 1280 reverentia,
2076 1225 2130 1270 si-

1189 1299 1265 1338 cut
1300 1294 1532 1354 praecepit
1565 1294 1678 1354 ipse,
1716 1300 1761 1339 et
1795 1293 2015 1354 Apostoli,
2054 1294 2132 1352 qui

1188 1362 1318 1408 nohis
1368 1362 1645 1423 evangelium
1695 1362 2038 1418 annuntiarunt,
2089 1368 2135 1407 et

1187 1431 1461 1491 prophetae,
1515 1432 1590 1491 qui
1636 1431 1811 1477 Domini
1859 1431 2004 1477 nostri
2057 1430 2132 1476 ad·

1186 1506 1365 1545 ventum
1404 1500 1857 1561 praesignificarunt3
1908 1499 2130 1557 studiose,

1189 1569 1311 1628 quod
1347 1569 1513 1615 honum
1554 1576 1648 1623 est,
1689 1576 1942 1621 sectantes,
1995 1568 2131 1614 absti-

1188 1644 1348 1683 nentes
1386 1652 1410 1683 a
1444 1638 1663 1684 scandalis
1718 1644 1763 1684 et
1798 1652 1822 1684 a
1865 1637 1993 1683 salsis
2040 1637 2128 1682 fra·
2165 1655 2175 1662 ·

1187 1706 1333 1752 tribus
1374 1713 1417 1752 et
1465 1707 1519 1752 ah
1571 1708 1652 1763 iis,
1692 1708 1768 1766 qui
1806 1707 1849 1752 in
1899 1706 2131 1766 hypocrisi

1187 1789 1349 1820 nomen
1396 1776 1571 1821 Domini
1633 1776 1807 1835 serunt,
1856 1775 1932 1834 qui
1993 1788 2131 1820 vanos

1187 1843 1395 1889 homines
1433 1844 1478 1891 in
1516 1858 1718 1890 errorem
1756 1845 1992 1890 inducunt.

180 2045 470 2097 hominihus.‘
506 2047 735 2093 Abstinete
754 2040 857 2093 vos²
877 2048 931 2093 ah
953 2062 1074 2094 omni
1097 2048 1342 2104 iracundia,
1358 2042 1401 2094 a³
1426 2049 1590 2095 iudicio
1608 2050 1803 2096 iniusto
1830 2050 1965 2109 longe
1988 2056 2132 2096 estote

180 2120 235 2165 ab
274 2132 395 2164 omni
415 2109 629 2163 avaritia
687 2117 784 2162 Non
824 2118 912 2162 cito
951 2118 1242 2163 consentiatis
1282 2117 1497 2163 adversus
1522 2119 1728 2179 aliquem,
1766 2133 1822 2165 ne
1853 2120 2131 2180 praevarice-

180 2189 286 2234 mini
322 2188 364 2232 in
403 2186 584 2242 iudicio,
621 2179 839 2231 scientes5
877 2186 979 2245 quia
1018 2186 1246 2232 debitores
1284 2201 1438 2232 sumus
1476 2188 1668 2247 peccati.
1741 2188 1788 2234 Si
1825 2201 1935 2248 ergo
1974 2188 2132 2248 depre-

183 2271 338 2301 camur
367 2255 616 2310 Dominum,
655 2260 704 2299 ut
740 2254 872 2300 nohis
912 2255 1115 2307 dimittat,
1156 2254 1371 2301 debemus
1398 2256 1531 2301 etiam
1567 2270 1651 2302 nos
1688 2257 1926 2303 dimittere.
1997 2249 2133 2301 Ante⁶

182 2330 474 2383 conspectum
533 2323 651 2368 enim
701 2323 935 2368 oculorum
988 2318 1182 2369 Domini⁷
1234 2339 1413 2379 sumuS,
1453 2331 1497 2370 et
1547 2339 1719 2381 ,omnes
1766 2315 1950 2386 oportet
1986 2332 2132 2370 astare

183 2402 285 2438 ante
320 2390 518 2436 tribunal
556 2390 735 2447 Christi,
775 2398 821 2436 et
855 2404 1220 2451 unumquemque
1262 2407 1345 2452 pro
1385 2407 1432 2438 se
1478 2394 1699 2439 rationem
1745 2391 1966 2440 reddere.‘
2039 2387 2132 2439 Sic⁸

185 2474 294 2520 ergo
333 2461 577 2505 serviamus
614 2459 655 2503 ei
695 2472 795 2504 cum
833 2460 993 2505 timore
1032 2467 1075 2504 et
1111 2462 1228 2505 omni
1269 2462 1532 2516 reverentia,
1570 2463 1818 2507 secundum
1845 2462 1968 2520 quod
2004 2475 2130 2507 evan-

185 2529 486 2590 gelizaverunt
521 2526 652 2571 nobis
691 2527 896 2586 Apostoli
933 2527 1124 2582 Domini,
1163 2535 1208 2573 et
1243 2529 1496 2588 Prophetae
1533 2522 1939 2585 annunciaverunt⁹
1972 2530 2131 2574 adven·

188 2606 278 2644 tum
311 2596 487 2641 Domini
524 2595 668 2639 nostri
705 2596 805 2640 lesu
845 2595 1034 2650 Christi3
1070 2596 1267 2641 zelantes
1304 2596 1436 2651 bona,
1473 2597 1750 2643 abstinentes
1787 2612 1866 2642 vos
1904 2591 1967 2642 a¹⁰
2004 2611 2130 2642 scan-

187 2666 317 2725 dalis,
357 2672 402 2710 et
438 2663 561 2708 salsis
597 2663 835 2717 fratribUS,
883 2670 927 2708 et
961 2664 1035 2722 qui
1088 2664 1133 2708 in
1183 2664 1459 2724 hypocrisim
1508 2672 1690 2724 portant
1738 2680 1903 2711 nomen
1945 2666 2132 2721 Domini,

187 2736 261 2795 qui
301 2734 512 2778 aberrare
553 2731 720 2777 faciunt
756 2731 911 2776 inanes
948 2732 1170 2777 homines.

267 2923 311 2974 3)
342 2920 584 2976 ὀφιλέταις
616 2918 657 2968 C,
690 2932 710 2965 ς
739 2917 887 2959 lineola
919 2919 1103 2960 deletum.

267 2980 312 3028 4)
342 2977 478 3017 Matth.
510 2975 551 3026 6,
586 2974 648 3015 12.
685 2975 749 3014 14

270 3047 313 3100 5)
343 3047 454 3086 Rom.
489 3045 553 3093 14,
589 3043 651 3083 10.
686 3043 749 3083 12.

274 3103 318 3156 6)
349 3101 514 3143 ἑαυτοῦ
544 3099 572 3138 Β
592 3098 633 3148 C,
665 3096 806 3141 αὐτοῦ
838 3100 868 3140 Ο
888 3101 930 3140 V.

268 3173 312 3224 7)
340 3170 463 3227 ἡμᾶς
495 3168 579 3218 BC,
614 3166 737 3224 ὑμᾶς
768 3170 901 3210 FOV.
943 3167 1128 3224 εὐαγγε-

184 3229 400 3278 λίζεσθαί
430 3238 607 3267 τινα-
550 3249 607 3257 -
626 3225 870 3275 evangelium
893 3226 1010 3265 alicui
1028 3239 1130 3266 nun-

185 3285 296 3334 tiare,
329 3290 373 3324 ut
404 3283 499 3322 Luc.
518 3281 558 3331 3,
584 3280 646 3321 18.
680 3281 763 3320 Act.
789 3282 852 3331 14,
879 3282 941 3322 15.
977 3282 1040 3332 16,
1067 3283 1130 3323 10.

273 3352 317 3405 8)
349 3354 444 3393 τῶν
474 3351 586 3390 deest
614 3349 653 3389 in
686 3349 770 3389 BC.

269 3407 315 3461 9)
347 3407 427 3446 Cfr.
463 3407 544 3471 lg’n.
587 3405 636 3444 ad
677 3405 779 3456 Eph.
819 3419 852 3446 c.
887 3406 925 3446 7.

186 3465 374 3520 πονηρῷ
409 3459 461 3502 τὸ
494 3455 644 3517 ὄνομα
674 3462 958 3518 περιφέρειν.
994 3462 1072 3503 Iac.

269 3584 314 3636 2)
345 3598 410 3625 vos
439 3596 515 3624 om.
547 3583 629 3623 Pal.

270 3641 315 3689 3)
350 3642 396 3679 ab
429 3640 511 3679 Pal.

1003 3402 1128 3460 δόλῳ
1183 3430 1337 3468 graeca.

1274 2919 1318 2972 4)
1353 2921 1389 2959 Is
1423 2921 1523 2960 ordo
1554 2934 1664 2960 voce.
1694 2921 1734 2960 in
1764 2920 1847 2960 Pal.
1878 2920 1985 2972 Reg„
2015 2922 2129 2972 lonye

1193 2977 1239 3014 ab
1276 2978 1380 3015 omni
1412 2979 1575 3017 avaritia
1606 2982 1726 3016 estote
1756 2977 1860 3027 vulg.

1272 3031 1315 3083 5)
1348 3032 1454 3071 Inter
1492 3034 1638 3073 iudicio
1688 3038 1726 3072 et
1781 3035 1946 3073 scientes
1989 3031 2129 3071 lacuna

1190 3088 1364 3139 quinque
1395 3087 1522 3128 literis
1554 3088 1829 3128 adscribendis
1861 3094 1997 3140 aperta
2027 3093 2131 3127 extat

1186 3142 1226 3181 in
1258 3143 1351 3193 Reg.

1277 3199 1323 3250 6)
1355 3200 1571 3239 Membrum
1615 3199 1708 3238 Ante
1747 3203 1990 3250 conspectum
2027 3199 2127 3237 enim

1187 3283 1361 3293 .....
1391 3258 1583 3295 rationem
1613 3256 1770 3294 reddere
1803 3253 1900 3292 Cod.
1923 3253 2006 3294 Pal.
2034 3259 2128 3303 post

1185 3309 1340 3349 Domini
1370 3313 1495 3350 nostri
1531 3311 1622 3350 Iesu
1655 3309 1796 3349 Christi
1827 3308 2014 3348 collocat.

1269 3363 1312 3416 7)
1348 3367 1410 3404 dei
1440 3366 1535 3416 Reg.
1569 3366 1689 3418 Forte
1718 3365 1878 3404 Domini
1906 3369 1943 3404 et
1970 3365 2054 3414 Dei,
2084 3370 2126 3403 ut

1267 3474 1310 3526 8)
1342 3475 1383 3514 Si
1418 3475 1499 3515 Pal.
1531 3476 1624 3526 Reg.

1270 3529 1315 3580 9)
1343 3532 1458 3570 nobis
1489 3531 1599 3570 addit
1632 3530 1715 3570 Pal.

1273 3584 1342 3635 10)
1374 3587 1420 3624 ab
1449 3586 1555 3636 Reg„
1585 3586 1653 3625 ubi
1681 3598 1769 3625 mox
1806 3586 1918 3625 deest
1945 3587 2122 3637 hypocri-

1186 3641 1272 3680 sim.
1301 3639 1410 3681 Idem
1440 3642 1613 3681 oberrare
1641 3653 1682 3693 p.
1716 3644 1905 3682 aberrare.

2295 1566 2324 2086 ξ
