2340 3900
172 145 271 195 648

172 279 354 319 Paulus
405 276 621 328 Apostolus
679 275 719 315 in
771 275 927 315 vincula
974 275 1124 327 septies

229 333 429 374 coniectus
466 332 532 372 52.
591 332 741 371 Praeco
778 331 955 371 veritatis
998 332 1124 371 sactus

226 390 264 427 in
299 386 458 427 Oriente
491 393 529 427 et
559 387 774 427 Occidente
806 388 897 427 ibid.
957 386 1016 426 Ad
1047 386 1125 426 Oc-

230 442 398 483 cidentis
426 443 615 482 terminos
644 443 751 483 venit
781 443 875 483 ibid.
937 441 1125 492 Martyrio

229 504 443 538 coronatus
500 504 560 538 est
618 499 711 539 ibid.
791 498 849 538 Ad
896 496 1125 537 Corinthios

225 554 435 604 epistolam
473 553 635 604 scripsit
671 555 736 594 94.
805 553 916 593 Pauli
961 559 999 593 et
1040 552 1126 604 epi-

226 609 354 649 stolae
394 609 478 649 eius
516 609 567 648 ad
596 609 794 660 Ephesios
837 609 951 648 datae
985 608 1127 648 memi-

227 664 284 704 nit
321 664 494 715 ignatius
543 665 619 704 130
668 678 728 717 sq.
804 664 968 703 Paulum
1017 663 1123 715 apud

223 720 502 772 Philippenses
561 720 682 760 fuisse
745 725 879 759 narrat
938 719 1127 771 Polycar-

225 788 301 827 pus
331 776 426 816 380.

169 833 364 882 Pauper
399 844 420 871 a
452 830 571 871 divite
602 831 794 884 accipiat,
832 837 870 870 et
911 830 998 882 ipse
1045 835 1132 869 oret

224 899 299 938 pro
330 887 448 927 divite
479 886 574 927 486.

169 943 286 984 Pax.
347 943 538 983 Dominus
583 943 735 982 habitat
780 942 820 981 in
865 941 960 981 viris
995 954 1130 981 aman-

224 997 330 1038 tibus
358 1010 497 1050 pacem
528 998 623 1039 564.
673 999 772 1038 Vera
813 998 1039 1049 pax-chara
1069 1003 1129 1037 est

226 1054 319 1093 ibid.
381 1054 486 1094 Nihil
525 1054 795 1105 praestantius
830 1066 928 1105 pace
966 1053 1055 1094 132.

170 1109 434 1149 Peccatum
462 1109 573 1149 inviti
603 1109 806 1161 peccantis
820 1108 896 1159 483
925 1108 1033 1161 quod
1059 1120 1132 1160 per

226 1171 453 1216 serpentem
465 1165 502 1204 in
515 1165 594 1204 Eva
607 1165 771 1215 contigit
782 1164 1131 1215 28.Propterpec-

226 1226 311 1260 cata
338 1221 377 1260 in
401 1226 569 1260 mortem
591 1220 785 1260 tradimur
821 1220 915 1270 ibid.
949 1219 1130 1258 Charitas

226 1282 482 1327 peccatorum
506 1276 801 1316 multitudinem
815 1276 911 1326 tegit
927 1276 993 1315 96.
1052 1275 1130 1314 Ora

226 1331 276 1371 ad
314 1331 549 1381 Dominum,
591 1338 630 1372 et
672 1331 828 1371 sanabit
866 1335 1033 1382 peccata
1064 1336 1131 1370 tua

225 1387 320 1428 410.
363 1387 459 1427 448.
523 1386 827 1427 Confessionem
871 1391 1129 1437 peccatorum

225 1443 330 1483 Deus
360 1442 539 1494 postulat
568 1443 634 1483 98.
693 1442 883 1482 Omnibus
917 1441 1130 1493 poeniten-

226 1498 331 1538 tibus
370 1497 535 1538 remittit
560 1499 686 1546 Deus,
737 1497 772 1536 si
813 1510 857 1537 se
900 1502 1132 1536 convertant

228 1553 278 1593 ad
307 1553 495 1593 unionem
540 1566 629 1592 cum
660 1554 744 1593 Deo
786 1558 825 1592 et
869 1553 918 1592 ad
951 1564 1129 1591 commu-

227 1608 388 1648 nionem
429 1620 516 1648 eum
545 1609 750 1660 Episcopo
788 1607 876 1648 180.
936 1608 1129 1646 Peccato-

224 1675 312 1703 rum
348 1663 583 1703 remissione
624 1663 919 1703 sanctificamur
948 1663 986 1702 7.
1051 1663 1130 1702 De-

226 1719 305 1758 leta
336 1724 428 1757 sunt
459 1718 603 1757 delicta
631 1719 714 1757 eius
755 1718 822 1769 qui
850 1718 999 1768 patitur
1030 1729 1129 1767 pro-

226 1780 316 1824 pter
346 1785 490 1812 nomen
527 1772 685 1812 Domini
716 1773 810 1812 560.
870 1774 1129 1812 Peccatorum

226 1827 460 1868 remissione
497 1827 678 1867 Christus
723 1840 796 1867 nos
827 1827 1032 1866 renovavit
1066 1828 1128 1866 ll.

229 1884 385 1923 Poenae
419 1888 679 1934 peccatorum
709 1888 895 1922 aeternae
932 1883 1021 1922 134.

172 1938 473 1979 Persecutio
524 1938 683 1978 Traiani
736 1938 831 1978 208.
900 1938 1128 1977 Persecutio

230 1994 349 2034 Marci
377 1994 525 2034 Aurelii
542 1994 637 2034 392.
697 1993 1002 2034 Persecutiones
1034 2005 1129 2045 per—

224 2050 332 2101 pessi
349 2050 487 2090 Petrus
503 2055 541 2089 et
553 2049 699 2089 Paulus
721 2049 869 2102 aliique
883 2049 1129 2101 apostoli52.

170 2105 442 2157 Philippus
471 2105 661 2145 Asiarcha
684 2107 780 2145 400.

169 2161 196 2200 P
210 2161 235 2200 h
247 2161 312 2201 ilo
326 2173 459 2201 comes
470 2160 624 2200 itineris
639 2160 820 2211 SJgnatii
839 2160 1128 2201 184.194.196.

168 2272 598 2312 philomeliensis
630 2272 801 2313 ecclesia
830 2271 926 2313 391.

167 2327 387 2367 Phoenix
406 2329 712 2368 resurrectionis
727 2334 888 2368 nostrae
910 2328 1039 2379 imago
1062 2329 1128 2368 72.

169 2382 376 2422 Pionius
408 2382 654 2423 Christianus
689 2384 783 2424 406.

169 2437 333 2476 Piscis
364 2451 443 2477 non
475 2438 626 2478 habens
665 2452 870 2491 squamam
902 2439 1127 2479 immundus

224 2492 380 2532 Iudaeis
413 2493 477 2532 24.

169 2546 324 2587 Plinii
359 2547 532 2588 Secundi
563 2548 711 2588 mentio
745 2550 788 2588 fit
821 2549 916 2590 374.

171 2603 498 2643 Poenitentia
546 2603 698 2653 agenda
738 2610 820 2653 est,
870 2603 1056 2656 quamdiu
1089 2604 1129 2644 in

228 2659 307 2698 hoc
342 2659 490 2698 mundo
533 2670 668 2698 sumus
708 2660 798 2699 112.
862 2660 980 2700 Item:
1031 2660 1128 2700 Ante

231 2714 612 2754 consummationem
632 2714 752 2754 turris
778 2714 1008 2767 (ecclesiae)
1028 2728 1129 2767 poe-

233 2769 397 2810 nitentia
447 2769 598 2820 agenda
646 2776 707 2810 est
757 2771 852 2810 426.
893 2770 987 2812 558.
1034 2771 1130 2811 564.

225 2824 405 2865 Christus
444 2830 683 2876 potestatem
711 2826 832 2866 habet
859 2826 1128 2878 poenitentiae

224 2882 291 2920 54.
340 2881 428 2921 188.
458 2881 553 2921 389.
612 2881 884 2922 Poenitentiae
929 2882 1125 2922 iustorum

224 2935 372 2976 habent
400 2937 513 2981 fines,
543 2936 724 2986 gentibus
758 2943 887 2978 autem
917 2937 1129 2989 poeniten—

225 2990 278 3032 tia
311 2997 372 3031 est
400 3004 527 3043 usque
549 2991 599 3031 ad
623 2993 879 3033 novissimum
902 2993 1006 3033 diem
1030 2994 1125 3034 416.

219 3047 355 3086 Donec
366 3053 520 3098 tempus
532 3047 1023 3100 habemus,p0enitentiam
1034 3061 1127 3100 aga-

227 3113 314 3141 mus
337 3103 426 3142 112.
458 3103 515 3142 De
531 3114 619 3142 sera
637 3104 884 3154 poenitentia
898 3107 993 3145 430.
1025 3106 1128 3145 Poe-

221 3156 385 3197 nitentia
444 3157 667 3198 inculcatur
718 3160 812 3200 416.
871 3161 967 3200 442.
1030 3161 1124 3201 478.

224 3212 358 3252 Servis
385 3213 457 3253 Dei
499 3213 743 3264 poenitentia
786 3222 846 3255 est
885 3216 1003 3256 etiam
1031 3222 1126 3268 post

222 3266 474 3319 baptismum,
506 3269 578 3307 sed
610 3282 688 3309 una
721 3275 871 3311 tantum
901 3273 996 3312 450.
1031 3273 1124 3312 520.

225 3323 391 3363 Nuntius
419 3323 687 3374 poenitentiae
719 3327 827 3377 4423
869 3327 1124 3379 praepositus

223 3378 490 3426 poenitentiae
523 3379 625 3429 488,
672 3381 734 3420 cui
777 3382 856 3421 soli
892 3395 967 3435 per
996 3389 1122 3423 totum

225 3432 360 3472 orbem
387 3434 655 3483 poenitentiae
686 3442 866 3487 potestas
897 3438 1042 3478 tributa
1065 3445 1126 3479 est

225 3487 318 3526 566.
377 3489 449 3535 Qui
490 3490 776 3540 poenitentiam
814 3499 955 3544 agunt,
1003 3494 1120 3534 vitam
1154 3536 1159 3540 ,

223 3550 461 3594 recuperant
492 3546 595 3595 5683
649 3546 818 3588 salutem
856 3555 1122 3602 assequuntur
1164 3549 1591 3591 Praedestinatio.

692 144 859 190 lNDEX
896 143 1084 189 RERUM
1122 143 1190 189 ΕΤ
1227 142 1612 192 PERSONARUM.

1223 275 1328 326 5183
1377 283 1538 328 peccata
1598 275 1678 316 illis
1727 275 1980 318 remittuntur
2030 277 2126 319 416.

1227 331 1513 372 Poenitentiam
1555 333 1639 373 Noe
1678 331 1946 383 praedicavit,
1987 339 2027 372 et
2062 331 2127 385 qui

1230 387 1485 438 obedierunt,
1515 387 1660 428 servati
1688 393 1780 427 sunt
1809 387 1880 431 54.
1937 387 2128 428 Omnibus

1226 442 1522 494 poenitentibus
1550 444 1714 483 remittit
1738 444 1857 493 Deus,
1894 442 1928 482 si
1957 455 2001 483 se
2030 457 2129 484 con·

1226 504 1379 539 vertant
1423 499 1474 539 ad
1510 499 1698 539 unionem
1748 511 1836 538 cum
1879 499 1962 538 Deo
2007 506 2047 539 et
2078 499 2128 539 ad

1229 554 1546 595 communionem
1561 567 1648 595 cum
1664 555 1858 606 episcopo
1875 554 1966 595 180.
2003 556 2129 604 Quot-

1230 616 1327 661 quot
1359 610 1602 662 poenitentia
1635 610 1742 650 ducti
1772 611 1822 650 ad
1841 610 2033 650 unitatem
2063 624 2131 650 ec-

1231 665 1375 706 clesiae
1419 666 1632 715 redierint,
1675 665 1783 706 ethi
1815 666 1887 706 Dei
1934 672 2051 707 erunt
2093 672 2132 706 et

1229 721 1447 761 secundum
1479 722 1507 762 Ι.
1531 721 1729 761 Christum
1754 721 1884 761 vivant
1906 723 1995 763 176.
2028 723 2131 762 Poe-

1229 776 1432 817 nitentiam
1450 790 1566 828 agere
1587 789 1728 827 magna
1747 777 1943 828 sapientia
1959 783 2021 818 est
2036 779 2131 818 450.

1229 832 1500 872 Poenitentiae
1546 832 1712 882 gratiam
1771 833 1932 883 sanguis
1987 833 2133 874 Christi

1230 889 1303 928 toti
1344 889 1492 927 mundo
1535 887 1679 927 obtulit
1710 887 1776 927 54.
1842 887 1987 928 Omnes
2029 889 2130 929 dile-

1231 949 1317 983 ctos
1349 956 1444 983 suos
1475 944 1581 983 Deus
1625 941 1895 993 poenitentiae
1935 943 2021 983 fieri
2049 943 2134 984 vult

1229 999 1447 1051 participes
1478 999 1544 1038 54.
1603 997 1794 1037 Omnibus
1824 997 2051 1039 volentibus
2082 999 2133 1039 ad

1233 1055 1364 1106 ipsum
1411 1053 1588 1093 converti
1624 1052 1818 1092 Dominus
1862 1053 2133 1105 poenitentiae

1231 1110 1365 1149 locum
1386 1108 1587 1149 concessit
1612 1109 1676 1149 54.
1708 1107 1955 1149 Poenitentia
1977 1109 2133 1150 sincera

1228 1164 1589 1205 remunerationem
1617 1164 1815 1216 quandam
1848 1165 1932 1204 Deo
1974 1165 2131 1206 medico

1228 1226 1367 1260 nostro
1415 1220 1624 1260 tribuimus
1668 1221 1759 1260 112.
1833 1220 2133 1261 Poenitentibus

1231 1276 1404 1316 faciendi
1437 1282 1529 1315 sunt
1553 1275 1660 1325 digni
1690 1276 1842 1315 fructus
1863 1275 2133 1326 poenitentiae

1229 1333 1311 1372 506
1362 1345 1423 1384 sq.
1498 1331 1746 1371 Poenitentia
1795 1330 1998 1371 laboriosa
2047 1338 2130 1383 est3

1230 1387 1441 1440 poenitens
1473 1386 1574 1427 enim
1606 1387 1785 1438 affligere
1819 1386 1937 1427 debet
1964 1387 2134 1428 animam

1229 1456 1353 1493 suam,
1374 1449 1412 1483 et
1434 1442 1658 1483 vexationes
1679 1442 1824 1482 multas
1840 1443 2021 1494 perferre
2036 1443 2133 1486 508.

1233 1499 1464 1539 Electorum
1495 1504 1534 1538 et
1561 1498 1852 1550 poenitentium
1895 1498 2019 1539 multa
2042 1505 2135 1540 sunt

1229 1567 1395 1604 genera3
1428 1566 1565 1594 omnes
1598 1559 1728 1593 autem
1757 1566 1833 1606 pro
1862 1554 2132 1606 poenitentiae

1229 1616 1267 1650 et
1315 1610 1517 1649 bonorum
1563 1622 1729 1660 operum
1790 1622 1954 1649 suorum
2008 1610 2131 1650 modo

1227 1665 1453 1705 mercedem
1485 1665 1684 1704 habebunt
1715 1664 1810 1705 510.
1871 1664 1945 1712 Qui
1987 1677 2131 1705 nomen

1226 1720 1383 1760 Domini
1415 1726 1656 1770 negaverunt
1697 1720 1770 1759 sed
1814 1733 1895 1760 non
1937 1733 1983 1760 ex
2011 1733 2130 1772 prae-

1228 1775 1376 1814 cordiis
1430 1775 1536 1824 suis,
1582 1775 1828 1825 poenitentia
1867 1775 1986 1815 vitam
2017 1788 2128 1816 asse-

1229 1836 1399 1881 quentur
1447 1830 1542 1870 558.
1603 1830 1754 1877 Quodsi
1797 1829 1886 1881 quis
1928 1842 1973 1869 ex
2011 1843 2133 1882 prae-

1227 1885 1376 1924 cordiis
1412 1885 1593 1924 inventus
1635 1885 1754 1924 ruerit
1800 1885 2040 1936 denegasse,
2083 1899 2132 1926 an

1226 1940 1345 1980 vitam
1376 1940 1537 1991 assequi
1571 1940 1714 1992 possit,
1745 1940 1888 1991 ignoro
1918 1942 2073 1983 ibidem.

1172 1996 1432 2048 Polybius,
1466 1996 1760 2036 Trallianorum
1791 1995 2020 2048 episcopus,
2043 2010 2064 2037 a
2085 1998 2128 2038 S.

1225 2052 1379 2103 Ignatio
1414 2052 1599 2092 laudatur
1625 2052 1714 2092 152.
1748 2052 1846 2094 228.

1171 2107 1448 2160 Polycarpi
1491 2108 1665 2158 elogium
1711 2108 1806 2148 198.
1883 2106 2132 2160 Polycarpus

1228 2164 1420 2215 epistolas
1452 2163 1591 2214 Ignatii
1623 2163 1674 2203 ad
1692 2163 1973 2215 Philippenses
2001 2169 2134 2205 trans-

1227 2219 1347 2259 mittit
1385 2220 1480 2260 390.
1548 2219 1604 2259 Ab
1650 2218 1702 2258 iis
1755 2219 1916 2260 edoceri
1959 2219 2044 2260 vult
2083 2220 2132 2261 de

1227 2275 1316 2326 ipso
1349 2275 1501 2325 ignatio
1537 2275 1666 2327 deque
1700 2275 1783 2315 eius
1813 2274 1854 2315 in
1884 2275 2025 2316 itinere
2050 2277 2131 2317 Ro—

1227 2343 1345 2370 mano
1380 2330 1591 2371 comitibus
1612 2330 1710 2371 390.
1755 2330 2000 2383 Polycarpus
2031 2345 2133 2384 pro-

1229 2393 1319 2437 pter
1338 2392 1619 2438 persecutores
1642 2386 1682 2426 in
1700 2386 1835 2426 villam
1855 2386 2009 2427 secedit
2020 2388 2131 2439 394;

1229 2455 1250 2481 a
1300 2442 1624 2493 persecutoribus
1682 2442 1881 2482 invenitur
1921 2443 2004 2483 394
2043 2456 2132 2496 sq.;

1227 2497 1266 2537 in
1307 2499 1447 2537 urbem
1495 2498 1653 2537 ducitur
1693 2499 1803 2548 396;
1855 2511 1877 2537 a
1915 2497 2053 2539 Niceta
2093 2505 2133 2539 et

1227 2553 1389 2593 Herode
1420 2566 1440 2592 e
1472 2565 1590 2593 curru
1635 2553 1818 2593 deiicitur
1849 2554 1969 2604 ibid.;
2016 2560 2130 2594 octo-

1227 2607 1334 2657 ginta
1374 2614 1413 2647 et
1452 2620 1520 2646 sex
1564 2621 1690 2647 annos
1731 2609 1814 2648 Deo
1855 2608 1991 2648 serviit
2021 2609 2129 2660 3983

1228 2662 1280 2702 ad
1307 2675 1449 2713 rogum
1492 2662 1698 2702 damnatur
1741 2663 1837 2704 398.
1893 2663 2130 2706 Iudaeorum

1231 2718 1365 2758 odium
1395 2718 1585 2758 adversus
1615 2718 1882 2770 Polycarpum
1916 2717 2128 2762 39'8.400.

1229 2775 1325 2814 404.
1384 2773 1594 2825 Polycarpi
1639 2775 1820 2825 precatio
1850 2775 1948 2816 400.
2009 2775 2130 2829 Poly-

1228 2841 1373 2881 carpus
1402 2829 1492 2879 igne
1522 2842 1602 2869 non
1627 2829 1799 2870 laeditur
1816 2830 1923 2880 4023
1955 2831 2131 2882 pugione

1227 2885 1472 2936 transfigitur
1511 2886 1607 2926 ibid.
1683 2884 1839 2938 Corpus
1891 2885 1976 2927 eius
2015 2886 2130 2928 Chri-

1227 2941 1367 2980 stianis
1406 2954 1487 2980 non
1535 2941 1722 2990 traditur,
1774 2942 1847 2982 sed
1885 2942 2130 2984 comburitur

1227 2997 1308 3037 402
1338 3009 1429 3049 sqq.
1488 2996 1693 3049 Reliquiae
1733 2997 1816 3037 eius
1848 2998 1947 3039 404.
2011 2999 2128 3039 Tem-

1225 3065 1301 3104 pus
1331 3051 1508 3104 martyrii
1537 3054 1632 3094 406.

1171 3108 1354 3160 Polypi
1388 3120 1479 3148 esus
1508 3108 1650 3149 vetitus
1679 3107 1836 3148 Iudaeis
1869 3108 1934 3150 22.

1169 3164 1406 3204 Pontifex
1435 3176 1609 3204 summus
1637 3164 1906 3216 praestantior
1933 3165 2124 3206 sacerdo-

1225 3219 1329 3259 tibus
1367 3220 1458 3261 182.
1496 3220 1561 3260 86.

1167 3275 1418 3315 Porcinae
1475 3275 1606 3314 carnis
1652 3287 1742 3315 esus

1224 3331 1352 3371 dictus
1384 3331 1451 3372 22.

1166 3386 1448 3437 Praecepta
1503 3384 1575 3424 Dei
1605 3390 1698 3424 sunt
1740 3384 1847 3424 bona
1883 3385 1993 3436 4983
2041 3400 2122 3428 non

1221 3447 1313 3482 sunt
1342 3439 1607 3492 impossibilia
1637 3440 1742 3490 4763
1782 3439 1832 3479 ad
1873 3440 2121 3482 observanda

1221 3509 1266 3536 ea
1296 3496 1458 3546 angelus
1487 3494 1644 3534 Domini
1682 3495 1784 3534 vires
1818 3502 1995 3546 praestat
2023 3497 2118 3539 498.

1690 3550 1870 3591 Ecclesia
1918 3551 2119 3607 Ephesina

1790 3274 1947 3315 Iudaeis
1999 3275 2122 3317 inter-
