2340 3900
739 120 1030 168 BARNABAE
1061 121 1349 170 EPlSTOLA.
1406 122 1475 170 lX.
1510 124 1561 169 X.
2062 122 2126 174 21

170 261 317 311 matus
349 260 539 322 angelus
574 260 771 308 docebat
802 260 919 307 illos.
986 261 1058 306 Ait
1091 261 1147 307 ad
1182 275 1290 308 eos:
1336 263 1466 319 ‚haec
1502 263 1614 310 dicit
1649 262 1860 310 domiuus
1896 262 2014 309 Deus
2064 278 2132 312 ve·

172 327 283 380 ster‘
316 326 550 392 (equidem
584 343 745 377 novam
780 329 885 376 heic
918 328 1066 390 legem
1102 330 1326 389 inveui0):
1381 333 1537 388 ‚nolite
1573 346 1728 379 serere
1773 346 1914 393 super
1948 333 2134 392 spinas3

170 399 545 448 circumcidimini
579 399 771 446 Domino
803 396 990 445 vestr0.‘
1057 398 1113 444 Et
1148 400 1258 459 quid
1294 401 1389 447 vult
1424 401 1510 448 sihi
1533 402 1749 448 Dominus
1785 402 1914 448 hisce
1949 402 2133 448 verbis?

165 466 543 526 ,Circumcidite‚‘
578 469 711 525 dicit,
747 468 974 524 ,duritiam
1010 468 1165 514 cordis
1199 470 1365 526 vestri,
1404 478 1449 517 et
1485 472 1706 518 cervicem
1742 479 1936 518 vestram
1972 485 2031 517 ne
2068 471 2132 518 in·

168 536 369 586 duretis.⁴
437 539 585 599 Atque
620 534 810 585 iterum:
857 551 1009 593 ,ecce,
1047 537 1158 583 dicit
1193 537 1433 595 Dominus,
1489 555 1647 587 omncs
1697 547 1855 602 gentes
1892 540 2131 589 incircum·

166 608 288 654 cisa
320 614 439 664 sunt,
476 621 530 654 ac
566 608 850 670 praeputium
887 606 1079 662 hahent3
1114 606 1200 652 iste
1237 621 1343 652 vero
1372 607 1584 669 populus‘
1623 606 1933 667 [ludaeorum]
1973 611 2131 667 ,corde

165 682 238 724 eet
269 674 647 723 incircumcisus}
717 679 774 722 At
809 677 1016 737 inquies:
1064 682 1110 722 et
1144 690 1252 722 vero
1291 675 1363 721 ille
1401 679 1597 738 populus
1636 680 1680 724 iu
1717 680 1897 740 signum
1931 678 2131 727 foederis

165 746 519 800 circumciditur,
595 746 761 793 Verum
797 753 844 793 et
877 745 1266 792 circumciduntur
1288 743 1393 806 Syri
1429 761 1602 804 omues,
1637 763 1691 794 ac
1720 748 1906 804 Arabes,
1944 763 1996 795 ac
2035 763 2127 796 om·

164 828 247 862 nes
281 816 544 862 sacerdotes
581 815 823 862 idolorum.
894 814 1014 861 Hinc
1049 829 1159 875 ergo
1195 815 1426 875 pertinent
1462 815 1524 861 illi
1565 831 1747 877 quoque
1779 818 1835 864 ad
1872 832 2031 865 eorum
2068 825 2130 866 te·

161 885 462 931 sumentumss
521 884 615 932 Sed
664 892 712 932 et
745 884 957 946 Aegyptii
1010 881 1408 930 circumcisionem
1457 893 1690 946 usurpant.
1761 887 1927 933 Discite
1978 888 2128 949 igitur,

163 953 270 1011 lilii,
322 954 379 1000 de
413 954 626 1001 omnibus
661 954 863 1011 abunde,
902 953 1028 1015 quod
1062 953 1369 1010 Abrahamus,
1406 954 1485 1014 qui
1522 955 1696 1014 primus
1735 956 1860 1002 dedit
1896 957 2131 1004 circumci-

160 1022 363 1081 sionem,
413 1025 460 1071 in
498 1024 663 1086 spiritu
698 1025 988 1086 prospiciens
1026 1023 1071 1069 in
1109 1023 1258 1069 lesum
1297 1023 1604 1080 circumcidit,
1642 1038 1851 1070 arcanam
1890 1027 2026 1072 trium
2062 1026 2130 1073 lit·

158 1098 357 1140 teramm
403 1094 656 1140 doctrinam
702 1092 939 1140 adhibens.
1019 1091 1182 1139 Narrat
1237 1093 1357 1139 enim
1424 1093 1675 1153 scriptura:
1734 1099 1792 1150 ‚et
1847 1095 2136 1143 circumcidit

156 1160 437 1209 Abrahamus
472 1176 499 1209 e
535 1163 671 1210 domo
708 1177 791 1210 sua
809 1161 1050 1210 CCCXVlll
1087 1160 1240 1209 viros.‘
1309 1162 1432 1218 Quae
1469 1176 1581 1223 ergo
1619 1162 1681 1208 illi
1720 1163 1764 1209 in
1790 1163 1878 1209 hoc
1924 1165 2026 1211 data
2061 1171 2133 1212 est

158 1232 390 1293 cognitio?
449 1232 616 1280 Discite
653 1233 801 1295 primo
838 1233 999 1280 decem
1032 1238 1079 1278 et
1122 1228 1255 1288 octe,
1305 1232 1410 1278 dein
1459 1238 1705 1279 trecentos,
1776 1233 1940 1280 Decem
1975 1240 2127 1281 autem

156 1307 203 1348 et
235 1308 341 1348 octo
377 1302 712 1363 exprimuntur,
746 1316 831 1364 per
865 1302 883 1349 1
919 1302 1105 1358 decem,
1142 1315 1226 1362 per
1266 1300 1302 1346 H
1341 1307 1459 1347 octo.
1529 1301 1679 1348 lIabes
1718 1302 1893 1349 initium
1931 1303 2128 1349 nominis

156 1370 277 1418 lesu.
346 1371 506 1418 Adhuc
540 1387 648 1420 vero
686 1386 798 1419 crux
829 1373 876 1419 in
916 1371 1062 1433 figura
1100 1370 1275 1418 litterae
1301 1371 1334 1417 T
1362 1370 1550 1430 gratiam
1578 1371 1907 1432 redemptionis
1944 1378 2129 1418 nostrae

157 1446 258 1488 crat
290 1441 546 1502 signatura;
585 1446 867 1504 quapropter
900 1442 964 1488 ait
996 1438 1277 1498 ,trecentos.‘
1339 1440 1548 1486 Ostendit
1583 1441 1735 1500 itaque
1767 1440 1914 1487 lesum
1951 1441 1997 1486 in
2022 1442 2127 1488 dua·

158 1509 246 1557 bns
279 1509 472 1563 litteris.
508 1518 557 1558 et
589 1525 772 1559 crucem
810 1512 856 1558 in
892 1511 1038 1558 tertia.
1113 1509 1210 1556 Scit
1244 1510 1348 1566 hoc,
1387 1510 1463 1570 qui
1503 1509 1777 1570 profundius
1816 1511 1985 1557 donum
2022 1511 2128 1557 doc·

158 1579 304 1627 trinae
339 1594 448 1627 suae
485 1582 641 1643 posuit
676 1581 724 1628 in
758 1579 907 1628 nobis·
974 1580 1116 1627 Nemo
1155 1581 1298 1640 magis
1335 1593 1599 1640 germanum
1638 1594 1663 1625 a
1697 1594 1769 1626 me
1807 1580 1986 1641 accepit
2035 1594 2130 1626 ser·

160 1662 370 1708 monem;
406 1650 491 1698 sed
524 1652 637 1708 scio,
673 1665 756 1698 vos
787 1650 953 1712 dignos
990 1663 1109 1697 esse.

158 1772 212 1820 X.
284 1774 420 1833 Quae
454 1775 605 1823 Moses
641 1778 700 1824 de
734 1777 849 1824 escis
881 1776 1140 1837 praecepit,
1177 1775 1485 1836 spiritualiter
1517 1776 1775 1836 capienda,
1824 1777 2126 1836 quemadmo-

573 1861 686 1907 dum
719 1860 818 1907 iam
852 1874 884 1907 a
922 1858 1109 1906 ssaviae
1143 1858 1322 1918 sactum
1359 1872 1456 1905 esse
1492 1859 1718 1904 videmus.

297 1954 445 2011 Quare
457 1962 607 2002 autem
625 1955 775 2003 Moses
805 1955 942 2002 dixit:
963 1969 1071 2010 ,non
1084 1954 1413 2000 manducabitis
1440 1969 1569 2001 suem
1580 1968 1730 2014 neque
1755 1954 1951 2015 aquilam
1979 1968 2130 2014 neque

162 2022 425 2085 accipitrem
471 2037 622 2085 neque
660 2037 844 2070 corvum
881 2037 966 2069 nec
1001 2022 1141 2068 ullum
1179 2024 1367 2084 piscem,
1406 2024 1483 2084 qui
1522 2037 1612 2068 non
1652 2022 1817 2069 habeat
1852 2022 2132 2083 squamam'ss‘

1258 2139 1333 2191 36)
1364 2141 1489 2181 Aliter
1519 2139 1784 2180 Gallicciolli:
1819 2141 1877 2181 Ma
1911 2141 2059 2192 perche
2093 2141 2129 2181 la

1173 2210 1293 2237 cruce
1316 2197 1419 2236 nella
1436 2199 1479 2238 T
1501 2197 1651 2236 doveva
1670 2209 1786 2236 avere
1806 2196 1831 2236 it
1855 2197 1918 2236 hel
1938 2197 2131 2247 modesto,

1172 2253 1261 2291 dice
1291 2266 1313 2292 c
1345 2259 1538 2293 trecento.

1255 2309 1330 2361 37)
1359 2308 1438 2348 καὶ
1466 2309 1495 2348 Β
1523 2307 1582 2361 (in
1618 2308 1742 2357 textu)
1763 2307 1791 2347 C
1816 2309 1847 2348 Ο
1870 2309 1898 2348 V
1934 2309 2006 2349 lnt.
2053 2316 2128 2349 vet.

1172 2365 1284 2413 Men..
1313 2363 1403 2419 γὰρ
1438 2365 1465 2404 Β
1497 2365 1536 2404 in
1567 2376 1690 2414 marg.
1725 2364 1838 2404 Voss.

1254 2422 1330 2471 38)
1361 2419 1413 2462 τὸ
1453 2421 1481 2459 C
1515 2421 1615 2460 Men.
1676 2419 1775 2460 Dein
1823 2418 1931 2463 δυσὶ
1973 2418 2132 2480 γράμ-

1166 2486 1286 2529 μασι
1318 2478 1346 2517 Β
1370 2476 1398 2516 C
1430 2490 1463 2517 c.
1495 2476 1599 2527 vulg.

158 2143 268 2191 filins
298 2141 552 2189 Annia-mis,
591 2141 644 2182 ob
684 2141 994 2194 promissionem
1034 2142 1117 2180 sac·

161 2205 253 2246 ta..
274 2198 525 2239 benedictum
545 2198 593 2239 iri
614 2210 754 2239 omnes
773 2206 911 2247 gentes
933 2198 972 2238 in
990 2198 1117 2250 ipsius

159 2266 326 2295 semim.

242 2310 318 2361 29)
348 2309 577 2350 nen-read·
608 2308 793 2349 videntur
830 2307 880 2348 ad
913 2309 1011 2348 Gen.
1050 2309 1110 2355 17,

156 2364 225 2407 2⁶.
254 2365 336 2413 27„
368 2364 463 2406 coll.
493 2365 592 2405 Gen.
630 2366 692 2413 1⁴,
728 2365 792 2406 t-t.

241 2420 317 2473 30)
345 2418 373 2475 ἡ
404 2433 482 2461 om.
509 2421 609 2461 nen.

238 2477 314 2531 31)
343 2473 493 2531 τούτῳ
532 2476 562 2517 B
590 2477 621 2516 C
662 2477 784 2526 Hem,
833 2476 972 2518 τυῦτο
1009 2476 1041 2515 0
1069 2476 1111 2524 V,

158 2530 287 2590 αὐτῷ
318 2534 430 2574 Voss.
482 2533 539 2574 De
579 2532 856 2574 huiuscemodi
893 2528 1115 2587 γνώσεως

154 2602 301 2641 genere
331 2589 376 2631 11.
406 2589 623 2642 disputavit
649 2589 690 2630 in
715 2588 845 2630 libro:
879 2589 958 2630 Das
981 2588 1111 2629 Send-

154 2646 367 2687 schreiben
400 2646 472 2686 des
500 2646 572 2698 Ap.
603 2645 807 2687 Barnabas
839 2658 880 2698 p.
910 2644 964 2686 83
984 2657 1045 2697 sq.

241 2702 317 2754 ³2)
350 2701 504 2755 Scripsi
523 2699 762 2745 δεκαοκτώ
785 2714 820 2743 c.
843 2702 916 2742 OV
946 2714 992 2742 ex
1015 2714 1112 2741 ana-

156 2759 263 2811 togi-
303 2758 648 2809 antecedentinm‚
697 2754 814 2801 δέκα
865 2757 945 2799 καὶ
985 2753 1110 2799 ὀκτώ

158 2816 232 2857 BC
264 2829 299 2856 c.
328 2815 403 2856 lnt.
436 2820 512 2856 vet.
553 2822 594 2856 et
622 2814 728 2866 vulg.
785 2814 866 2855 Vox
897 2812 1013 2856 δέκα
1043 2826 1111 2854 ex-

159 2872 258 2914 cidit
286 2883 352 2925 np.
383 2872 484 2913 tten.
541 2871 585 2912 ln
610 2871 640 2913 F
669 2877 804 2913 extare
836 2870 932 2911 mihi
963 2870 1113 2911 asseri-

155 2935 222 2969 tur
259 2925 313 2970 τὸ
362 2924 479 2970 δέκα
515 2924 663 2978 ὀκτώ,
711 2928 844 2969 ἰῶτα.
881 2918 971 2981 ἦτα
1017 2927 1112 2968 κτλ.

156 2985 237 3026 Cir.
259 2983 383 3025 Clem.
412 2982 519 3025 Alex.
537 2984 685 3026 strom.
714 2983 774 3025 Vl.
804 2997 839 3025 c.
861 2984 921 3026 ll.
952 2996 990 3036 p.
1017 2984 1112 3024 782.

156 3041 360 3082 Prudentii
368 3040 409 3081 iu
420 3039 745 3093 psycomebim
756 3041 883 3093 praei.
911 3053 946 3082 v,
957 3041 1012 3082 56
1023 3053 1114 3093 sqq.

239 3096 314 3148 33)
342 3094 447 3164 glut
478 3096 509 3136 C
526 3096 583 3147 0,
612 3097 654 3139 in
683 3097 763 3139 lioc
791 3096 953 3151 quidem
983 3103 1114 3138 muta-

155 3160 236 3196 tum
266 3154 306 3194 in
335 3167 437 3208 ητα.

241 3210 319 3262 Μ)
355 3208 503 3263 Recepi
546 3205 617 3251 ἔτι
653 3206 706 3253 δὲ
742 3208 769 3252 ό
818 3206 1021 3269 σταυρὸς
1068 3221 1113 3250 ex

156 3266 187 3308 B
205 3266 235 3308 t·
253 3267 287 3307 0
306 3266 335 3307 V
368 3272 408 3307 ct
434 3278 516 3307 var.
556 3265 649 3307 lect.
686 3278 751 3319 ep.
781 3265 918 3316 Voss„
959 3260 1037 3308 ὅτι
1065 3262 1117 3308 δὲ

152 3320 180 3365 ὁ
220 3320 426 3420 ἔῐαυρὸς
462 3322 514 3374 C,
558 3317 634 3365 ὅτι
672 3319 727 3367 δὲ
777 3316 979 3380 σταυρός
1016 3322 1117 3364 Men.

237 3390 313 3486 ἐξ)
346 3435 435 3478 ταῦ
468 3429 668 3494 ἤμελλεν
703 3435 733 3477 ἲ
755 3435 789 3475 0
810 3435 864 3488 V,
911 3435 942 3477 ἲ
978 3429 1116 3493 ἤμελ-

155 3490 237 3534 λεν
265 3490 296 3532 B
322 3490 367 3533 C.
429 3491 608 3535 naurdi
632 3485 833 3547 ἤμελλεν
860 3492 937 3533 iam
963 3492 1002 3532 in
1022 3491 1116 3532 Cte-

155 3546 227 3588 rici
277 3546 342 3588 ed.
381 3559 419 3588 ι.
457 3547 565 3592 1698
614 3549 763 3591 suanm
810 3554 873 3590 est
910 3546 1114 3607 ἔμελλεν,

156 3602 265 3656 qnod
291 3602 452 3657 repetiit
475 3603 565 3646 net.

1251 2534 1324 2586 39)
1356 2531 1585 2590 ἔμφοιτον
1614 2533 1641 2573 V
1665 2531 1710 2582 Ο,
1744 2532 1808 2572 hic
1842 2533 2003 2585 quidem
2035 2548 2127 2575 cor—

1167 2597 1318 2630 rectum
1357 2590 1396 2630 in
1442 2587 1666 2647 ἔμφυτον.
1727 2589 1807 2629 Csr.
1845 2602 1968 2641 supra
2016 2605 2050 2631 c.
2091 2593 2127 2633 1.

1166 2648 1385 2687 naturalem
1405 2663 1463 2682 ,τ
1479 2651 1620 2686 natura
1645 2647 1817 2686 insitam.

1254 2704 1328 2754 40)
1359 2704 1386 2743 l.
1418 2716 1451 2743 e.
1485 2690 1522 2757 ᾦ
1554 2700 1659 2758 ἐμοὶ
1689 2699 1800 2748 ἔθος
1827 2699 1971 2753 ἐστὶν,
2006 2701 2129 2758 πρὸς

1168 2756 1276 2806 τοὺς
1297 2758 1639 2815 γνησιωτέρους
1661 2758 1899 2811 λέγεσθαι.
1944 2760 2127 2810 intellige

1167 2817 1361 2871 γνῶσιν.
1411 2815 1534 2856 lidem
1554 2810 1863 2872 γνησιώτεροι
1894 2822 1987 2856 sunt
2008 2829 2055 2856 ac
2086 2817 2124 2856 in

1169 2873 1307 2921 ignatii
1343 2873 1414 2924 Ep.
1456 2872 1505 2911 ad
1539 2871 1638 2922 Epli.
1674 2883 1706 2910 c.
1743 2870 1806 2910 12.
1836 2866 2125 2927 συμμύσται.

1171 2929 1252 2968 Cl'r.
1277 2929 1400 2969 (ilem.
1419 2929 1529 2968 Rom.
1553 2928 1667 2967 nom.
1690 2926 1785 2975 XIX,
1802 2926 2124 2969 25.e‹1.t)1·esse1.

1254 2986 1328 3037 41)
1360 2982 1475 3026 ἀλλὰ
1507 2983 1610 3033 vulg.

1258 3040 1354 3094 Cap.
1377 3041 1422 3082 X.
1472 3041 1512 3087 1)
1556 3040 1682 3091 Leges
1727 3037 1921 3078 mosaicas
1959 3038 2124 3080 rituales

1169 3098 1387 3148 allegorice
1419 3096 1679 3148 explicantur,
1712 3094 2045 3147 quemadmodum
2076 3096 2126 3135 ab

1169 3154 1340 3205 Origene
1380 3153 1550 3206 aliisque
1592 3150 1865 3193 Alexandrinis
1911 3151 2058 3191 sactum
2088 3158 2128 3192 et

1169 3211 1218 3251 ad
1250 3210 1422 3251 medium
1449 3221 1587 3250 aevum
1616 3221 1744 3261 usque
1774 3207 1837 3247 tue
1866 3206 1950 3248 illic
1975 3207 2125 3249 scimus

1174 3267 1460 3308 continuatum.

1259 3322 1303 3376 2)
1333 3322 1457 3364 Levit.
1484 3321 1545 3363 ll.
1579 3321 1690 3361 Dent.
1716 3319 1779 3361 14.
1803 3319 1934 3360 Locus
1959 3331 1980 3360 a
2001 3319 2125 3363 clem.

1171 3379 1277 3421 Alex.
1320 3379 1503 3419 laudatus
1539 3379 1684 3417 strom.
1716 3376 1761 3417 ll.
1794 3389 1826 3415 c.
1863 3376 1925 3417 15.
1961 3388 2000 3429 p.
2021 3377 2122 3428 464,

1171 3443 1209 3477 et
1242 3436 1283 3476 V.
1315 3450 1348 3475 c.
1383 3435 1420 3475 8.
1453 3446 1491 3486 p.
1523 3433 1618 3473 077.

1254 3493 1298 3543 3)
1333 3486 1438 3533 οὔτε
1480 3491 1578 3531 πᾶν
1617 3484 1762 3543 ἰχθὺν
1796 3481 1823 3529 ὃ
1855 3488 1883 3528 V
1913 3494 1952 3531 et
1983 3490 2035 3541 Ο,
2084 3490 2122 3530 in

1169 3560 1250 3600 quo
1282 3547 1442 3600 quidem
1474 3539 1581 3587 οὔτε
1612 3537 1769 3586 πάντα
1796 3543 1814 3584 ἲ
1847 3542 1939 3587 θῦν
1964 3540 2019 3594 ὃς
2048 3546 2119 3586 lin·

1171 3604 1242 3643 bes
1259 3615 1475 3651 mansee„
1506 3595 1613 3644 οὔτε
1635 3594 1796 3644 πάντα
1826 3598 1971 3657 goim,
1992 3596 2124 3650 25ch
