2340 3900
234 159 333 209 586
966 157 1187 203 HERMAE
1222 156 1453 204 PASTOR.

370 297 420 340 ll.
495 283 641 338 Μετὰ
675 284 728 338 τὸ
764 292 1025 352 παρελθεῖν
1060 306 1117 352 με
1152 284 1205 338 τὸ
1243 289 1438 354 θηρίον,
1475 289 1558 340 καὶ
1594 294 1855 357 παρελθεῖν
1892 285 2004 340 ωσεὶ
2028 284 2184 349 πόδας

232 364 285 419 λ,
257 354 422 408 ’ἰδοὺ
456 353 647 426 ύπαντᾷ
682 375 764 420 μοι
798 355 1046 423 παρθένος
1080 357 1408 422 κεκοσμημένη
1439 355 1550 409 ωσεὶ
1571 359 1623 410 ἐκ
1646 364 1909 424 νυμφῶνος
1932 358 2182 421 ἐκπορευο-

231 426 379 510 μένη,
421 423 509 490 ὅλη
553 409 633 475 ἐν
646 430 835 484 λευκοῖς
881 425 1332 511 κατακεκαλυμμένη
1379 447 1469 486 εως
1515 433 1600 478 τοῦ
1633 425 1878 493 μετώπου,
1927 426 1978 477 5v
2025 426 2182 495 μίτρα1

232 494 345 560 δὲη
384 492 720 558 κατακάλυψις
747 490 948 579 αὐτῆς·
1003 489 1096 558 εἶχε
1142 493 1195 544 δὲ
1239 491 1323 555 τὰς
1353 497 1527 582 τρίχας
1562 494 1712 562 αὐτῆς
1746 493 1931 555 λευκάς.
1990 491 2184 578 ’Έγνων

232 516 345 631 ε’γώἠ
356 560 452 614 ἀπὸ
489 568 585 614 τῶν
616 562 857 651 προτέρων
893 560 1148 630 ὁραμάτων
1185 561 1259 614 ὅτι
1292 586 1323 629 η
1353 561 1617 630 Ἐκκλησία
1654 566 1778 627 ἐστί,
1830 565 1913 616 καὶ
1961 561 2185 649 ἱλαρώτε-

229 653 312 718 ρος
347 629 590 715 ἐγενόμην.
654 628 939 693 Ἀσπάζεταί
975 651 1031 696 με
1065 631 1267 718 λέγουσα
1316 638 1468 699 Χαῖρε
1522 632 1605 697 σύ,
1656 633 1795 722 ἆνερ·
1847 629 1980 719 κᾶγώ
2030 629 2184 698 αὐτὴν

229 698 635 786 οἰντησττασάμην2
699 702 886 786 Κυρία,
941 706 1085 788 χαῖρε.
1171 699 1518 768 Ἀποκριθεῖσά
1574 723 1654 768 μοι
1706 704 1844 788 λέγει
1891 699 2050 754 Οὐδέν
2108 717 2185 752 σοι

233 767 498 835 ὖπήντησε;
552 770 697 856 Λέγω
742 767 865 841 αὐτῆ
904 770 1092 854 Κυρία,
1141 776 1422 836 τηλικοῦτον
1472 774 1679 840 θηρίον,
1725 769 1993 837 δυνάμενον
2035 768 2184 831 λαους

230 842 538 926 διαφθεῖραι·
587 836 706 890 ἀλλὰ
732 844 808 924 τῇ
858 836 1060 904 δυνάμει
1107 845 1193 890 τοῦ
1242 842 1414 907 κυρίου
1451 841 1532 891 καὶ
1572 846 1630 927 τῆ
1668 846 1820 926 πολλῇ
1865 838 2184 921 εὐσπλαγχνία

230 906 380 959 αὐτοῦ
392 907 650 992 ἐξέφυγον
688 905 822 959 αυτό.
895 912 1069 968 Καλῶς
1105 907 1353 994 ἐξέφυγες,
1389 909 1563 973 φησίν,
1601 893 1675 959 ’ότι
1709 907 1797 974 τὴν
1833 905 2066 992 μέριμνάν
2092 925 2182 959 σου

230 977 308 1027 ἐπὶ
354 974 442 1028 τὸν
487 976 612 1028 θεὸν
661 977 918 1042 ἒπέριψας,
965 977 1047 1028 καὶ
1094 974 1182 1043 τὴν
1230 952 1434 1044 καρδίαν
1485 994 1572 1027 σου
1607 974 1806 1042 η’νοιξας
1839 972 1961 1060 πρὸς
1996 973 2181 1044 κύριον,

228 1044 482 1107 πιστεύσας
522 1045 599 1098 ὅτι
635 1044 703 1097 δι’
746 1043 946 1106 οὐδενὸς
978 1043 1100 1118 δύνῃ
1113 1052 1362 1131 σωθῆναι
1399 1046 1442 1095 εἰ
1474 1043 1538 1111 μὴ
1578 1043 1658 1096 διὰ
1709 1050 1794 1096 τοῦ
1841 1041 2090 1132 μεγάλου
2101 1046 2184 1097 καὶ

232 1114 432 1177 ἐνδόξου
465 1114 715 1182 ὀνόματος.
787 1113 885 1167 Διὰ
920 1120 1062 1166 τοῦτο
1100 1112 1127 1165 6
1163 1114 1329 1182 κύρὶος
1367 1111 1608 1165 ἀπέστειλε
1654 1112 1742 1166 τὸν
1786 1111 1986 1203 άγγελον
2029 1111 2183 1166 αὐτοῦ

227 1182 310 1235 τὸν
358 1185 437 1236 έπὶ
484 1191 580 1236 τῶν
632 1177 956 1269 θηρίων,οὗ
1004 1181 1059 1234 τὸ
1109 1182 1261 1249 ὄνομα
1317 1181 1465 1234 αὐτοῦ
1506 1185 1686 1268 Θεγρί,
1734 1183 1815 1234 καὶ
1865 1182 2093 1251 ἐνέφραξε
2125 1181 2180 1235 τὸ

228 1251 376 1319 στόμα
421 1252 600 1315 αὐτοῦ,
647 1254 729 1304 ἵνα
779 1275 844 1319 μη
895 1268 947 1303 σε
994 1250 1228 1324 λυμήνῃ·3
1276 1273 1355 1303 και
1401 1249 1610 1319 μεγάλην
1644 1249 1816 1336 λύμην
1837 1252 2063 1338 έξέφυγες
2098 1249 2181 1304 διὰ

227 1344 314 1382 την
359 1323 520 1374 πίστιν
567 1341 681 1386 σου,
730 1321 804 1374 ὅτι
851 1326 1135 1387 τηλικοῦτον
1169 1323 1351 1409 θηρίον
1388 1320 1505 1372 ἰδὼν
1541 1320 1631 1373 οὐκ
1668 1319 1990 1388 ε’διψύχησας·
2026 1342 2182 1390 υπαγε

227 1388 316 1443 οὖν
350 1393 432 1443 καὶ
438 1389 710 1477 ἐξηγησαι4
747 1397 849 1452 τοῖς
885 1392 1120 1452 ἐκλεκτοῖς
1154 1393 1327 1479 κυρίου
1365 1389 1422 1440 τὰ
1457 1397 1680 1460 μεγαλεῖα
1714 1389 1881 1455 αὐτοῦ,
1917 1390 2001 1442 καὶ
2023 1386 2182 1442 εἷπονις

229 1459 394 1521 αὐτοῖς
438 1459 513 1512 ὅτι
557 1460 611 1512 τὸ
659 1462 838 1530 θηρίον
883 1464 1025 1510 τοῦτο
1070 1458 1222 1521 τύπος
1268 1460 1363 1510 ἐστὶ
1411 1465 1498 1525 τῆς
1541 1456 1806 1526 μελλούσης
1840 1461 2064 1525 θλίψεως
2097 1465 2184 1526 τῆς

228 1527 456 1617 μεγάλης·
505 1529 589 1582 ἐὰν
639 1531 729 1581 οὐν
777 1526 1193 1596 προετοιμάσησθε
1241 1529 1321 1580 καὶ
1378 1528 1698 1612 μετανοήσητε
1735 1530 1784 1591 ἐξ
1819 1527 1951 1615 ὅλης
1978 1530 2182 1596 καρδίας

229 1598 366 1686 ύμῶν
414 1596 535 1667 πρὸς
578 1597 663 1651 τὸν
709 1597 906 1684 κύριον,
959 1597 1232 1684 δυνήσεσθε
1279 1598 1508 1683 ἐκφυγεῖν
1538 1595 1741 1684 αὐτήν,
1787 1595 1874 1649 ἐὰν
1915 1593 1951 1664 ἦ
1985 1599 2180 1684 καρδία“

227 1669 417 1752 γένηται
455 1666 652 1732 καθαρὰ
687 1667 766 1718 καὶ
805 1665 1029 1754 άμωμος,
1064 1670 1146 1719 καὶ
1180 1665 1266 1726 τὰς
1300 1664 1473 1727 λοιπὰς
1518 1664 1698 1753 ημέρας
1746 1672 1834 1733 τῆς
1877 1670 2023 1753 ζωῆς
2044 1665 2182 1733 ύμῶν

228 1735 516 1802 δουλεύσητε
550 1742 617 1806 τῷ
646 1737 810 1823 κυρίῳ
843 1734 1109 1801 ἀμέμπτως.
1173 1734 1494 1821 Ἐπιρρίψατε
1530 1734 1616 1797 τὰς
1666 1738 1869 1804 καρδίας
1914 1733 2054 1802 ’ὑμῶν
2101 1737 2180 1789 ἐπὶ

226 1803 312 1857 τὸν
346 1803 543 1870 κύριον,
581 1805 662 1858 καὶ
701 1803 848 1864 αὐτὸς
881 1803 1181 1870 κατορθώσει
1218 1802 1380 1865 αὐτάς
1456 1802 1750 1855 Πιστεύσατε
1787 1810 1856 1890 τῷ
1903 1806 2078 1874 κυρίω,
2133 1807 2185 1859 οἷ

228 1877 450 1940 δίψυχοι,
500 1873 575 1925 ότι
625 1870 783 1924 πάντα
828 1871 1058 1936 δύναται,
1108 1873 1189 1924 καὶ
1226 1871 1528 1957 ἀποστρέψαι
1562 1871 1650 1938 τὴν
1686 1869 1855 1941 ὀργὴνῗ
1893 1857 2045 1924 αὐτοῦ
2081 1871 2176 1939 ἀφ’

227 1942 380 2009 ύμῶν,
413 1943 495 1994 καὶ
532 1940 806 1993 ἀποστεῖλαι
842 1939 1073 2023 μάστιγας
1108 1948 1209 2002 τοῖς
1245 1939 1484 2008 διψύχοις.
1531 1940 1689 2028 ςθΟυαὶ
1722 1947 1823 2002 τοῖς
1860 1939 2095 1993 ἀκούσασι
2121 1941 2181 1995 τὰ

228 2033 443 2106 ρηματα8
451 2017 602 2062 ταῦτα
639 2011 721 2063 καὶ
753 2010 1140 2077 παρακούσασιν·
1174 2009 1482 2080 αἰρετωτερον
1518 2032 1583 2076 ην
1630 2008 1795 2071 αὐτοῖς
1841 2008 1896 2062 τὸ
1942 2008 2007 2078 μὴ
2054 2031 2180 2081 γεγε-

226 2083 443 2150 νῆσθαι.8

363 2213 434 2259 111.
507 2206 606 2256 Καὶ
636 2203 862 2292 ἠρώτησα
900 2202 1072 2289 αὐτὴν
1087 2204 1194 2271 περὶ
1240 2210 1337 2255 τῶν
1379 2202 1621 2288 τεσσάρων
1665 2202 1926 2293 χρωμάτων
1972 2198 2042 2258 ὧν
2089 2202 2180 2274 εἶχε

225 2275 279 2328 τὸ
316 2277 507 2364 θηρίον
531 2277 599 2335 εἰς
633 2273 721 2341 τὴν
757 2272 987 2341 κεφαλήν.
1058 2270 1119 2323 Ἡ
1154 2273 1205 2323 65
1242 2272 1565 2337 ἆποκριθεῖσά
1602 2293 1684 2340 μοι
1726 2273 1850 2342 λέγει
1896 2272 2059 2326 Πάλιν
2101 2295 2178 2327 πε-

227 2347 412 2413 ρίεργος
461 2341 507 2396 εἷ
545 2364 655 2410 περι
698 2342 932 2396 τοιούτων
976 2340 1277 2429 πραγμάτων.
1351 2345 1478 2406 Ναί,
1530 2345 1703 2426 φημί,
1736 2345 1908 2411 κυρία·
1901 2341 2181 2430 ῒγνῶρισόν

227 2435 305 2479 μοι
343 2416 389 2464 τί
426 2414 522 2463 ε’στι
557 2419 720 2464 ταῦτα.
773 2411 971 2474 Ἀκουε,
1009 2414 1153 2478 φησί·
1189 2410 1243 2463 τὸ
1282 2411 1369 2478 μὲν
1402 2386 1547 2478 μέλαν
1581 2410 1609 2463 6
1643 2408 1826 2478 κόσμος
1862 2405 2006 2474 ουτός
2034 2412 2178 2477 ἔστιν,

229 2483 280 2534 έν
318 2484 356 2550 ᾠ
398 2487 684 2533 κατοικεῖτε·
722 2479 775 2532 τὸ
816 2481 868 2532 δε
901 2480 1151 2566 πυροειδὲς
1187 2481 1269 2531 καὶ
1306 2482 1599 2546 αἱματῶδες,
1637 2479 1713 2532 ὅτι
1745 2483 1823 2534 δεῖ
1865 2479 1950 2533 τὸν
1996 2478 2180 2567 κόσμον

227 2557 399 2603 τοῦτον
436 2548 501 2600 δι’
545 2551 745 2613 αι’ματος
779 2551 860 2600 καὶ
897 2547 1053 2632 πυρὸς
1089 2547 1373 2600 ἀπολέσθαι.
1452 2547 1517 2600 Τὸ
1557 2549 1609 2600 δὲ
1642 2555 1852 2635 χρυσοῦν
1880 2548 2076 2637 μέρος“’
2042 2557 2180 2616 υμεῖς

228 2621 344 2672 ε’στει
379 2621 428 2672 οἷ
461 2617 773 2705 ἐκφεύγοντες
809 2617 895 2670 τὸν
930 2617 1113 2682 κόσμον
1147 2623 1331 2669 τοῦτον.
1385 2615 1586 2702 ’ἽΩσπερ
1610 2615 1700 2684 γὰρ
1734 2615 1787 2669 τὸ
1813 2621 2010 2703 χρυσίον
2045 2621 2178 2671 δοκι-

226 2687 417 2755 μάζεται
454 2687 534 2739 διὰ
568 2693 654 2740 τοῦ
691 2686 847 2755 πυρὸς
881 2687 963 2738 καὶ
991 2684 1254 2773 εὔχρηστον
1286 2687 1490 2755 γίνεται,
1527 2684 1654 2736 ούτω
1688 2687 1771 2737 καὶ
1803 2685 1942 2752 υμεῖς
1978 2686 2177 2754 δοκιμά-

229 2763 367 2820 ζεσθε
403 2759 453 2809 οἱ
488 2762 824 2817 κατοικοῦντες
860 2757 911 2807 έν
947 2753 1091 2825 αύτῷ.
1167 2756 1232 2805 Oi
1263 2755 1354 2805 οὖν
1390 2755 1694 2820 ἐμμείναντες
1742 2755 1822 2806 καὶ
1869 2757 2180 2843 πυρωθέντες

229 2825 316 2878 ὐπ’
359 2825 508 2878 αὐτοῦ
545 2824 994 2908 καθαρισθήσεσθε.
1044 2808 1240 2889 ’Ὠσπερ
1276 2821 1329 2874 τὸ
1366 2825 1562 2889 χρυσίον
1611 2821 1869 2889 αποβάλλει
1918 2823 2007 2891 τὴν
2059 2842 2179 2878 σκω-

228 2899 338 2963 ρίαν
373 2894 541 2958 αυτοῦ,
574 2894 700 2946 ούτω
734 2895 816 2946 καὶ
850 2891 987 2959 ύμεῖς
1022 2890 1349 2958 (ῗιποβαλεσθε2
1384 2898 1545 2943 πᾶσαν
1563 2890 1719 2957 λύπην
1742 2893 1822 2944 καὶ
1848 2896 2177 2978 στενοχωρίαν,

227 2965 311 3016 καὶ
344 2962 797 3050 καθαρισθησεσθε,
833 2964 916 3014 καὶ
949 2961 1178 3047 χρήσιμοι
1207 2962 1374 3012 ε’σεσθε
1411 2962 1478 3021 εἰς
1513 2958 1601 3026 τὴν
1637 2958 1921 3047 οἰκοδομὴν
1932 2968 2021 3014 τοῦ
2055 2961 2179 3048 πύρ-

229 3054 331 3102 γου.
405 3031 471 3085 Τὸ
520 3033 572 3084 δὲ
616 3030 789 3084 λευκὸν
840 3032 984 3100 μέρος
1032 3029 1060 3082 6
1096 3027 1217 3082 αἰων
1250 3028 1277 3082 ὁ
1314 3027 1565 3114 έρχόμενός
1601 3029 1755 3092 ἐστιν,
1793 3031 1844 3081 ἓν
1881 3051 1920 3080 ω
1953 3030 2176 3098 κατοική-

228 3119 397 3153 κουσιν
441 3103 491 3152 οἷ
538 3102 745 3153 ἐκλεκτοὶ
791 3106 879 3151 τοῦ
929 3101 1129 3166 κυρίου,
1178 3098 1253 3151 ότι
1306 3096 1498 3151 άσπιλοι
1544 3098 1626 3150 καὶ
1658 3098 1872 3166 καθαροὶ
1908 3099 2096 3152 ἔσονται
2132 3102 2183 3153 οἱ

316 3254 411 3304 Cap.
445 3255 491 3294 11.
554 3252 594 3304 1)
625 3255 795 3318 μίτρα·
838 3265 976 3303 apogl.
1006 3246 1174 3318 μήτρᾳ.
1316 3252 1359 3302 6)
1388 3250 1414 3304 ἡ
1435 3248 1801 3319 καρδίαειὶιεῳιοζ
1781 3253 1935 3318 υμῶντ
1967 3253 2025 3292 sic
2039 3266 2178 3304 apogr.

316 3309 363 3355 2)
385 3304 793 3373 ἀντησπαοάμηνε
855 3320 992 3358 apogr.
1047 3305 1176 3348 ἀντι·
1317 3307 1362 3357 7)
1393 3305 1560 3370 ὀργὴνε
1592 3319 1729 3357 apogr.
1742 3304 2176 3364 Ροῑὶιιεὸρμὴνῑιεῇοῑ.

234 3359 508 3428 σπασάμην.
1317 3362 1361 3408 8)
1392 3363 1445 3401 ita
1473 3375 1624 3412 apogr„
1655 3374 1736 3400 non
1768 3361 1876 3412 quod
1904 3369 2082 3413 praestat
2100 3377 2178 3418 γε-

316 3417 360 3469 3)
391 3414 592 3484 λυμήνῃε
624 3419 682 3457 sie
701 3431 855 3469 apogr„
883 3430 963 3456 non
983 3412 1175 3474 λυμάνῃ.
1226 3429 1310 3470 γει
1311 3419 1498 3468 νῆσθαι.

317 3473 361 3521 4)
392 3462 631 3526 ἐξήγησαιε
662 3485 800 3523 apogr
840 3468 1065 3523 ἐζήτησαι.

321 3525 365 3572 5)
397 3525 555 3576 εἷπον;
586 3540 723 3578 apogr.
749 3525 894 3578 εἶπεν,
925 3527 1018 3566 hinc
1041 3527 1175 3576 potius
1315 3525 1409 3576 Cap.
1420 3525 1496 3564 v11.
1541 3523 1583 3574 1)
1605 3522 1728 3564 ἔστεε
1761 3525 1839 3564 hoc
1856 3533 2020 3567 accentu
2040 3540 2177 3579 apogr.

239 3576 372 3623 εἶπον
403 3594 518 3631 quam
550 3583 657 3626 εἰπέ
683 3582 878 3624 edendum
910 3581 1126 3622 videbatur.
1317 3579 1360 3631 2)
1391 3591 1529 3630 apogr
1543 3577 1887 3631 ἀποβαλλέσθετ
1907 3582 1985 3622 hoc
2000 3589 2177 3623 accentu.
