2340 3900
582 175 826 227 'umas
860 177 1092 226 msron.
1159 178 1325 226 Lmen
1361 178 1393 225 ι.
1463 177 1610 241 v1sio
1644 174 1720 224 ln.
1754 172 1825 235 (n)
2075 171 2177 223 429

219 318 418 365 recessit
457 314 516 363 ab
566 317 652 364 eis.
720 315 973 376 Propterea
1017 331 1108 363 non
1160 317 1393 364 habebunt
1437 317 1628 365 salutem
1645 353 1657 374 ,
1695 317 1909 379 quoniam
1942 326 2037 361 non
2073 320 2179 360 sunt

219 387 356 433 utiles
390 386 450 432 'in
491 383 808 432 aedificatione
854 392 1047 446 propter
1094 387 1307 432 malitiam
1359 400 1500 433 suam.
1570 386 1679 434 ideo
1727 384 1902 434 concisi
1947 390 1995 431 et
2039 382 2177 444 longe

205 454 413 517 proiecti
448 458 557 500 sunt
587 459 781 515 propter
816 453 1095 500 iracundiam
1133 455 1337 516 Domini,
1391 455 1606 516 quoniam
1642 456 2029 503 exacerbaverunt
2062 465 2179 500 eum.

218 524 436 570 Caeteros
467 535 592 578 vero,
628 535 747 582 qnos
778 522 930 568 vidisti
965 523 1132 569 multos
1168 525 1382 579 iacenteS,
1420 526 1599 585 positos
1623 524 1668 571 in
1705 523 2069 572 aedificationem
2087 534 2180 568 non

216 593 299 648 ire,
334 590 412 636 isti
445 589 692 652 aliquando
727 590 928 638 scabiosi
963 599 1107 648 erant,
1145 593 1222 652 qui
1260 601 1572 653 cognoverunt
1601 595 1835 641 veritatem
1869 599 1917 640 et
1949 605 2040 639 non
2075 603 2179 653 per·

214 665 482 706 manserunt
518 660 564 706 in
603 653 690 707 ea.¹
760 659 816 707 Et
851 661 942 707 dixi
978 661 1043 707 ei:
1087 662 1165 721 qui
1198 668 1348 707 autem
1385 663 1610 709 scissuras
1635 662 1875 720 habehant,
1914 662 1992 724 qui
2018 659 2178 708 erant?

214 727 272 774 Et
315 729 378 774 ait
427 729 563 775 mibi:
606 730 684 776 isti
728 736 859 786 sunt,
912 730 990 791 qui
1027 730 1267 776 adversum
1305 744 1354 776 se
1393 725 1682 778 divisionem²
1719 732 1971 788 habebant,
2008 737 2054 777 et
2089 742 2180 776 non

215 804 346 843 erant
380 811 536 845 secum
570 796 767 860 pacifici,
803 799 849 845 in
883 812 1128 860 personam
1164 799 1385 845 habentes
1420 814 1595 861 pacem.
1650 801 1932 849 Recedentes
1970 806 2118 847 autem
2155 811 2181 843 a

203 880 294 923 ·se,
330 867 497 913 malitia
532 881 691 914 eorum
727 869 772 914 in
811 868 1029 915 cordibus
1067 882 1228 915 eorum
1265 869 1600 929 perseverabat.
1672 869 1800 931 lpsae
1853 885 1964 932 ergo
2012 869 2179 916 scissu-

214 949 293 983 rae
330 943 486 993 erant,
525 950 642 997 quae
678 944 810 984 erant
841 938 886 983 in
920 937 1146 999 lapidibus
1186 938 1286 983 inis.
1360 937 1425 983 llli
1463 945 1613 985 autem
1651 939 1852 1000 lapides,
1890 941 1968 1000 qui
2016 937 2179 985 breves

215 1011 264 1051 et
297 1006 469 1053 minimi
505 1013 660 1063 erant,
696 1007 771 1053 isti
809 1014 941 1063 sunt,
978 1008 1056 1068 qui
1093 1006 1390 1054 crediderunt
1426 1007 1608 1067 quidem
1647 1015 1692 1054 ct
1739 1009 1956 1055 maiorem
2004 1012 2180 1070 partem

214 1073 387 1121 habent
420 1074 644 1133 iustitiae3
694 1075 967 1138 aliquantam
1020 1085 1171 1124 autem
1207 1083 1383 1137 partem
1420 1076 1887 1138 habentiniquitatis:
1933 1083 2181 1151 propterea

212 1140 378 1191 breves
403 1134 452 1191 et
485 1157 578 1191 non
605 1146 859 1192 consumati
880 1153 1000 1192 sunt.
1072 1146 1127 1192 Et
1162 1159 1246 1207 ego
1272 1146 1385 1191 dixi.
1437 1145 1525 1192 albi
1564 1160 1675 1208 ergo
1714 1154 1759 1194 et
1794 1146 1979 1194 rotundi
2018 1152 2064 1192 et
2103 1143 2182 1205 qui

213 1225 313 1260 non
349 1221 606 1274 aequantur
642 1215 687 1261 in
738 1212 1085 1273 aedificatione,
1138 1217 1215 1276 qui
1263 1221 1382 1271 sunt,
1423 1214 1640 1262 domina?
1701 1216 1753 1262 Et
1788 1216 1862 1262 illa
1899 1216 2007 1262 dixit
2042 1212 2180 1260 mihi:

215 1295 364 1343 usqne
411 1297 504 1343 quo
540 1297 635 1330 non
670 1285 843 1341 sentis,
879 1285 964 1332 sed
1000 1299 1184 1347 semper
1234 1285 1491 1346 interrogas
1529 1293 1575 1332 et
1620 1284 1735 1331 nihil
1790 1283 2037 1344 intelligis?
2101 1281 2179 1327 Isti

216 1357 338 1408 sunt,
373 1353 453 1413 qui
488 1351 660 1399 babent
692 1353 877 1415 quidem
914 1353 1067 1408 fidem,
1104 1361 1150 1400 et
1183 1353 1354 1399 habeut
1392 1354 1568 1399 divitias
1608 1353 1742 1399 huius
1767 1353 1922 1399 seculi.
1991 1349 2180 1407 Quando

217 1418 270 1466 lit
304 1419 563 1479 tribulatio,
597 1429 788 1484 propter
822 1422 998 1469 divitias
1036 1436 1142 1468 suas
1180 1429 1227 1468 et
1261 1419 1453 1482 propter
1488 1421 1823 1482 negotiationes
1871 1435 1978 1467 suas
2016 1423 2184 1480 negant

216 1488 358 1536 Deum
394 1503 540 1536 suum.
610 1490 664 1536 Et
699 1490 987 1552 respondens
1042 1491 1131 1537 dixi
1168 1490 1235 1536 ei:
1284 1489 1479 1545 domina,
1518 1489 1701 1550 quando
1739 1504 1851 1551 ergo
1887 1489 2024 1536 utiles
2049 1493 2184 1534 erunt

215 1558 263 1604 in
297 1557 645 1606 aedificatione?
693 1558 750 1606 Et
784 1559 859 1606 illa
894 1560 1004 1606 dixit
1034 1559 1169 1606 mihi:
1223 1557 1407 1620 quando
1446 1559 1718 1606 circumcisa
1756 1559 1895 1606 suerit
1931 1557 2183 1605 substantia

213 1640 401 1684 eorum,
437 1641 557 1688 quae
594 1627 823 1676 confortat
858 1642 965 1687 eoS‚
1002 1635 1110 1676 tunc
1156 1628 1291 1675 utiles
1338 1634 1473 1674 erunt
1510 1627 1643 1675 Deos·
1690 1628 1820 1675 Sicut
1864 1628 1979 1690 lapis
2027 1633 2182 1674 rotun·

213 1695 328 1753 dns,
362 1696 451 1743 nisi
485 1697 725 1758 praecisus
761 1697 902 1745 fuerit
936 1705 983 1745 et
1018 1699 1191 1746 amittat
1243 1697 1414 1758 aliquid
1465 1699 1522 1745 de
1575 1712 1648 1755 se,
1705 1713 1798 1745 non
1850 1698 2018 1760 poterit
2075 1711 2181 1757 qua-

212 1764 370 1812 dranis
402 1764 531 1812 lieri:
578 1767 646 1814 sic
682 1774 731 1815 et
762 1768 922 1815 divites
959 1768 1103 1814 seculi
1139 1768 1301 1824 huius,
1338 1767 1426 1813 nisi
1462 1768 1671 1830 praecisa
1708 1767 1846 1815 suerit
1881 1781 2040 1813 eorum
2078 1764 2182 1812 suh-

213 1836 403 1892 stantia,
440 1848 534 1881 non
571 1843 790 1898 poterunt
823 1837 1015 1884 Domino
1053 1837 1187 1883 utiles
1225 1836 1338 1883 fieri.
1411 1837 1447 1882 Α
1485 1844 1530 1883 te
1567 1844 1715 1883 autem
1767 1836 1867 1897 ipso
1919 1836 2089 1923 primo
2118 1835 2181 1880 in-

213 1904 389 1966 tellige:
423 1905 625 1965 quando
677 1906 804 1953 dives
851 1920 979 1964 eras,
1029 1905 1203 1952 inutilis
1253 1920 1380 1963 eras3
1435 1906 1571 1952 modo
1623 1913 1771 1952 autem
1818 1905 1943 1951 utilis
1993 1896 2089 1961 es,⁸
2137 1910 2182 1950 et

214 1973 423 2035 proderit
454 1973 572 2021 vitae
607 1981 727 2023 tuae.
798 1973 938 2023 Utiles
974 1982 1120 2022 estote
1158 1975 1274 2021 Deo:
1329 1983 1375 2022 et
1412 1982 1459 2021 tu
1497 1981 1647 2022 autem
1683 1975 1838 2021 utilior
1875 1974 1930 2021 de
1970 1974 2082 2035 ipsis
2120 1972 2181 2018 la-

213 2040 397 2103 pidibus
432 2042 543 2090 eris.

356 2138 422 2198 (ι)
444 2139 535 2191 vu.
603 2141 732 2190 Alios
768 2149 916 2189 autem
953 2142 1154 2204 lapides,
1187 2157 1304 2203 quos
1341 2143 1491 2190 vidisti
1541 2143 1675 2204 longe
1722 2158 1746 2189 a
1784 2149 1909 2189 turre
1948 2142 2183 2203 proiectos

216 2218 265 2257 et
309 2210 529 2258 ndentes
573 2211 620 2258 in
665 2205 799 2259 viam¹
846 2218 893 2258 et
941 2212 1172 2258 volventes
1222 2227 1273 2259 se
1322 2213 1378 2259 de
1426 2213 1494 2259 via
1541 2213 1585 2258 in
1624 2212 1755 2259 aliam
1791 2212 1932 2268 viam,
1969 2211 2041 2257 isti
2078 2218 2183 2257 sunt

217 2279 461 2327 eredentes
506 2280 722 2342 quidem;
777 2294 863 2343 per
907 2280 1188 2328 dubietatem
1237 2295 1365 2327 suam
1415 2281 1646 2327 dimittunt
1695 2282 1808 2327 viam
1847 2294 1973 2326 suam
2012 2293 2180 2336 veram,

216 2357 455 2411 sperantes
493 2363 544 2396 se
580 2349 815 2397 meliorem
852 2351 966 2397 viam
1006 2350 1223 2397 invenire.
1297 2351 1350 2396 Et
1386 2350 1604 2397 falluntur
1641 2351 1685 2396 in
1709 2349 1919 2396 'miseriis
1959 2349 2069 2406 suis,
2092 2363 2181 2395 am-

215 2416 422 2465 bulantes
458 2419 506 2464 in
539 2419 906 2480 viisperversie.
979 2412 1087 2476 Qui*
1124 2425 1273 2466 autem
1310 2418 1480 2465 cadunt
1516 2420 1557 2465 in
1594 2420 1745 2480 ignem
1782 2425 1823 2464 et
1874 2417 2059 2475 ardent,
2109 2418 2182 2463 isti

216 2493 356 2543 sunt,
394 2486 473 2548 qni
509 2488 823 2549 praevaricant
857 2502 882 2534 a
918 2488 1008 2535 Deo
1044 2489 1159 2536 vivo.
1232 2489 1287 2535 Et
1321 2502 1553 2549 nunquam
1591 2489 1798 2535 ascendit
1833 2487 1920 2534 illis
1958 2487 2003 2533 in
2041 2487 2182 2534 corde
2251 2521 2256 2526 .

217 2556 444 2618 poeniteri
488 2563 680 2619 propter
723 2558 1122 2619 concupiscentias
1170 2556 1407 2604 libidinum
1458 2572 1642 2605 suarum
1701 2564 1747 2604 et
1795 2556 2015 2614 malitias,
2070 2570 2184 2618 quas

202 2631 482 2686 operantur.
554 2624 609 2672 sst
654 2639 742 2688 ego
794 2626 911 2673 dixi:
966 2626 1039 2673 alii
1091 2633 1240 2673 autem
1285 2627 1460 2688 lapides
1512 2628 1730 2674 cadentes
1779 2627 1900 2674 iuxta
1936 2639 2098 2686 aquam
2138 2632 2185 2672 et

219 2693 300 2755 qui
333 2708 426 2741 non
461 2700 674 2756 poterant
707 2694 822 2742 volvi
859 2694 904 2742 in
941 2710 1129 2757 aquam,
1169 2696 1243 2743 dic
1280 2697 1412 2754 mihi,
1451 2698 1526 2757 qui
1574 2696 1737 2744 erant?
1798 2696 1875 2742 Illa
1903 2702 2070 2750 ‚autem
2120 2694 2183 2740 di·

219 2766 282 2808 xit
335 2763 470 2810 mibi:
526 2763 601 2810 isti
650 2771 782 2821 sunt,
834 2766 912 2825 qui
963 2764 1103 2812 verbo
1149 2766 1390 2812 audierunt
1440 2773 1487 2812 et
1522 2765 1725 2812 volentes
1764 2764 1981 2826 baptizari
2021 2765 2065 2809 in
2103 2776 2181 2809 no-

220 2831 340 2878 mine
378 2829 569 2879 Domini.
635 2830 827 2890 Quando
863 2834 984 2881 venit
1019 2834 1106 2880 illis
1144 2835 1188 2880 in
1224 2842 1421 2882 mentem
1460 2835 1643 2880 castitas
1681 2834 1907 2891 veritatis,
1949 2832 2182 2892 poeniten·

222 2904 298 2945 tur
331 2905 379 2946 et
411 2898 641 2947 ambulant
675 2900 840 2948 iterum
877 2909 984 2964 post
1018 2904 1414 2964 concupiscentias
1453 2903 1702 2964 iniquitatis
1729 2916 1854 2949 suae.
1922 2900 2044 2947 Finit
2071 2913 2182 2960 ergo

222 3031 315 3074 dein
343 3033 486 3075 diuites
516 3035 602 3088 qni,
630 3039 715 3076 um
742 3046 877 3075 eom
895 3034 1058 3076 divitiae
1081 3037 1173 3086 sue-
1316 3033 1360 3087 7)
1390 3049 1475 3076 cum
1514 3037 1660 3076 venerit
1703 3037 1743 3075 in
1774 3036 1957 3076 memoria
1988 3034 2180 3075 sanctitas

221 3091 314 3130 rial.
356 3088 492 3131 lauh.
524 3088 591 3139 19,
619 3088 801 3132 21—u.
1229 3093 1409 3132 veritatis
1439 3092 1633 3132 retrahent
1665 3105 1706 3132 se
1743 3092 1825 3132 vm.

314 3145 389 3197 u)
416 3147 475 3186 eis
506 3156 584 3186 on.
615 3144 701 3187 Vnt.
1311 3147 1359 3196 8)
1393 3149 1667 3200 ambulavitque
1685 3161 1823 3188 rursus
1840 3149 1964 3200 primo
1979 3146 2180 3188 desideria

309 3200 408 3254 Cap.
449 3201 531 3243 vn.
603 3200 645 3254 l)
687 3199 738 3242 Εἰ
770 3199 876 3250 Vnt..
920 3200 987 3254 qni
1033 3200 1119 3240 eth.
1147 3215 1172 3241 a
1231 3214 1304 3242 rua
1333 3203 1515 3244 rutenia
1551 3203 1634 3245 Vnt.

222 3257 481 3299 dubitatione.
511 3256 621 3299 ldem
649 3257 831 3311 relinqua
861 3269 901 3310 p.
921 3258 1172 3310 reliquerunt.

222 3311 309 3354 vid.
339 3311 373 3354 ΙΙ
392 3312 499 3355 Petr.
530 3313 573 3364 2,
607 3313 671 3355 15.
1316 3311 1413 3365 Cap.
1445 3314 1503 3356 Vl.
1567 3314 1607 3366 1)
1642 3327 1727 3355 eam
1758 3314 1840 3355 Pal.

306 3367 334 3411 2
382 3368 501 3411 Erant
530 3368 618 3410 vat.
1314 3368 1359 3419 2)
1389 3370 1583 3410 divisione
1617 3370 1698 3411 l'al.

307 3423 334 3466 3
383 3425 426 3466 ἐκ
454 3424 626 3467 desertis
655 3425 732 3466 viis
763 3424 848 3465 Vnt.
1314 3423 1359 3475 3)
1390 3430 1447 3465 σοι
1479 3426 1562 3466 Pal.

307 3480 332 3521 4
379 3479 434 3522 Εἰ
460 3485 551 3523 mat
583 3481 653 3535 qui
681 3482 724 3521 iu
750 3481 827 3531 fine
856 3479 968 3532 Vnt„
1009 3491 1097 3520 mox
1132 3481 1170 3518 in
1315 3479 1413 3532 (an
1445 3480 1523 3522 vu.
1586 3480 1627 3534 Ι)
1655 3483 1723 3523 via
1752 3481 1835 3523 Pal.
1866 3494 1967 3524 cum
1983 3484 2028 3523 in
2055 3495 2177 3537 supra

222 3536 351 3577 corde.
1230 3534 1381 3576 addito.

310 3592 357 3647 5)
386 3603 533 3688 ru·
562 3590 646 3634 Vat-
1315 3592 1362 3643 2)
1394 3593 1540 3637 Quibus
1570 3599 1656 3634 eret
1685 3593 1724 3634 in
1751 3593 1848 3643 pat,
1878 3594 2095 3646 postmodo
2119 3602 2180 3637 est

308 3647 355 3701 6)
468 3647 552 3689 vat.
1229 3650 1272 3686 in
1303 3649 1406 3697 ique.
1452 3648 1557 3689 lntrn
1587 3650 1701 3690 verbo
1734 3662 1815 3691 non
1847 3651 2103 3693 correximue.
