2340 3900
190 162 290 218 650

246 308 397 342 storum
432 301 606 341 natalitia
639 303 890 344 celebrantur
919 305 1014 345 404.
1068 306 1144 345 Re-

253 357 397 408 liquiae
428 358 664 397 Sanctorum
697 359 790 399 214.
823 361 917 399 404.

191 415 404 451 Satanas
447 419 611 452 vocatur
645 414 874 454 Contrarius
906 416 953 465 ἃς
995 416 1143 456 Adver-

244 467 374 507 sarius
408 468 486 518 983
518 469 694 520 Nequam
726 470 775 521 7;
816 472 1004 522 princeps
1044 477 1144 512 tem-

242 523 353 574 poris
382 523 507 575 iniqui
541 524 607 565 38.
669 526 806 576 Angeli
839 527 1006 567 Satanae
1050 529 1140 567 ibid.

190 578 489 620 Schismatis
534 580 721 632 iniquitas
767 588 805 622 et
844 583 1042 634 pernicies
1075 584 1139 624 48.

370 634 449 675 Cur
476 635 579 675 inter
605 649 677 676 vos
716 644 807 677 sunt
851 639 1141 688 contentiones,

241 636 308 674 91.

238 1471 402 1522 Benigni
432 1472 553 1512 simus
583 1487 674 1524 erga
704 1475 981 1514 schismaticos
1012 1476 1078 1516 60.

184 1527 484 1578 Scripturae
522 1541 658 1569 sacrae
701 1537 792 1570 sunt
834 1543 925 1569 vera
964 1531 1135 1581 Spiritus

575 1083 615 1122 Si
662 1083 748 1135 quis
787 1084 960 1124 schisma
991 1085 1140 1124 facien-

243 1141 319 1175 tem
348 1143 536 1187 sectatur,
568 1139 679 1188 regni
711 1139 831 1179 divini
855 1141 1139 1180 haereditatem

239 1205 316 1231 non
370 1193 628 1245 consequitur
679 1196 765 1234 176.
832 1195 1138 1236 Contentionum
1183 1195 1370 1248 Sponsi
1415 1200 1453 1234 et
1499 1207 1672 1245 sponsae
1714 1194 1830 1234 decet
1867 1199 1912 1234 ut
1954 1194 2006 1235 de
2043 1205 2135 1235 sen-

237 1261 283 1287 ac
325 1249 566 1288 seditionum
622 1256 806 1290 auctores
855 1253 968 1303 sequi
1022 1252 1137 1291 valde

238 1304 506 1354 periculosum
539 1306 603 1346 60.
650 1306 723 1346 Ubi
755 1314 815 1347 est
831 1307 972 1347 divisio
1006 1314 1044 1347 et
1065 1308 1136 1356 ira,

236 1359 290 1399 ibi
320 1361 425 1400 Deus
464 1374 543 1401 non
576 1362 726 1402 habitat
763 1363 853 1403 180.
913 1364 1137 1404 Divisiones

239 1416 447 1466 fugiendae
479 1423 522 1456 ut
551 1418 791 1469 principium
820 1419 1017 1459 malorum
1047 1420 1135 1459 192.

708 172 871 217 INDEX
909 172 1095 217 RERUM
1135 172 1203 217 m*
1242 173 1629 220 PERSONARUM.

237 1583 362 1623 sancti
407 1585 568 1624 oracula
598 1586 664 1625 92.
724 1585 762 1625 ln
803 1586 852 1624 iis
896 1586 992 1625 nihil
1032 1586 1135 1626 11110-
1273 1586 1359 1626 190.
1400 1585 1494 1625 520.

238 1645 341 1678 stum
387 1653 515 1691 neque
562 1654 793 1692 perversum
833 1641 1026 1693 scriptum
1077 1648 1137 1681 est

236 1696 330 1736 ibid.
374 1694 497 1735 Clem.
523 1697 634 1735 Rom.
655 1709 798 1736 nomen
821 1697 1050 1748 Scripturae
1071 1698 1137 1737 dat

233 1750 332 1789 Novi
365 1751 604 1791 Testamenti
635 1751 725 1791 loco
760 1753 848 1793 108.

181 1805 411 1845 Seculum
442 1818 633 1856 praesens
665 1813 702 1847 et
740 1808 912 1847 futurum
947 1808 1025 1847 duo
1056 1809 1134 1847 ini-

235 1861 325 1900 mici
359 1862 448 1901 110.

180 1917 466 1957 Senecione
494 1924 531 1958 et
568 1918 691 1957 Sura
718 1918 958 1959 Consulibus
991 1932 1134 1971 passus

234 1978 294 2012 est
327 1973 496 2023 ignatius
529 1974 622 2014 214.

181 2028 366 2080 Sepiae
394 2042 490 2068 usus
523 2029 665 2070 vetitus
696 2031 852 2070 ludaeis
886 2030 949 2071 22.

1631 1735 1661 1779 Τ

180 2085 402 2135 Serpens
434 2098 592 2135 aeneus,
624 2092 740 2138 typus
771 2087 917 2126 Christi
948 2087 1000 2128 28
1032 2100 1092 2139 sq.
1232 2097 1321 2124 esse
1366 2085 1511 2124 debent
1538 2086 1563 2125 6
1594 2097 1657 2136 sq.

180 2141 335 2180 Servo
370 2146 407 2180 et
434 2141 603 2182 ancillae
635 2155 684 2182 ne
714 2142 887 2194 imperes
919 2143 958 2182 in
991 2143 1135 2182 amari-
1233 2140 1458 2180 aedificatio
1489 2141 1542 2180 36
1574 2153 1634 2192 sq.

234 2196 370 2236 tudine
401 2198 467 2238 40.
514 2198 660 2238 Servos
690 2204 727 2237 et
757 2199 924 2238 ancillas
954 2212 1003 2238 ne
1037 2212 1135 2238 con-

578 2255 689 2294 Servi
721 2261 759 2294 et
789 2255 957 2294 ancillae
988 2268 1037 2294 ne
1067 2268 1134 2294 su-

234 2309 437 2361 perbiant3
490 2323 539 2349 ne
585 2311 814 2350 desiderent
862 2311 1135 2350 communibus

234 2365 427 2404 sumtibus
459 2379 479 2405 0
509 2367 696 2406 servitute
736 2366 900 2416 redimi,
943 2380 992 2406 ne
1031 2367 1134 2406 servi

236 2258 387 2292 temnas
419 2253 512 2293 202.

234 2420 482 2460 inveniantur
505 2422 733 2472 cupiditatis
765 2423 859 2461 ibid.
1238 2422 1275 2460 6.
1309 2421 1375 2459 30.

181 2476 206 2515 S
221 2489 244 2515 o
258 2482 424 2515 crates
455 2476 701 2516 Christianus
735 2477 914 2517 Corinthi
948 2478 1043 2518 406.
1178 2476 1207 2515 Τ
1219 2476 1244 2514 h
1257 2490 1276 2515 e
1289 2489 1311 2515 o
1325 2476 1348 2515 d
1362 2489 1384 2515 0
1396 2482 1442 2515 tu
1455 2489 1472 2514 s
1501 2476 1596 2516 238.

178 2531 379 2582 Sibylla
415 2532 508 2572 418.

176 2583 319 2640 Σιγὴ
355 2588 445 2627 146.

178 2643 349 2682 Simon
379 2644 513 2693 Magus
544 2642 637 2684 238.
671 2642 765 2682 282.

179 2698 262 2738 801
300 2704 337 2738 01
369 2699 477 2738 Luna
498 2705 535 2739 et
566 2699 740 2738 siderum
773 2699 885 2738 chori
915 2700 1133 2739 secundum

233 2755 303 2794 Dei
333 2755 559 2794 mandatum
590 2755 708 2794 orbes
728 2767 823 2794 suos
854 2754 893 2794 10
917 2755 1135 2795 concordia

233 2810 418 2850 evolvunt
434 2811 500 2851 66.
554 2810 660 2850 Solis
695 2810 819 2850 altare
855 2810 895 2850 in
926 2811 1025 2850 urbe
1053 2811 1134 2851 He·
1230 2814 1317 2849 tunt
1342 2808 1435 2848 232.

233 2866 397 2917 liopolis
427 2866 479 2906 72
509 2880 569 2918 sq.

178 2922 345 2972 Sotio,
408 2921 599 2962 diaconus
661 2922 854 2962 ecclesiae
911 2922 1133 2973 Magnesio-

235 2990 322 3017 rum
357 2978 448 3019 142.

178 3033 411 3084 Spiritus
446 3040 606 3074 sanctus
637 3047 658 3072 a
689 3034 772 3073 Deo
806 3040 915 3073 ortus
947 3039 1007 3073 est
1030 3033 1133 3085 1803

1176 2862 1655 2915 Tristitia-spirituum
1684 2864 1951 2915 nequissimus
1975 2871 2014 2906 et
2040 2879 2134 2918 pes-

1235 2921 1357 2960 simus
1384 2919 1509 2959 servis
1539 2918 1627 2970 Dei,
1658 2919 1808 2961 cruciat
1827 2920 2018 2972 Spiritum
2040 2935 2134 2963 san-

1235 2983 1339 3016 ctum
1370 2976 1465 3016 470.

235 3090 383 3129 effusus
434 3102 557 3141 super
598 3089 779 3129 homines
821 3090 888 3130 48.
961 3089 1133 3140 Spiritus
1233 3088 1319 3128 422
1350 3100 1438 3139 sqq.
1472 3085 1556 3130 524
1585 3099 1674 3139 sqq.

234 3145 303 3183 Dei
346 3151 406 3184 est
444 3146 483 3185 111
516 3145 652 3194 nohis,

233 3200 338 3239 Deus
370 3202 523 3241 auferet
553 3214 641 3240 011111
662 3202 728 3240 70.
778 3201 950 3251 Spiritus
974 3207 1134 3240 sanctus
1878 3252 1901 3260 ..
2001 3253 2008 3261 ⁸

235 3255 348 3295 datus
384 3263 444 3296 est
474 3256 623 3296 homini
652 3257 790 3295 hilaris
820 3253 1013 3307 tliilari?)
1038 3257 1133 3297 472.
1178 3256 1356 3296 Unitas
1400 3261 1439 3294 et
1481 3254 1590 3295 unio.
1663 3253 1902 3304 Presbyteri}
1943 3259 2131 3294 unitatem

1235 3323 1323 3351 cum
1354 3310 1548 3361 episcopo
1589 3309 1793 3351 imitemini
1839 3308 1926 3348 122.
1986 3309 2133 3351 Tenete

237 3311 407 3361 Spiritus
455 3318 638 3361 sanctus,
684 3312 750 3364 qui
800 3312 951 3351 habitat
999 3312 1038 3351 in
1081 3318 1132 3360 te,

1234 3366 1492 3407 concordiam
1530 3366 1621 3405 144.
1669 3364 1763 3403 81115
1794 3376 1914 3403 unum
1944 3364 2131 3415 templum

234 3367 402 3406 mundus
434 3367 527 3417 erit,
573 3373 612 3413 et
651 3380 731 3407 11011
773 3367 1051 3407 obscurabitur
1085 3368 1133 3407 ab

235 3422 370 3473 aliquo
401 3423 645 3474 nequissimo
673 3423 815 3474 spiritu
845 3424 940 3463 452.
1004 3423 1133 3474 811111-
1232 3422 1303 3462 Dei
1355 3422 1445 3462 144.
1535 3419 1830 3459 Confirmemini
1884 3418 1923 3457 in
1975 3420 2052 3458 fide
2095 3426 2134 3459 et

1232 3477 1379 3516 unione
1406 3476 1496 3515 150.
1535 3476 1687 3514 Manete
1718 3474 1757 3513 in
1786 3473 1934 3514 unitate
1965 3481 2004 3514 et
2037 3476 2132 3514 cha-

1230 3531 1346 3570 ritate
1380 3531 1469 3570 162.
1520 3530 1666 3568 Tenete
1696 3529 1883 3569 unionem
1918 3542 2006 3569 cum
2035 3530 2132 3581 Epi-

1230 3597 1356 3636 scopo
1392 3585 1481 3626 176.
1543 3584 1692 3635 Spiritu
1732 3590 1870 3625 sancto
1904 3584 2136 3636 impellente

235 3482 297 3515 tus
328 3485 488 3518 sanctus
524 3478 653 3517 divina
684 3478 830 3518 Christi
861 3483 1000 3518 natura
1037 3479 1129 3519 112.

238 3532 330 3572 113.
383 3534 440 3572 De
471 3534 613 3584 spiritu
635 3539 774 3573 saneto
809 3533 935 3573 fusius
967 3534 1134 3573 docetur

235 3585 329 3626 496.
387 3587 463 3627 Per
503 3588 694 3639 Spiritum
739 3594 919 3628 sanctum
948 3590 1053 3629 Deus
1094 3589 1133 3627 in

705 3151 743 3184 et
786 3158 904 3196 quum
952 3145 1134 3195 voluerit,

1632 3182 1671 3226 [1.

1246 305 1368 346 veteri
1399 307 1650 346 Testamento
1691 306 1741 345 ad
1783 316 1857 345 uos
1890 310 1953 345 est
1979 305 2137 345 loeutus

1244 361 1310 400 w.
1347 362 1438 403 148.
1511 361 1606 402 Cum
1650 368 1756 401 certa
1797 360 1968 412 Spiritus
2011 361 2137 400 meti

1244 417 1389 456 fiducia
1418 418 1568 468 egressi
1596 423 1688 457 sunt
1700 416 1883 469 Apostoli
1903 416 1954 456 ad
1983 428 2136 456 annun—

1244 472 1426 512 ciandum
1467 473 1723 523 Evarigelium
1756 474 1808 514 86
1841 485 1900 524 sq.

1242 534 1403 568 sanctus
1433 528 1656 568 nominatur
1692 529 1760 569 92.
1799 529 1901 578 150;
1939 527 1980 566 10
2012 527 2137 566 doxo-

1240 583 1358 633 logiis
1390 585 1485 625 216.
1517 584 1614 624 406.
1642 585 1736 625 405.
1795 582 2046 634 incorruptio
2065 592 2138 633 per

1243 639 1433 690 Spiritum
1461 645 1639 679 sanctum
1666 641 1758 680 400.
1820 639 1969 690 Spiritu
1997 643 2136 678 sancto

244 690 638 741 irae‚dissensi0nes‚
655 693 867 733 schismata
893 689 1166 789 111-1101101011
1240 695 1470 746 impellente
1542 695 1715 745 ignatius
1780 694 2136 745 Philadelphenses

242 747 382 786 Nonne
411 757 530 786 0011111
562 748 685 787 Deum
721 755 759 788 et
787 762 906 789 1101110
945 749 1143 790 Christum

242 799 467 841 habemus?
527 804 667 843 Nonne
709 817 810 844 unus
860 811 920 844 est
969 806 1140 857 Spiritus

242 857 415 907 gratiae,
457 859 523 910 qui
552 872 675 910 super
704 873 776 900 nos
808 862 955 900 effusus
987 869 1069 910 051,
1103 868 1141 902 01

242 925 315 952 nna
347 914 502 953 vocatio
540 914 579 953 in
611 913 805 956 Christo?
863 916 942 957 Cur
983 918 1140 957 divelli-

195 994 201 999 -
242 980 329 1008 mus
354 975 391 1008 et
415 969 677 1021 discerpimus
709 972 884 1012 membra
912 972 1071 1023 Christi,
1102 980 1139 1013 et
1240 970 1335 1014 est?
1367 974 1431 1014 92.
1486 973 1658 1023 Spiritus
1693 971 1821 1012 sancti
1848 983 1940 1011 vera
1975 970 2136 1011 oracula

243 1030 380 1064 contra
403 1026 610 1077 proprium
634 1040 780 1079 corpus
793 1028 1029 1069 seditionem
1052 1042 1140 1069 mo-

240 1077 409 1121 vemus?
444 1083 510 1122 92.

1964 471 2136 522 Spiritus

1241 751 1474 790 adhortatur
1506 751 1596 791 180.
1655 751 1826 802 Spiritus
1867 763 1947 790 non
1984 749 2136 800 decipi-

1241 813 1304 846 tur
1335 808 1426 847 ibid.
1474 808 1613 847 Nonne
1642 819 1762 846 unum
1795 807 1918 846 Deum
1950 810 1988 845 et
2015 817 2136 844 1111010

1242 861 1439 902 Christum
1477 857 1705 902 habemus?
1766 863 1908 901 Nonne
1942 872 2046 900 111105
2076 866 2137 899 051

1241 917 1414 969 Spiritus
1446 918 1610 968 gratiae,
1640 917 1707 968 qni
1731 928 1854 967 super
1879 927 1954 956 nos
1987 916 2134 955 effusus

1237 1035 1331 1069 sunt
1360 1029 1590 1079 Scripturae
1614 1039 1751 1067 sacrae
1782 1027 1850 1068 92.

1184 1085 1410 1138 Spiritus
1442 1097 1487 1123 ex
1519 1083 1708 1134 operibus
1737 1080 1950 1134 probandi,
1979 1088 2018 1124 et
2041 1094 2136 1125 cee-

1241 1140 1352 1181 lestis
1384 1145 1423 1179 et
1452 1138 1654 1179 terrestris
1684 1139 1766 1178 472
1799 1150 1892 1190 sqq.

1238 1252 1360 1292 tentia
1403 1250 1583 1301 episcopi
1625 1250 1851 1300 coniugium
1886 1249 2058 1299 faciant,
2094 1255 2137 1288 ut

1238 1307 1400 1359 nuptiae
1432 1306 1650 1346 secundum
1680 1306 1890 1347 Dominum
1916 1305 2017 1355 sint,
2056 1317 2135 1345 non

1235 1363 1453 1403 secundnm
1486 1361 1744 1413 cupiditatem
1773 1362 1871 1403 202.

1181 1419 1375 1460 Statius
1415 1418 1638 1466 Quadratus
1686 1417 1907 1469 proconsul
1956 1423 2136 1469 tenpore

1236 1474 1414 1526 martyrii
1445 1474 1487 1514 S.
1523 1473 1736 1525 Polycarpi
1767 1474 1861 1514 406.

1181 1530 1429 1581 Superbia
1460 1536 1498 1570 01
1527 1529 1739 1569 insolentia
1769 1529 2038 1581 reprobantur
2070 1530 2136 1570 40.

1180 1641 1290 1694 Syri
1323 1640 1665 1681 circumcisionem
1695 1640 1906 1681 admittunt
1935 1641 2004 1682 20.

1180 1807 1209 1846 Τ
1221 1807 1246 1845 11
1257 1819 1277 1846 0
1289 1818 1311 1856 g
1322 1806 1363 1845 ri
1380 1806 1539 1856 (Hegri)
1559 1807 1722 1858 angelus
1735 1819 1858 1858 super
1875 1806 2024 1849 bestias
2039 1808 2135 1850 440.

1180 1863 1209 1901 Τ
1223 1874 1326 1912 emp
1339 1867 1530 1901 estates
1571 1863 1654 1902 Deo
1704 1862 1915 1903 ordinante
1953 1862 1994 1903 in
2036 1875 2135 1914 pace

1235 1917 1337 1956 aliae
1371 1917 1459 1956 aliis
1489 1918 1710 1957 succedunt
1732 1918 1800 1959 68.

1179 1974 1208 2013 Τ
1221 1986 1241 2013 0
1251 1986 1287 2013 m
1301 1985 1325 2024 p
1340 1973 1386 2012 lu
1397 1986 1435 2013 m
1457 1973 1864 2026 Hierosolymitanum
1875 1984 2056 2014 eversum
2069 1975 2136 2016 36.

1179 2029 1208 2068 Τ
1221 2043 1240 2068 0
1252 2041 1290 2068 10
1301 2041 1326 2080 p
1340 2028 1386 2068 lu
1397 2041 1435 2067 m
1466 2035 1781 2070 consummatum
1812 2030 1898 2070 Deo
1923 2029 2136 2072 Christiani

1719 2085 1873 2137 Templi
1917 2085 2136 2137 spiritualis

1179 2198 1331 2246 Terra
1386 2196 1495 2236 iussu
1536 2197 1607 2236 Dei
1650 2197 1835 2238 alimenta
1875 2198 2032 2249 profert
2067 2198 2133 2240 68.

1235 2253 1397 2292 Terram
1427 2253 1532 2293 Deus
1560 2265 1683 2303 super
1709 2252 1913 2293 immobile
1945 2254 2135 2306 propriae

1233 2308 1447 2348 voluntatis
1477 2308 1773 2349 fundamentum
1803 2309 1972 2350 firmavit
2000 2310 2066 2351 78.

1178 2365 1549 2404 Testamentum
1584 2370 1695 2404 vetus
1728 2364 2046 2407 Christianorum
2076 2372 2137 2406 est

1179 2531 1429 2570 Traditio.
1489 2532 1548 2572 Ad
1578 2531 1766 2573 traditum
1797 2531 1914 2572 nobis
1945 2532 1994 2572 ab
2019 2533 2134 2575 initio

1233 2599 1458 2626 sermonem
1487 2593 1742 2635 revertamur,
1774 2587 1965 2629 derelicta
1995 2588 2136 2639 plero-

1152 2669 1155 2697 5
1234 2654 1400 2692 rumque
1411 2642 1581 2681 vanitate
1604 2641 1796 2692 falsisque
1821 2642 2015 2686 doctrinis
2038 2643 2133 2685 385.

1179 2696 1452 2737 Trinitatis
1488 2696 1689 2737 confessio
1711 2697 2011 2740 92.128.151.
2036 2699 2132 2742 216.

1233 2754 1326 2793 264.
1359 2753 1454 2792 406.
1516 2752 1748 2793 Trinitatem
1779 2752 1940 2804 quidam
1969 2766 2133 2805 perver—

1178 3031 1323 3072 Turri
1360 3031 1632 3071 aedificandae
1670 3031 1840 3072 ecclesia
1886 3032 2135 3075 adsimilatur
