2340 3900
184 150 251 200 56
729 151 760 196 1.
797 147 1105 196 CLEMENTIS
1141 149 1210 196 AD
1249 150 1368 197 COR.
1425 150 1494 197 IX.
1531 149 1580 195 X.

179 359 248 404 IX.
319 357 547 415 Eoeempla
583 354 879 407 Sanctorum,
918 355 999 413 qui
1038 354 1130 414 fide
1168 360 1209 400 et
1245 356 1503 401 obedientia
1540 361 1620 399 etc.
1659 354 1861 413 qratiam
1898 351 1988 396 Dei
2022 356 2129 396 sunt

810 437 1051 481 consecuti.
1123 436 1283 482 Enoch
1321 443 1360 481 et
1396 437 1506 483 Noe.

321 550 414 604 Διὸ
459 548 812 637 ὖπακούσωμεν
854 555 912 622 τῇ
958 557 1305 621 μεγαλοπρεπεῖ
1346 552 1428 603 καὶ
1477 548 1653 635 ἐνδόξῳ
1687 545 1914 635 βουλήσει
1961 544 2127 611 αὐτοῦ,

183 624 266 675 καὶ
301 622 449 674 ἱκέται
483 618 732 690 γενόμενοι
768 625 855 672 τοῦ
892 619 1052 682 ἐλέους
1086 623 1167 673 καὶ
1201 627 1308 706 τῆς
1321 618 1632 706 χρηστότητος
1657 615 1825 680 αὐτοῦ,
1857 616 2128 703 προσπέσω-

179 713 265 759 μεν
298 692 381 743 καὶ
417 690 772 758 ἐπιστρέψωμεν
806 688 885 741 ἐπὶ
919 687 1034 751 τοὺς
1069 687 1344 772 οἰκτιρμοὺς
1368 687 1538 751 αὐτοῦ,
1578 684 1894 746 ἀπολιπόντες
1928 705 2018 752 την
2043 707 2131 751 μα-

178 761 490 822 ταιοπονίαν,1
525 759 614 826 τήν
646 779 696 811 τε
729 759 844 827 ἔριν,
879 759 963 810 καὶ
998 779 1051 811 το
1086 762 1153 821 εἰς
1187 757 1406 811 θάνατον
1429 756 1546 826 άγον
1585 762 1736 823 ζῆλος.
1791 753 2126 821 Ἀτενίσωμεν2

182 832 249 891 εἷς
284 827 398 890 τούς
443 830 630 890 τελείως
676 825 1100 913 λειτουργήσαντας
1149 834 1205 901 τῇ
1242 832 1592 913 μεγαλοπρεπεῖ
1639 824 1754 896 δόξῃ
1791 822 1958 876 αὐτοῦ.
2028 822 2132 875 Λά-

181 899 360 986 βωμεν3
389 895 561 980 Ἐνῶχ,
598 896 654 959 ὃς
691 895 794 950 ἐν’
761 903 954 993 υπακοῇ
977 900 1163 959 δίκαιος
1198 897 1416 966 εὑρεθεὶς
1434 895 1678 983 μετετέθη,
1718 893 1800 946 καὶ
1825 890 1912 960 οὐχ
1950 890 2132 980 ευρέθη

187 965 338 1019 αὐτοῦ
386 964 614 1029 θανατος.
681 967 817 1019 Νῶε4
861 965 1030 1028 πιστὸς
1077 964 1321 1035 εὑρεθεὶς,
1373 965 1453 1017 δια
1501 970 1606 1052 τῆς
1633 965 1927 1050 λειτουγρίας
1979 961 2132 1014 αὐτοῦ

186 1038 547 1120 παλιγγενεσίαν
581 1033 758 1126 κόσμῳ
782 1034 1027 1102 ἐκήρυξεν,
1061 1037 1144 1088 καὶ
1181 1036 1407 1087 διέσωσεν
1443 1033 1507 1086 δι’
1549 1032 1700 1085 αὐτοῦ
1737 1031 1766 1085 6
1801 1029 2036 1098 δεσπότης
2074 1052 2132 1083 τα

184 1103 465 1158 εἰσελθόντα
499 1106 551 1158 ἐν
586 1103 790 1177 ὁμονοία
824 1109 920 1168 ζῶα
957 1107 1024 1167 εἰς
1058 1103 1146 1172 τὴν
1179 1102 1400 1172 κιβωτόν.

790 1264 841 1311 Χ.
917 1266 1219 1312 Continuatio.
1295 1263 1545 1310 Abraham.

319 1378 555 1450 Ἀβραὰμ,
595 1377 624 1432 6
659 1383 817 1447 φίλος1
852 1381 1289 1465 προσαγορευθεις,
1337 1377 1505 1440 πιστὸς
1543 1375 1773 1466 ευρέθη,
1800 1377 1853 1429 ἐν
1886 1382 1954 1448 τῷ
1990 1373 2140 1430 αὐτὸν

188 1447 407 1516 ὑπήκοον
440 1450 668 1518 γενέσθαι
714 1458 813 1512 τοῖς
860 1448 1037 1519 ρήμασι
1073 1456 1158 1502 τοῦ
1200 1453 1342 1503 Θεοῦ.
1421 1442 1583 1509 Οὗτος
1618 1445 1687 1499 δι’
1741 1443 1964 1514 ὖπακοῆς
2008 1447 2139 1513 ἐξῆλ-

191 1526 282 1570 θεν
318 1519 372 1571 ἐκ
408 1525 494 1606 τῆς
528 1525 617 1605 γῆς
653 1518 819 1583 αὐτοῦ,
852 1522 935 1573 καὶ
970 1521 1024 1572 ἐκ
1056 1525 1144 1586 τῆς
1179 1521 1452 1589 συγγενείας
1487 1515 1656 1580 αὐτοῦ,
1693 1517 1775 1569 καὶ
1811 1517 1864 1568 ἐκ
1883 1521 1970 1568 τοῦ
1997 1518 2136 1568 οἴκου

189 1593 277 1640 τοῦ
311 1587 492 1675 πατρὸς
527 1586 695 1652 αὐτοῦ,
732 1588 866 1651 όπως
896 1595 998 1674 γῆν
1024 1587 1207 1676 ὀλίγην,
1244 1590 1324 1641 καὶ
1351 1588 1624 1658 συγγένειαν
1651 1584 1855 1654 ἀσθενῆ,
1893 1587 1976 1638 καὶ
2002 1583 2139 1639 οἷκον

190 1655 363 1744 μικρὸν
397 1655 688 1723 καταλιπων,
725 1656 1062 1731 κληρονομήσῃ
1096 1657 1179 1720 τὰς
1215 1659 1493 1727 ἐπαγγελίας
1538 1662 1624 1708 τοῦ
1669 1659 1809 1708 Θεοῦ.
1869 1657 2015 1725 Λέγει
2049 1677 2138 1724 γαρ

193 1724 351 1799 αυτῷ·
403 1724 634 1790 ,απελθε2
681 1728 734 1779 ἐκ
751 1734 870 1810 τῆς
902 1734 993 1798 γῆς
1030 1744 1136 1789 σου,
1173 1729 1253 1780 καὶ
1291 1728 1346 1780 ἐκ
1377 1734 1465 1814 τῆς
1501 1728 1776 1796 συγγενείας
1811 1741 1928 1786 σου,
1965 1726 2048 1778 καὶ
2083 1726 2137 1777 ἐκ

192 1801 279 1847 τοῦ
316 1797 456 1848 οἴκου
487 1802 574 1848 τοῦ
609 1795 791 1884 πατρός
827 1815 915 1849 σου
952 1799 1020 1858 εἷς
1054 1818 1142 1864 την
1173 1804 1265 1866 γῆν
1299 1795 1364 1863 ἣν
1400 1796 1462 1848 ἄν
1499 1813 1573 1847 σοι
1609 1798 1779 1858 δείξω·
1835 1795 1917 1846 καὶ
1951 1792 2139 1862 ποιήσω

198 1881 251 1917 σε
289 1867 357 1927 εἰς
393 1866 541 1926 ε’θνος
575 1866 710 1935 μέγα,
747 1867 827 1918 καὶ
848 1864 1170 1953 εὐλογήσω
1148 1882 1212 1930 σε,
1251 1867 1333 1918 καὶ
1367 1871 1616 1952 μεγαλυνῶ
1651 1863 1704 1917 τὸ
1732 1862 1887 1930 όνομα
1913 1882 2019 1928 σου,
2058 1865 2141 1916 καὶ

195 1935 280 2022 ἔση
320 1933 657 2022 εὐλογημένος
695 1935 778 1987 καὶ
813 1933 1057 2022 εὐλογησω
1091 1933 1206 1996 τοὺς
1243 1934 1560 2004 εὖλογοῦντας
1594 1951 1662 1998 σε,
1695 1934 1777 1986 καὶ
1813 1932 2143 2001 καταράσομαι

195 2002 312 2063 τοὺς
345 2003 712 2089 καταρωμένους
745 2022 811 2067 σε,
847 2005 928 2056 καὶ
965 2002 1380 2091 εὐλογηθήσονται
1414 2006 1466 2056 ε’ν
1503 2019 1579 2055 σοι
1613 2009 1766 2055 πᾶσαι
1801 2003 1855 2052 αἱ
1876 2005 2028 2066 φυλαὶ
2051 2008 2142 2090 τῆς

193 2076 316 2157 γῆς.ι
379 2073 479 2123 Καὶ
515 2070 663 2123 παλιν
699 2073 751 2124 ἐν
785 2078 852 2144 τῷ
889 2076 1273 2161 διαχωρισθῆναι
1319 2071 1469 2125 αὐτὸν
1515 2070 1612 2124 ἀπὸ
1648 2070 1785 2124 Λὼτ3
1839 2068 1972 2125 εἶπεν
1994 2070 2139 2159 ταῦτω

193 2139 222 2192 6
265 2138 412 2203 Θεός·
449 2140 764 2208 ,ἀναβλέψας4
798 2148 899 2204 τοῖς
931 2140 1212 2209 ὀφθαλμοῖς
1248 2159 1348 2206 σου,
1387 2143 1461 2194 ἰ’δε
1498 2139 1594 2193 ἀπὸ
1630 2147 1716 2192 τοῦ
1750 2140 1920 2207 τόπου,
1955 2135 2016 2194 οὗ
2047 2147 2140 2194 νῦν

195 2227 255 2262 συ
292 2206 362 2273 εἶ,
398 2209 521 2279 πρὸς
551 2213 740 2299 βορῤἄν
774 2212 856 2263 καὶ
890 2213 1020 2279 λίβα5
1074 2212 1158 2264 καὶ
1210 2186 1445 2275 ἆνατδλας
1490 2212 1571 2264 καὶ
1607 2209 2007 2264 &dameam-81⁶
2051 2217 2142 2263 πᾶ-

196 2295 286 2330 σαν
319 2277 407 2346 τὴν
440 2285 547 2348 γῆν,
583 2302 651 2346 ην
687 2278 746 2332 σὺ
784 2279 916 2368 ὁρᾷς,
953 2281 1031 2333 σοὶ
1065 2280 1205 2333 δώσω
1239 2279 1390 2367 αὐτὴν
1424 2282 1507 2335 καὶ
1541 2286 1607 2353 τῷ
1643 2281 1877 2350 σπέρματί
1911 2298 2014 2347 σου,
2053 2301 2144 2343 εως

194 2349 385 2409 αἰῶνος.
444 2350 543 2400 Καὶ
575 2349 763 2416 ποιήσω
795 2347 849 2402 τὸ
887 2352 1071 2436 σπέρμα
1108 2367 1196 2402 σου
1232 2373 1296 2411 ως
1330 2349 1417 2418 τὴν
1453 2372 1609 2418 αμμον
1643 2356 1730 2417 τῆς
1763 2357 1880 2419 γῆς·
1919 2352 1962 2403 εἰ
1995 2326 2140 2403 δυ’να-

193 2418 272 2468 ταί
307 2438 378 2478 τις
413 2417 735 2486 ἐξαριθμῆσαι
767 2439 855 2485 την
891 2441 1050 2486 αμμον
1086 2441 1174 2486 της
1206 2426 1322 2506 γῆς,
1350 2422 1433 2472 καὶ
1469 2419 1521 2473 τὸ
1547 2419 1731 2507 σπέρμα
1768 2437 1857 2473 σου
1883 2420 2142 2509 ἐξαριθμη-

192 2483 426 2550 θήσεται]
496 2487 594 2537 Καὶ
629 2487 772 2539 πάλιν
808 2489 954 2574 λέγει·
977 2489 1255 2575 ,ἐξήγαγεν6
1293 2487 1322 2541 6
1364 2487 1486 2551 Θεὸς
1520 2487 1604 2542 τὸν
1631 2488 1868 2579 Ἀβραὰμ,
1903 2490 1987 2542 καὶ
2011 2485 2142 2542 εἶπεν

193 2553 347 2626 αὐτῷ·
400 2552 678 2621 ἄναβλεψον
714 2559 782 2618 εἰς
815 2555 899 2609 τὸν
911 2555 1148 2642 οὐρανὸν
1204 2558 1286 2609 καὶ
1339 2556 1614 2644 ἆρίθμησον
1659 2558 1772 2620 τοὺς
1818 2558 2046 2627 αστέρας,
2102 2561 2146 2611 εί

196 2608 381 2712 δυνησῃ
418 2625 739 2709 ἐξαριθμῆσαι
773 2624 974 2687 αυτους·
1012 2626 1165 2688 οὕτως
1202 2628 1330 2678 ε’σται
1365 2625 1417 2679 τὸ
1456 2628 1641 2696 σπέρμα
1665 2645 1768 2680 σου.
1811 2628 2142 2680 'Enlovevo'ev''

195 2693 247 2745 δὲ
276 2676 498 2760 Ἀβρααμ
528 2700 594 2745 τῶ
637 2698 759 2765 Θεῷ,
796 2717 877 2747 και
915 2698 992 2747 {to
994 2698 1144 2786 γίσθη
1182 2695 1312 2783 αυτῷ
1346 2698 1413 2757 εἰς
1440 2696 1767 2784 δικαιοσύνην.
1775 2702 1786 2723 ‘
1844 2695 1942 2748 Διά
1962 2699 2143 2750 πίστιν8

192 2763 276 2814 καὶ
310 2747 584 2828 φιλοξενίαν
618 2748 772 2830 ἐδόθη
810 2763 939 2835 αὐτῷ
974 2762 1082 2826 υἱὸς
1118 2767 1170 2817 έν
1195 2763 1361 2851 γήρα,
1373 2766 1456 2817 καὶ
1492 2764 1560 2817 δι’
1601 2764 1846 2832 ’ὖπακοῆς9
1880 2784 2142 2854 προσήνεγ-

193 2851 277 2883 κεν
313 2829 463 2883 αὗτὸν
498 2834 684 2885 θυσίαν
717 2839 784 2905 τῷ
826 2837 932 2904 Θεῷ
969 2831 1091 2903 πρὸς
1118 2837 1175 2887 ὲν
1208 2840 1304 2886 τῶν
1339 2832 1491 2902 ὀρέων
1527 2856 1595 2887 ων
1628 2836 1803 2898 ε’δειξεν
1838 2834 1982 2888 αὖτω.

281 3083 376 3136 Cap.
412 3084 473 3124 lx.
513 3083 554 3136 1)
583 3086 626 3125 In
647 3085 767 3125 simili
792 3085 883 3126 loco
908 3086 981 3137 Ep.
1006 3086 1142 3138 Polyc.
1201 3086 1468 3127 Alea-andrino
1502 3088 1655 3138 affluit,
1700 3091 1764 3127 aut
1807 3099 1891 3127 eum
1920 3100 1995 3128 non
2021 3090 2141 3139 probe

193 3152 226 3178 c.
278 3140 315 3179 2.
376 3147 436 3180 est
481 3141 841 3196 ματαιολογίαν,
890 3155 1007 3194 quarn
1051 3142 1142 3182 lect.
1199 3145 1326 3191 novit,
1374 3148 1439 3182 aut
1480 3145 1584 3183 mala
1613 3144 1686 3193 fide
1718 3145 1810 3195 ayit.
1868 3144 2011 3182 Eadem
2041 3145 2144 3183 enim

196 3195 317 3235 Wott.
346 3196 435 3235 heic
466 3210 625 3249 quoque
653 3198 925 3249 reponendam
958 3204 1104 3238 censet.

282 3252 324 3303 2)
352 3250 654 3317 Ἀτενίζωμεν
677 3253 845 3303 Colom„
877 3260 979 3294 teste
994 3254 1141 3293 Jacob-

195 3318 311 3346 sono.
370 3308 414 3346 In
445 3320 531 3347 mea
568 3308 728 3361 quidem
760 3309 975 3349 Colomesii
1011 3310 1073 3349 ed.
1106 3323 1140 3349 a.

200 3362 306 3402 1694
350 3369 409 3402 est
434 3361 752 3420 Ἀτενίσωμεν.
811 3365 883 3404 Ed.
914 3365 1139 3405 Bernardus

196 3417 300 3457 hunc
331 3418 463 3458 locum
485 3432 529 3459 ex
553 3420 675 3460 Clem.
691 3420 798 3460 Alex,
821 3421 967 3460 Strom.
995 3421 1055 3470 IV,
1076 3421 1139 3461 16.

195 3483 234 3522 p.
267 3473 359 3512 610.
392 3474 675 3526 interpolatum
714 3477 929 3516 contendit.
992 3476 1139 3516 Contra

200 3539 315 3577 quem
338 3529 548 3571 Wottonus
568 3543 576 3571 :
610 3533 720 3573 Irriti
739 3536 840 3583 sunt,
856 3532 995 3585 inquit,
1026 3533 1139 3572 huius

197 3588 368 3623 conatus.
430 3586 501 3630 Qui
523 3589 623 3628 enim
652 3590 722 3630 ltoc
738 3589 851 3629 modo
875 3601 924 3629 ex
951 3588 1138 3628 Clemente

1197 3199 1350 3238 ratione
1394 3203 1520 3238 actum
1559 3200 1629 3238 erit
1670 3200 1715 3238 de
1763 3199 1964 3238 authentia
2004 3204 2039 3239 et
2067 3200 2140 3249 fide

1198 3266 1331 3293 eorum
1363 3256 1543 3305 omnium,
1574 3256 1640 3307 qui
1672 3268 1695 3294 a
1726 3254 1911 3294 Clemente
1930 3254 2038 3294 Alex.
2071 3268 2142 3294 us-

1197 3323 1309 3361 quam
1350 3312 1543 3359 citantur,
1593 3312 1831 3360 soriptorum.
1888 3308 2005 3349 Nemo
2046 3312 2142 3350 enim

1198 3365 1350 3404 Petrum
1392 3368 1533 3405 maiore
1574 3367 1731 3406 licentia
1772 3377 1868 3405 usus
1908 3371 1966 3405 est
2005 3367 2045 3405 in
2083 3368 2141 3406 ei-

1199 3421 1331 3459 tandis
1363 3422 1576 3468 autoribus,
1609 3423 1688 3461 sive
1718 3423 1855 3469 sacris,
1896 3422 1975 3460 sive
2011 3421 2142 3461 ethni·

1198 3478 1283 3527 cis;
1313 3489 1396 3516 cum
1426 3478 1463 3516 ei
1493 3479 1532 3516 in
1561 3490 1664 3517 more
1695 3478 1758 3524 sit,
1791 3489 1869 3516 non
1889 3478 2038 3528 inteqra
2069 3491 2141 3518 au-

1198 3537 1322 3572 torum
1350 3534 1462 3572 verba
1494 3545 1643 3585 semper
1670 3534 1846 3582 recitare,
1881 3534 1950 3572 sed
1969 3546 2041 3585 pro
2075 3546 2141 3572 ar-

1199 3589 1311 3628 bitrio
1345 3601 1413 3628 suo
1442 3600 1541 3629 nunc
1573 3589 1817 3640 contrahere,
1859 3600 1958 3630 nunc
1992 3590 2038 3629 de
2068 3602 2139 3630 suo
