2340 3900
404 195 615 246 letum
648 193 919 243 131³!st
950 196 1025 243 Al)
1063 194 1610 244 PHILADELPHRNSES.
1657 194 1706 244 V.
1742 193 1814 240 vt.
1990 189 2088 241 179

128 339 177 386 V.
236 338 378 387 Orate
404 350 494 399 pro
525 349 613 389 sse,
649 335 734 396 qm·
767 333 988 394 consuyio
1021 338 1088 383 αα
1124 336 1436 398 Evanyetium
1470 343 1513 384 et
1546 334 1797 400 Apostolos.
1842 333 2085 382 Honorate

808 418 948 464 etiam
978 418 1226 479 prophetas
1265 421 1313 470 V.
1354 421 1403 466 T.

260 518 442 565 Fratres
476 515 592 572 mei,
626 513 756 560 valde
791 512 965 560 effusus
1000 527 1100 560 sum
1137 514 1181 560 in
1219 529 1421 562 amorem
1454 515 1608 572 vestri,
1649 521 1695 562 et
1727 514 1852 563 valde
1888 513 2081 562 laetatus

122 586 293 637 roboro
326 599 435 642 vos3
465 598 561 631 non
596 598 683 647 ego
719 597 846 640 vero,
885 582 970 629 sed
1007 582 1138 630 lesus
1178 583 1403 642 ChristuS‚
1443 586 1573 631 cuius
1609 586 1755 646 gratia
1780 585 1956 632 vinctus
1978 583 2081 647 plus

123 659 288 711 timeo,
324 669 428 702 cum
462 654 613 702 adhuc
648 654 693 700 in
727 653 798 700 ins
845 653 1027 714 eripiar.
1095 650 1188 699 Sed
1227 654 1371 699 oratio
1410 662 1558 700 vestra
1595 654 1651 701 ad
1687 655 1827 702 Deum
1865 668 1938 702 me
1980 668 2083 716 per-

123 726 268 783 fleiet,
314 730 367 772 ut
412 730 538 771 sorte
574 737 659 785 per
693 721 1058 774 misericordiam
1092 722 1203 768 mihi
1239 724 1468 783 assignata
1502 723 1678 784 potiar,
1717 724 1989 786 confugiens
2025 723 2083 771 ad

121 794 403 857 nvn-getium
434 801 651 855 tanquam
684 791 742 840 ad
764 791 1069 854 corporaliter
1093 798 1385 852 praesentem
1409 791 1651 849 Christum,
1689 800 1736 840 et
1757 794 1814 840 ad
1834 793 2082 855 Apostolos

122 874 332 928 tanquam
366 864 424 911 ad
457 875 679 927 praesens
715 860 942 909 ecclesiae
978 860 1332 923 presbyterium.
1404 861 1496 909 Sed
1543 872 1589 908 et
1625 863 1877 924 Prophetas
1929 863 2085 925 diliga-

121 948 237 992 tam,
270 933 377 995 quia
409 941 458 981 et
491 933 582 994 ipsi
614 930 904 992 Evangelium
939 931 1315 988 annuntiaverint,
1354 938 1401 978 et
1435 932 1481 977 in
1519 931 1747 978 Christum
1783 932 2082 994 speraverint,

120 1012 168 1053 et
197 1005 348 1066 ipsum
383 1002 768 1065 exspectaverint3
801 1015 888 1063 per
922 1014 1059 1062 quem
1095 1007 1142 1047 et
1177 999 1422 1048 credentes
1460 1000 1648 1047 salutem
1687 1002 1925 1049 consecuti
1961 1009 2084 1059 sunt,

121 1074 224 1123 lesu
267 1072 450 1120 Christo
498 1071 645 1132 uniti;
697 1085 803 1118 cum
851 1077 1011 1119 essent
1045 1071 1218 1129 sancti,
1267 1084 1422 1117 amore
1460 1076 1507 1118 et
1541 1070 1838 1118 admiratione
1876 1072 2025 1133 digni,
2060 1084 2087 1118 a

119 1143 225 1193 lesu
258 1141 438 1191 Christo
473 1141 781 1190 testimonium
817 1141 998 1203 adepti,
1035 1147 1082 1188 et
1116 1141 1433 1188 connumerati
1469 1141 1514 1187 in
1548 1139 1789 1202 Evangelio
1829 1142 1930 1202 spei
1966 1154 2086 1189 com·

120 1226 283 1263 11111113·
1737 1239 1743 1244 ·

258 1334 355 1387 *V.
424 1339 608 1386 Fratres
645 1338 761 1394 mei,
797 1338 931 1385 nimis
968 1337 1144 1386 effusus
1183 1350 1285 1384 sum
1320 1349 1475 1383 amore
1511 1335 1680 1393 vestri,
1729 1342 1776 1383 et
1822 1335 2085 1398 superexul-

125 1418 224 1459 taus
257 1408 424 1473 gaudio
458 1407 724 1472 praemunio
755 1421 861 1465 vos3
909 1422 1000 1455 non
1037 1414 1187 1455 autem
1224 1420 1325 1468 ego,
1363 1406 1447 1453 sed
1481 1406 1608 1454 lesus
1646 1405 1875 1462 ChristuS,
1909 1406 1956 1452 in
1993 1420 2085 1467 quo

124 1482 301 1529 vinetus
335 1479 439 1542 plns
472 1478 636 1535 timeo,
673 1484 725 1525 ut
758 1485 922 1539 postea
956 1477 1109 1525 adhuc
1154 1475 1476 1539 imperfectus:
1528 1475 1611 1523 sed
1655 1476 1887 1537 praecatio
1933 1481 2086 1522 vestra

123 1550 183 1598 ad
215 1549 359 1598 Deum
390 1561 463 1597 me
495 1547 730 1611 perficiet,
766 1554 839 1605 ut,
878 1549 924 1596 in
962 1562 1052 1610 qua
1088 1554 1214 1595 sorte
1249 1551 1437 1593 vocatus
1487 1560 1612 1603 sum,
1661 1559 1760 1592 eam
1811 1558 2086 1606 consequar,

123 1618 395 1682 confugiens
428 1617 487 1666 ad
520 1617 835 1680 Evangelium,
874 1625 1087 1680 tanquam
1135 1618 1192 1665 ad
1240 1630 1424 1664 carnem
1462 1616 1592 1672 lesu,
1642 1621 1689 1662 et
1736 1614 1793 1662 ad
1826 1614 2087 1677 ApostoloS,

122 1689 244 1738 velut
274 1689 335 1736 ad
363 1688 710 1752 Presbyterium
742 1688 988 1737 Ecclesiae.
1055 1687 1148 1735 Sed
1185 1695 1231 1735 et
1267 1686 1522 1748 Prophetas
1559 1685 1826 1747 deligimuS‚
1866 1699 1922 1732 eo
1961 1684 2086 1746 quod

122 1765 171 1807 et
200 1759 292 1821 ipsi
324 1758 371 1806 iu
392 1757 698 1822 >Evangelium
734 1759 1039 1815 enuntiarunt,
1077 1764 1122 1806 et
1158 1759 1205 1805 in
1242 1757 1394 1819 ipsum
1425 1756 1574 1804 lesum
1613 1761 1857 1818 sperarunt
1891 1767 2087 1816 eumque

121 1835 442 1891 expectamut3
491 1829 539 1876 in
577 1842 671 1891 quo
706 1829 842 1876 etiam
877 1829 1123 1877 credentes
1159 1827 1352 1875 salutem
1389 1826 1628 1874 consecuti
1665 1831 1792 1883 sunt,
1831 1826 1876 1872 in
1913 1825 2086 1872 unitate

124 1897 228 1946 lesu
272 1898 467 1955 Christi,
510 1898 596 1946 viri
640 1899 811 1956 sancti3
860 1899 1013 1960 digni,
1064 1912 1182 1959 quos
1229 1910 1433 1944 amemus
1487 1904 1534 1944 et
1583 1896 1884 1953 admiremur,
1923 1909 1949 1941 a
1983 1893 2088 1941 Iesu

122 1967 305 2016 Christo
338 1969 650 2016 testimonium
688 1967 856 2031 adepti,
892 1975 941 2016 et
972 1968 1289 2015 connumerati
1327 1967 1371 2013 in
1407 1966 1648 2028 Evangelio
1686 1965 1786 2026 spei
1817 1964 2090 2012 communis,

591 2092 662 2139 Vl.
729 2092 825 2141 Nec
861 2100 1016 2140 tamen
1048 2093 1351 2140 Iudaismum
1386 2091 1625 2138 admittite.

265 2189 314 2237 si
351 2190 457 2252 quis
491 2195 641 2237 autem
674 2188 805 2236 vobis
842 2188 1116 2237 Iudaismum
1151 2188 1397 2251 praedicet,
1434 2200 1492 2234 ne
1531 2186 1722 2234 audiatis
1759 2199 1877 2234 eum.
1929 2185 2089 2234 Melius

127 2265 199 2308 est
233 2260 380 2317 enim,
424 2272 451 2306 a
484 2258 581 2306 viro
616 2259 887 2308 circumciso
925 2259 1317 2307 Christianismum
1361 2257 1546 2314 audire,
1598 2270 1732 2318 quam
1785 2255 1841 2303 ab
1894 2255 2089 2304 habente

127 2329 414 2392 praeputium
449 2327 739 2377 Iudaismum.
777 2328 826 2376 Si
861 2337 1011 2376 autem
1048 2330 1229 2390 utrique
1267 2327 1324 2374 de
1356 2327 1460 2375 lesu
1483 2326 1664 2373 Christo
1702 2339 1796 2373 non
1832 2324 2090 2387 loquantur,

127 2400 203 2446 isti
237 2398 347 2447 mihi
384 2398 622 2446 cot-mnae
655 2398 970 2462 sepulchrales
1006 2406 1054 2446 et
1086 2405 1369 2445 mortuorum
1420 2403 1527 2443 sunt
1563 2403 1873 2452 monumenta,
1925 2395 2091 2456 quibus

127 2468 359 2516 hominum
396 2469 578 2515 nomina
614 2468 843 2516 dumtaxat
877 2468 1095 2530 inscripta
1131 2474 1250 2514 sunt.
1323 2465 1483 2527 Fugite
1520 2466 1658 2527 igitur
1698 2464 1838 2512 malas
1884 2471 2007 2511 artes
2046 2471 2093 2512 et

126 2536 314 2585 iusidias
337 2537 561 2600 principis
583 2537 730 2585 seculi
758 2537 908 2592 huius,
946 2551 1003 2584 ne
1044 2537 1226 2600 quando
1257 2535 1500 2598 prudentia
1537 2535 1636 2582 eius
1675 2535 1887 2597 oppressi
1916 2534 1960 2580 in
1989 2534 2091 2582 cha-

127 2606 258 2655 ritate
302 2605 568 2669 laugueatis.
629 2603 723 2655 Sed
769 2620 927 2655 omnes
973 2606 1086 2654 uniti
1123 2606 1222 2654 sitis
1259 2605 1484 2653 indivulso
1524 2605 1681 2652 corde.
1729 2604 1904 2651 Gratias
1941 2610 2092 2652 autem

126 2689 212 2738 ago
246 2675 340 2724 Deo
373 2690 502 2734 meo,
554 2676 679 2739 quod
715 2676 868 2739 quoad
905 2690 988 2724 vos
1022 2675 1144 2723 hona
1180 2675 1402 2738 gaudeam
1453 2675 1762 2732 conscientia,
1811 2687 1898 2722 nec
1945 2675 2094 2736 possit

262 2795 286 2822 ⁶
303 2799 375 2848 Vl.
442 2799 492 2848 Si
526 2802 631 2863 quis
658 2808 808 2850 autem
829 2801 1103 2850 ludaismum
1129 2801 1260 2849 vobis
1284 2802 1622 2863 interpretatur,
1650 2799 1774 2847 illum
1796 2813 1888 2847 non
1915 2799 2093 2858 audite3

127 2868 293 2919 utin·
325 2869 447 2919 enim
482 2877 556 2919 est
586 2869 644 2919 ab
676 2870 861 2920 homine
907 2871 1180 2920 circumciso
1218 2870 1611 2919 Christianismum
1659 2869 1843 2928 audire,
1896 2883 2029 2931 quam
2067 2883 2090 2916 a

131 2951 225 2987 non
270 2938 545 2989 circumciw
578 2939 868 2989 Iudaismum.
936 2939 983 2989 si
1031 2955 1138 2989 vero
1189 2941 1373 3003 utrique
1422 2940 1477 2987 de
1512 2940 1616 2987 lesu
1647 2938 1828 2986 Christo
1879 2952 1972 2985 non
2026 2938 2090 2984 lo·

133 3013 354 3070 quatur.
388 3006 437 3056 hi
469 3008 582 3057 nihi
616 3009 740 3071 cippi
774 3008 1055 3072 sepulcrales
1092 3017 1140 3059 et
1174 3017 1467 3059 monumenta
1504 3016 1612 3057 sunt
1644 3014 1952 3065 mortuorum,
1993 3007 2090 3068 qui·

133 3076 221 3124 hus
254 3076 488 3125 hominum
521 3078 707 3126 nomina
742 3078 973 3127 dumtaxat
1007 3079 1227 3141 inscripta
1262 3086 1385 3127 sunt.
1454 3079 1614 3142 Fugite
1655 3091 1766 3139 ergo
1790 3077 1929 3124 malas
1953 3082 2090 3134 arteS,

134 3152 181 3193 et
216 3145 403 3194 iusidias
440 3146 663 3211 principis
707 3146 845 3196 huius
893 3147 1071 3206 seculi,
1122 3162 1181 3196 ne
1225 3148 1407 3210 quando
1455 3147 1679 3198 sententia
1716 3147 1814 3195 eius
1850 3145 2008 3193 afflicti
2045 3146 2090 3192 in

132 3215 320 3263 caritate
366 3215 682 3265 infirmemini:
730 3215 816 3266 sed
864 3230 1023 3267 omues
1074 3217 1118 3264 in
1164 3230 1304 3264 unum
1352 3219 1613 3281 conspirate
1663 3216 1804 3264 corde
1856 3214 2093 3262 indivulso.

135 3283 310 3333 maun
345 3291 496 3334 sutem
533 3299 619 3350 ago
656 3285 749 3336 Deo
785 3300 914 3345 meo,
951 3286 1076 3350 quod
1115 3285 1234 3335 bene
1271 3287 1485 3336 conscius
1533 3287 1642 3335 mihi
1689 3300 1789 3332 sum
1845 3284 1901 3332 de
1950 3283 2092 3342 vobis,

220 3458 268 3512 ⁴)
296 3457 554 3503 notu-ta:
590 3461 632 3502 aa·
666 3461 762 3503 stibi
810 3461 917 3515 cippi
945 3463 1083 3514 sepul-
1141 3460 1304 3502 Codicis
1344 3459 1375 3503 L
1414 3454 1800 3512 ἔξασθενήσεται,
1860 3455 1970 3511 quod
2019 3456 2097 3499 im·

137 3512 265 3556 astes
295 3520 333 3556 et
359 3522 609 3560 ass-essa
635 3523 725 3560 onst
754 3522 1007 3559 momorum.
1141 3516 1291 3570 pressit
1326 3516 1441 3559 Voss.
1479 3516 1698 3559 coniiciens
1741 3507 2096 3562 efoeofisv'csn.

1141 3571 1257 3626 Apud
1306 3572 1498 3626 luterpol.
1550 3571 1675 3612 habes
1732 3566 1884 3619 ἐξασθ
1968 3579 1999 3613 o
2028 3580 2095 3623 u,

223 3622 269 3678 5)
297 3620 637 3685 moen
663 3628 756 3672 dedi
787 3642 824 3672 e.
845 3628 902 3680 C,
933 3630 973 3671 iu
1003 3641 1084 3683 quo
1143 3627 1253 3683 quod
1283 3628 1480 3681 expressit
1507 3627 1607 3678 lac„
1646 3632 1787 3680 utpote
1815 3636 1991 3679 gramma
2025 3636 2096 3669 cae

141 3676 507 3735 Ῑξασθενήσηαο
553 3695 679 3740 upra
725 3698 759 3730 a.
825 3683 934 3727 ldem
981 3685 1084 3726 valet
1145 3684 1365 3725 canonibus
1394 3682 1520 3736 magis
1549 3682 1803 3725 conveniens.

1664 3752 1744 3795 12·
