<?xml version="1.0" encoding="UTF-8"?>
<!DOCTYPE html PUBLIC "-//W3C//DTD XHTML 1.0 Transitional//EN"
    "http://www.w3.org/TR/xhtml1/DTD/xhtml1-transitional.dtd">
<html xmlns="http://www.w3.org/1999/xhtml" xml:lang="en" lang="en">
 <head>
  <title>
</title>
<meta http-equiv="Content-Type" content="text/html;charset=utf-8" />
  <meta name='ocr-system' content='tesseract 3.04.00' />
  <meta name='ocr-capabilities' content='ocr_page ocr_carea ocr_par ocr_line ocrx_word'/>
</head>
<body>
  <div class='ocr_page' id='page_1' title='image "./patrumapostolico00dresuoft_0686.png"; bbox 0 0 2340 3900; ppageno 0'>
   <div class='ocr_carea' id='block_1_1' title="bbox 211 162 1422 233">
    <p class='ocr_par' dir='ltr' id='par_1_1' title="bbox 211 162 1422 233">
     <span class='ocr_line' id='line_1_1' title="bbox 211 162 1422 233; baseline -0.011 0"><span class='ocrx_word' id='word_1_1' title='bbox 211 182 309 233; x_wconf 76' lang='lat'><em>580</em></span> <span class='ocrx_word' id='word_1_2' title='bbox 932 176 1155 224; x_wconf 70' lang='lat' dir='ltr'>namma</span> <span class='ocrx_word' id='word_1_3' title='bbox 1193 162 1422 222; x_wconf 69' lang='lat' dir='ltr'>p‘As&#39;roa.</span> 
     </span>
    </p>
   </div>
   <div class='ocr_carea' id='block_1_2' title="bbox 210 301 2163 1491">
    <p class='ocr_par' dir='ltr' id='par_1_2' title="bbox 210 301 2163 1471">
     <span class='ocr_line' id='line_1_2' title="bbox 216 301 2154 376; baseline -0.008 -11"><span class='ocrx_word' id='word_1_4' title='bbox 216 311 619 376; x_wconf 77' lang='grc' dir='ltr'><em>ἐπισκοπησαντες</em></span> <span class='ocrx_word' id='word_1_5' title='bbox 671 329 751 358; x_wconf 89' lang='grc' dir='ltr'><em>και</em></span> <span class='ocrx_word' id='word_1_6' title='bbox 805 304 1080 366; x_wconf 73' lang='grc' dir='ltr'><em>διδάξαντες</em></span> <span class='ocrx_word' id='word_1_7' title='bbox 1123 326 1203 355; x_wconf 86' lang='grc' dir='ltr'><em>και</em></span> <span class='ocrx_word' id='word_1_8' title='bbox 1253 304 1624 370; x_wconf 85' lang='grc' dir='ltr'><em>διακονησαντες</em></span> <span class='ocrx_word' id='word_1_9' title='bbox 1660 301 1816 370; x_wconf 73' lang='grc' dir='ltr'><em>ἁγνῶς</em></span> <span class='ocrx_word' id='word_1_10' title='bbox 1852 301 1934 351; x_wconf 85' lang='grc' dir='ltr'><em>καὶ</em></span> <span class='ocrx_word' id='word_1_11' title='bbox 1970 305 2154 365; x_wconf 81' lang='grc' dir='ltr'><strong><em>σεμνῶς</em></strong></span> 
     </span>
     <span class='ocr_line' id='line_1_3' title="bbox 213 366 2151 458; baseline -0.008 -25"><span class='ocrx_word' id='word_1_12' title='bbox 213 389 312 440; x_wconf 90' lang='grc' dir='ltr'><em>τοῖς</em></span> <span class='ocrx_word' id='word_1_13' title='bbox 346 378 537 438; x_wconf 86' lang='grc' dir='ltr'><em>δούλοις</em></span> <span class='ocrx_word' id='word_1_14' title='bbox 572 382 658 427; x_wconf 87' lang='grc' dir='ltr'><em>τοῦ</em></span> <span class='ocrx_word' id='word_1_15' title='bbox 694 381 819 426; x_wconf 82' lang='grc' dir='ltr'><em>θεοῦ</em></span> <span class='ocrx_word' id='word_1_16' title='bbox 856 373 939 425; x_wconf 84' lang='grc' dir='ltr'><em>τὸν</em></span> <span class='ocrx_word' id='word_1_17' title='bbox 976 373 1247 458; x_wconf 85' lang='grc' dir='ltr'><em>λόγον,οἱ</em></span> <span class='ocrx_word' id='word_1_18' title='bbox 1280 372 1364 438; x_wconf 81' lang='grc' dir='ltr'><em>μὲν</em></span> <span class='ocrx_word' id='word_1_19' title='bbox 1396 371 1759 457; x_wconf 82' lang='grc' dir='ltr'><em>κεκοιμημένοι,</em></span> <span class='ocrx_word' id='word_1_20' title='bbox 1797 372 1847 420; x_wconf 80' lang='grc' dir='ltr'><em>οἱ</em></span> <span class='ocrx_word' id='word_1_21' title='bbox 1880 368 1931 419; x_wconf 79' lang='grc' dir='ltr'><em>δὲ</em></span> <span class='ocrx_word' id='word_1_22' title='bbox 1968 369 2034 419; x_wconf 88' lang='grc' dir='ltr'><em>ε’τι</em></span> <span class='ocrx_word' id='word_1_23' title='bbox 2071 366 2151 418; x_wconf 88' lang='lat' dir='ltr'><em>6v-</em></span> 
     </span>
     <span class='ocr_line' id='line_1_4' title="bbox 213 438 2156 508; baseline -0.006 -9"><span class='ocrx_word' id='word_1_24' title='bbox 213 466 309 508; x_wconf 87' lang='grc' dir='ltr'><em>τες·</em></span> <span class='ocrx_word' id='word_1_25' title='bbox 346 447 550 499; x_wconf 77' lang='grc' dir='ltr'><em>πάντοτε</em></span> <span class='ocrx_word' id='word_1_26' title='bbox 587 445 776 504; x_wconf 78' lang='grc' dir='ltr'><em>ἑαυτοῖς</em></span> <span class='ocrx_word' id='word_1_27' title='bbox 812 439 1184 507; x_wconf 82' lang='grc' dir='ltr'><em>συνεφώνησαν,</em></span> <span class='ocrx_word' id='word_1_28' title='bbox 1222 443 1303 492; x_wconf 87' lang='grc' dir='ltr'><em>καὶ</em></span> <span class='ocrx_word' id='word_1_29' title='bbox 1344 442 1395 492; x_wconf 78' lang='grc' dir='ltr'><em>ἐν</em></span> <span class='ocrx_word' id='word_1_30' title='bbox 1431 443 1621 501; x_wconf 77' lang='grc' dir='ltr'><em>ἑαυτοῖς</em></span> <span class='ocrx_word' id='word_1_31' title='bbox 1656 439 1851 506; x_wconf 86' lang='grc' dir='ltr'><em>εἰρηνην</em></span> <span class='ocrx_word' id='word_1_32' title='bbox 1888 439 2038 503; x_wconf 86' lang='grc' dir='ltr'><em>ε’σχον,</em></span> <span class='ocrx_word' id='word_1_33' title='bbox 2074 438 2156 488; x_wconf 83' lang='grc' dir='ltr'><em>καὶ</em></span> 
     </span>
     <span class='ocr_line' id='line_1_5' title="bbox 214 507 2155 602; baseline -0.007 -34"><span class='ocrx_word' id='word_1_34' title='bbox 214 515 431 583; x_wconf 73' lang='grc' dir='ltr'><em>ἀλλήλων</em></span> <span class='ocrx_word' id='word_1_35' title='bbox 450 513 727 602; x_wconf 48' lang='lat' dir='ltr'><em>e‘iy&#39;xovoav·</em></span> <span class='ocrx_word' id='word_1_36' title='bbox 776 510 857 563; x_wconf 80' lang='grc' dir='ltr'><em>διὰ</em></span> <span class='ocrx_word' id='word_1_37' title='bbox 893 517 1034 562; x_wconf 85' lang='grc' dir='ltr'><em>τοῦτο</em></span> <span class='ocrx_word' id='word_1_38' title='bbox 1068 511 1120 561; x_wconf 80' lang='grc' dir='ltr'><em>ἐν</em></span> <span class='ocrx_word' id='word_1_39' title='bbox 1153 515 1212 580; x_wconf 84' lang='grc' dir='ltr'><em>τῇ</em></span> <span class='ocrx_word' id='word_1_40' title='bbox 1250 512 1482 582; x_wconf 86' lang='grc' dir='ltr'><em>οἰκοδομῆ</em></span> <span class='ocrx_word' id='word_1_41' title='bbox 1518 515 1604 561; x_wconf 87' lang='grc' dir='ltr'><em>τοῦ</em></span> <span class='ocrx_word' id='word_1_42' title='bbox 1639 507 1827 576; x_wconf 79' lang='grc' dir='ltr'><em>πύργου</em></span> <span class='ocrx_word' id='word_1_43' title='bbox 1865 510 2155 571; x_wconf 83' lang='grc' dir='ltr'><em>συμφωνοῦ-</em></span> 
     </span>
     <span class='ocr_line' id='line_1_6' title="bbox 213 562 2156 672; baseline -0.006 -37"><span class='ocrx_word' id='word_1_44' title='bbox 213 603 290 635; x_wconf 90' lang='grc' dir='ltr'><em>σιν</em></span> <span class='ocrx_word' id='word_1_45' title='bbox 336 586 390 634; x_wconf 84' lang='grc' dir='ltr'><em>αἱ</em></span> <span class='ocrx_word' id='word_1_46' title='bbox 432 581 639 672; x_wconf 77' lang='grc' dir='ltr'><em>ἆρμογαὶ</em></span> <span class='ocrx_word' id='word_1_47' title='bbox 687 579 861 632; x_wconf 79' lang='grc' dir='ltr'><em>αὐτῶν.</em></span> <span class='ocrx_word' id='word_1_48' title='bbox 942 581 1006 630; x_wconf 69' lang='lat' dir='ltr'><em>Oi</em></span> <span class='ocrx_word' id='word_1_49' title='bbox 1052 578 1104 629; x_wconf 81' lang='grc' dir='ltr'><em>δὲ</em></span> <span class='ocrx_word' id='word_1_50' title='bbox 1139 562 1196 630; x_wconf 75' lang='grc' dir='ltr'><em>ἐκ</em></span> <span class='ocrx_word' id='word_1_51' title='bbox 1227 584 1314 630; x_wconf 82' lang='grc' dir='ltr'><em>τοῦ</em></span> <span class='ocrx_word' id='word_1_52' title='bbox 1348 563 1515 645; x_wconf 81' lang='grc' dir='ltr'><em>βυθοῦ</em></span> <span class='ocrx_word' id='word_1_53' title='bbox 1552 577 1796 644; x_wconf 77' lang='grc' dir='ltr'><em>ἑλκόμενοι</em></span> <span class='ocrx_word' id='word_1_54' title='bbox 1831 577 1912 627; x_wconf 88' lang='grc' dir='ltr'><em>καὶ</em></span> <span class='ocrx_word' id='word_1_55' title='bbox 1948 574 2156 626; x_wconf 77' lang='grc' dir='ltr'><em>ἐπιτιθέ-</em></span> 
     </span>
     <span class='ocr_line' id='line_1_7' title="bbox 212 645 2158 719; baseline -0.005 -15"><span class='ocrx_word' id='word_1_56' title='bbox 212 673 350 719; x_wconf 90' lang='grc' dir='ltr'><em>μενοι</em></span> <span class='ocrx_word' id='word_1_57' title='bbox 401 654 470 713; x_wconf 84' lang='grc' dir='ltr'><em>εἰς</em></span> <span class='ocrx_word' id='word_1_58' title='bbox 518 650 607 717; x_wconf 75' lang='grc' dir='ltr'><em>τὴν</em></span> <span class='ocrx_word' id='word_1_59' title='bbox 651 647 915 715; x_wconf 84' lang='grc' dir='ltr'><em>οἰκοδομὴν</em></span> <span class='ocrx_word' id='word_1_60' title='bbox 958 649 1041 699; x_wconf 85' lang='grc' dir='ltr'><em>καὶ</em></span> <span class='ocrx_word' id='word_1_61' title='bbox 1087 653 1462 718; x_wconf 80' lang='grc' dir='ltr'><em>συμφωνοῦντες</em></span> <span class='ocrx_word' id='word_1_62' title='bbox 1513 645 1627 713; x_wconf 74' lang='grc' dir='ltr'><em>μετὰ</em></span> <span class='ocrx_word' id='word_1_63' title='bbox 1663 652 1759 697; x_wconf 84' lang='grc' dir='ltr'><em>τῶν</em></span> <span class='ocrx_word' id='word_1_64' title='bbox 1796 645 1965 713; x_wconf 76' lang='grc' dir='ltr'><em>ἑτέρων</em></span> <span class='ocrx_word' id='word_1_65' title='bbox 2000 645 2158 695; x_wconf 87' lang='grc' dir='ltr'><em>λίθων</em></span> 
     </span>
     <span class='ocr_line' id='line_1_8' title="bbox 212 710 2157 807; baseline -0.005 -35"><span class='ocrx_word' id='word_1_66' title='bbox 212 728 308 773; x_wconf 81' lang='grc' dir='ltr'><em>τῶν</em></span> <span class='ocrx_word' id='word_1_67' title='bbox 342 719 438 787; x_wconf 89' lang='grc' dir='ltr'><em>ηδη</em></span> <span class='ocrx_word' id='word_1_68' title='bbox 477 718 862 807; x_wconf 77' lang='grc' dir='ltr'><em>ᾠκοδομημένων</em></span> <span class='ocrx_word' id='word_1_69' title='bbox 896 719 1020 783; x_wconf 88' lang='grc' dir='ltr'><em>τίνες</em></span> <span class='ocrx_word' id='word_1_70' title='bbox 1055 719 1202 780; x_wconf 63' lang='grc' dir='ltr'><em>εἰσίν,</em></span> <span class='ocrx_word' id='word_1_71' title='bbox 1281 710 1431 767; x_wconf 76' lang='grc' dir='ltr'><em>Οὗτοί</em></span> <span class='ocrx_word' id='word_1_72' title='bbox 1467 718 1588 767; x_wconf 85' lang='grc' dir='ltr'><em>εἰσιν</em></span> <span class='ocrx_word' id='word_1_73' title='bbox 1623 716 1673 766; x_wconf 85' lang='grc' dir='ltr'><em>οἷ</em></span> <span class='ocrx_word' id='word_1_74' title='bbox 1703 714 2039 779; x_wconf 82' lang='grc' dir='ltr'><em>κεκοιμημένοι</em></span> <span class='ocrx_word' id='word_1_75' title='bbox 2075 712 2157 763; x_wconf 89' lang='grc' dir='ltr'><em>καὶ</em></span> 
     </span>
     <span class='ocr_line' id='line_1_9' title="bbox 212 778 2159 852; baseline -0.005 -11"><span class='ocrx_word' id='word_1_76' title='bbox 212 788 458 850; x_wconf 82' lang='grc' dir='ltr'><em>παθόντες</em></span> <span class='ocrx_word' id='word_1_77' title='bbox 506 789 645 840; x_wconf 76' lang='grc' dir='ltr'><em>ἕνεκα</em></span> <span class='ocrx_word' id='word_1_78' title='bbox 688 793 774 838; x_wconf 86' lang='grc' dir='ltr'><em>τοῦ</em></span> <span class='ocrx_word' id='word_1_79' title='bbox 823 785 1059 852; x_wconf 87' lang='grc' dir='ltr'><em>ὀνόματος</em></span> <span class='ocrx_word' id='word_1_80' title='bbox 1103 790 1191 836; x_wconf 83' lang='grc' dir='ltr'><em>τοῦ</em></span> <span class='ocrx_word' id='word_1_81' title='bbox 1236 787 1433 852; x_wconf 81' lang='grc' dir='ltr'><em>κυρίου.</em></span> <span class='ocrx_word' id='word_1_82' title='bbox 1452 786 1556 845; x_wconf 67' lang='grc'><em>...2,</em></span> <span class='ocrx_word' id='word_1_83' title='bbox 1593 785 1675 836; x_wconf 86' lang='grc' dir='ltr'><em>καὶ</em></span> <span class='ocrx_word' id='word_1_84' title='bbox 1710 780 2040 845; x_wconf 82' lang='grc' dir='ltr'><em>κατώρθωσαν</em></span> <span class='ocrx_word' id='word_1_85' title='bbox 2076 778 2159 840; x_wconf 80' lang='grc' dir='ltr'><em>τὰς</em></span> 
     </span>
     <span class='ocr_line' id='line_1_10' title="bbox 213 848 2159 924; baseline -0.005 -15"><span class='ocrx_word' id='word_1_86' title='bbox 213 857 406 919; x_wconf 81' lang='grc' dir='ltr'><em>ἐντολὰς</em></span> <span class='ocrx_word' id='word_1_87' title='bbox 442 856 608 908; x_wconf 79' lang='grc' dir='ltr'><em>αὐτοῦ.</em></span> <span class='ocrx_word' id='word_1_88' title='bbox 673 857 738 907; x_wconf 81' lang='grc' dir='ltr'><em>Οἱ</em></span> <span class='ocrx_word' id='word_1_89' title='bbox 766 855 817 907; x_wconf 81' lang='grc' dir='ltr'><em>δὲ</em></span> <span class='ocrx_word' id='word_1_90' title='bbox 857 854 1079 924; x_wconf 75' lang='grc' dir='ltr'><em>ἀγόμενοι</em></span> <span class='ocrx_word' id='word_1_91' title='bbox 1114 854 1195 906; x_wconf 89' lang='grc' dir='ltr'><em>καὶ</em></span> <span class='ocrx_word' id='word_1_92' title='bbox 1229 854 1474 920; x_wconf 84' lang='grc' dir='ltr'><em>τιθέμενοι</em></span> <span class='ocrx_word' id='word_1_93' title='bbox 1509 855 1576 912; x_wconf 86' lang='grc' dir='ltr'><em>εἰς</em></span> <span class='ocrx_word' id='word_1_94' title='bbox 1611 852 1699 919; x_wconf 82' lang='grc' dir='ltr'><em>τὴν</em></span> <span class='ocrx_word' id='word_1_95' title='bbox 1735 848 1998 916; x_wconf 83' lang='grc' dir='ltr'><em>οἰκοδομὴν</em></span> <span class='ocrx_word' id='word_1_96' title='bbox 2034 852 2159 908; x_wconf 86' lang='grc' dir='ltr'><em>τίνες</em></span> 
     </span>
     <span class='ocr_line' id='line_1_11' title="bbox 213 916 2158 995; baseline -0.005 -18"><span class='ocrx_word' id='word_1_97' title='bbox 213 929 360 990; x_wconf 83' lang='grc' dir='ltr'><em>εἰσίν,-</em></span> <span class='ocrx_word' id='word_1_98' title='bbox 412 926 523 979; x_wconf 77' lang='lat'>....³</span> <span class='ocrx_word' id='word_1_99' title='bbox 578 927 630 976; x_wconf 81' lang='grc' dir='ltr'><em>ἐν</em></span> <span class='ocrx_word' id='word_1_100' title='bbox 673 946 732 995; x_wconf 90' lang='grc' dir='ltr'><em>τη</em></span> <span class='ocrx_word' id='word_1_101' title='bbox 778 926 933 976; x_wconf 84' lang='grc' dir='ltr'><em>πίστει</em></span> <span class='ocrx_word' id='word_1_102' title='bbox 981 930 1067 975; x_wconf 86' lang='grc' dir='ltr'><em>τοῦ</em></span> <span class='ocrx_word' id='word_1_103' title='bbox 1122 925 1296 989; x_wconf 84' lang='grc' dir='ltr'><em>κυρίου</em></span> <span class='ocrx_word' id='word_1_104' title='bbox 1332 924 1414 973; x_wconf 87' lang='grc' dir='ltr'><em>καὶ</em></span> <span class='ocrx_word' id='word_1_105' title='bbox 1449 923 1622 973; x_wconf 86' lang='grc' dir='ltr'><em>πιστοί.</em></span> <span class='ocrx_word' id='word_1_106' title='bbox 1698 924 2068 970; x_wconf 86' lang='grc' dir='ltr'><em>Νουθετοῦνται</em></span> <span class='ocrx_word' id='word_1_107' title='bbox 2107 916 2158 967; x_wconf 83' lang='grc' dir='ltr'><em>δὲ</em></span> 
     </span>
     <span class='ocr_line' id='line_1_12' title="bbox 210 984 2159 1062; baseline -0.006 -15"><span class='ocrx_word' id='word_1_108' title='bbox 210 993 311 1047; x_wconf 63' lang='grc' dir='ltr'><em>’ὕπὸ</em></span> <span class='ocrx_word' id='word_1_109' title='bbox 347 1001 444 1046; x_wconf 83' lang='grc' dir='ltr'><em>τῶν</em></span> <span class='ocrx_word' id='word_1_110' title='bbox 480 992 690 1062; x_wconf 75' lang='grc' dir='ltr'><em>ἀγγέλων</em></span> <span class='ocrx_word' id='word_1_111' title='bbox 726 995 794 1054; x_wconf 89' lang='grc' dir='ltr'><em>εἰς</em></span> <span class='ocrx_word' id='word_1_112' title='bbox 828 992 882 1045; x_wconf 89' lang='grc' dir='ltr'><em>τὸ</em></span> <span class='ocrx_word' id='word_1_113' title='bbox 917 1000 1074 1044; x_wconf 89' lang='grc' dir='ltr'><em>ποιεῖν</em></span> <span class='ocrx_word' id='word_1_114' title='bbox 1110 990 1184 1043; x_wconf 85' lang='grc' dir='ltr'><em>τὸ</em></span> <span class='ocrx_word' id='word_1_115' title='bbox 1202 989 1424 1060; x_wconf 79' lang='grc' dir='ltr'><em>ἀγαθόν,</em></span> <span class='ocrx_word' id='word_1_116' title='bbox 1478 987 1602 1040; x_wconf 82' lang='grc' dir='ltr'><em>διότι</em></span> <span class='ocrx_word' id='word_1_117' title='bbox 1648 985 1735 1054; x_wconf 82' lang='grc' dir='ltr'><em>οὐχ</em></span> <span class='ocrx_word' id='word_1_118' title='bbox 1772 987 1950 1055; x_wconf 75' lang='grc' dir='ltr'><em>εὑρέθη</em></span> <span class='ocrx_word' id='word_1_119' title='bbox 1987 987 2038 1038; x_wconf 78' lang='grc' dir='ltr'><em>ἐν</em></span> <span class='ocrx_word' id='word_1_120' title='bbox 2075 984 2159 1036; x_wconf 84' lang='grc' dir='ltr'><em>αὗ-</em></span> 
     </span>
     <span class='ocr_line' id='line_1_13' title="bbox 214 1048 2158 1147; baseline -0.006 -32"><span class='ocrx_word' id='word_1_121' title='bbox 214 1071 315 1124; x_wconf 90' lang='grc' dir='ltr'><em>τοῖς</em></span> <span class='ocrx_word' id='word_1_122' title='bbox 358 1065 578 1147; x_wconf 83' lang='grc' dir='ltr'><em>πονηρία</em></span> <span class='ocrx_word' id='word_1_123' title='bbox 657 1059 759 1123; x_wconf 90' lang='grc' dir='ltr'><em>Ους</em></span> <span class='ocrx_word' id='word_1_124' title='bbox 806 1062 857 1113; x_wconf 81' lang='grc' dir='ltr'><em>δὲ</em></span> <span class='ocrx_word' id='word_1_125' title='bbox 894 1060 1160 1128; x_wconf 79' lang='grc' dir='ltr'><em>ἂπέβαλλον</em></span> <span class='ocrx_word' id='word_1_126' title='bbox 1199 1061 1280 1110; x_wconf 87' lang='grc' dir='ltr'><em>καὶ</em></span> <span class='ocrx_word' id='word_1_127' title='bbox 1317 1058 1609 1126; x_wconf 74' lang='grc' dir='ltr'><em>ἐρρίπτουν,4</em></span> <span class='ocrx_word' id='word_1_128' title='bbox 1643 1059 1770 1117; x_wconf 90' lang='grc' dir='ltr'><em>τίνες</em></span> <span class='ocrx_word' id='word_1_129' title='bbox 1807 1058 1955 1117; x_wconf 84' lang='grc' dir='ltr'><em>εἰσίν;</em></span> <span class='ocrx_word' id='word_1_130' title='bbox 2007 1048 2158 1106; x_wconf 88' lang='grc' dir='ltr'><em>Ουτοί</em></span> 
     </span>
     <span class='ocr_line' id='line_1_14' title="bbox 213 1122 2160 1198; baseline -0.005 -15"><span class='ocrx_word' id='word_1_131' title='bbox 213 1135 332 1184; x_wconf 83' lang='grc' dir='ltr'><em>εἰσιν</em></span> <span class='ocrx_word' id='word_1_132' title='bbox 366 1134 415 1184; x_wconf 83' lang='grc' dir='ltr'><em>οἱ</em></span> <span class='ocrx_word' id='word_1_133' title='bbox 457 1129 782 1198; x_wconf 85' lang='grc' dir='ltr'><em>ημαρτηκότες</em></span> <span class='ocrx_word' id='word_1_134' title='bbox 822 1131 905 1182; x_wconf 89' lang='grc' dir='ltr'><em>καὶ</em></span> <span class='ocrx_word' id='word_1_135' title='bbox 948 1131 1173 1190; x_wconf 83' lang='grc' dir='ltr'><em>θέλοντες</em></span> <span class='ocrx_word' id='word_1_136' title='bbox 1204 1133 1554 1195; x_wconf 83' lang='grc' dir='ltr'><em>μεταχωρῆσαι·</em></span> <span class='ocrx_word' id='word_1_137' title='bbox 1542 1127 1575 1155; x_wconf 79' lang='lat'><em>⁰⁵</em></span> <span class='ocrx_word' id='word_1_138' title='bbox 1627 1124 1707 1176; x_wconf 77' lang='grc' dir='ltr'><em>διὰ</em></span> <span class='ocrx_word' id='word_1_139' title='bbox 1742 1130 1884 1177; x_wconf 86' lang='grc' dir='ltr'><em>τοῦτο</em></span> <span class='ocrx_word' id='word_1_140' title='bbox 1921 1122 2013 1176; x_wconf 78' lang='grc' dir='ltr'><em>οὐκ</em></span> <span class='ocrx_word' id='word_1_141' title='bbox 2048 1122 2160 1175; x_wconf 84' lang='grc' dir='ltr'><em>ἇπε-</em></span> 
     </span>
     <span class='ocr_line' id='line_1_15' title="bbox 213 1191 2159 1280; baseline -0.004 -29"><span class='ocrx_word' id='word_1_142' title='bbox 213 1203 468 1268; x_wconf 85' lang='grc' dir='ltr'><em>ρίφθησαν</em></span> <span class='ocrx_word' id='word_1_143' title='bbox 524 1201 611 1261; x_wconf 74' lang='grc' dir='ltr'><em>ἔξω</em></span> <span class='ocrx_word' id='word_1_144' title='bbox 657 1204 743 1251; x_wconf 83' lang='grc' dir='ltr'><em>τοῦ</em></span> <span class='ocrx_word' id='word_1_145' title='bbox 779 1197 993 1269; x_wconf 83' lang='grc' dir='ltr'><em>πύργου,</em></span> <span class='ocrx_word' id='word_1_146' title='bbox 1042 1198 1118 1249; x_wconf 82' lang='grc' dir='ltr'><em>ὅτι</em></span> <span class='ocrx_word' id='word_1_147' title='bbox 1156 1196 1403 1263; x_wconf 84' lang='grc' dir='ltr'><em>εύχρηστοι</em></span> <span class='ocrx_word' id='word_1_148' title='bbox 1440 1197 1628 1247; x_wconf 88' lang='grc' dir='ltr'><em>ε’σονται</em></span> <span class='ocrx_word' id='word_1_149' title='bbox 1663 1196 1733 1255; x_wconf 84' lang='grc' dir='ltr'><em>εἰς</em></span> <span class='ocrx_word' id='word_1_150' title='bbox 1766 1192 1855 1280; x_wconf 85' lang='grc' dir='ltr'><em>τὴν</em></span> <span class='ocrx_word' id='word_1_151' title='bbox 1893 1191 2159 1260; x_wconf 82' lang='grc' dir='ltr'><em>οἰκοδομὴν</em></span> 
     </span>
     <span class='ocr_line' id='line_1_16' title="bbox 213 1261 2162 1348; baseline -0.005 -27"><span class='ocrx_word' id='word_1_152' title='bbox 213 1269 297 1321; x_wconf 81' lang='grc' dir='ltr'><em>ἔαν</em></span> <span class='ocrx_word' id='word_1_153' title='bbox 333 1267 848 1336; x_wconf 85' lang='grc' dir='ltr'><em>μετανοήσουσιν.οἷ</em></span> <span class='ocrx_word' id='word_1_154' title='bbox 881 1270 971 1319; x_wconf 82' lang='grc' dir='ltr'><em>οὐν</em></span> <span class='ocrx_word' id='word_1_155' title='bbox 1005 1266 1419 1338; x_wconf 89' lang='grc' dir='ltr'><em>μετανο[ησοντες,</em></span> <span class='ocrx_word' id='word_1_156' title='bbox 1455 1262 1586 1328; x_wconf 68' lang='grc' dir='ltr'><em>ἐὰν]6</em></span> <span class='ocrx_word' id='word_1_157' title='bbox 1623 1261 1996 1348; x_wconf 81' lang='grc' dir='ltr'><em>μετανοήσωσιν,</em></span> <span class='ocrx_word' id='word_1_158' title='bbox 2035 1264 2162 1327; x_wconf 86' lang='grc' dir='ltr'><em>ἰσχυ-</em></span> 
     </span>
     <span class='ocr_line' id='line_1_17' title="bbox 214 1328 2163 1427; baseline -0.003 -38"><span class='ocrx_word' id='word_1_159' title='bbox 214 1340 307 1406; x_wconf 52' lang='grc' dir='ltr'><em>ροὶῗ</em></span> <span class='ocrx_word' id='word_1_160' title='bbox 356 1340 544 1389; x_wconf 89' lang='grc' dir='ltr'><em>ε’σονται</em></span> <span class='ocrx_word' id='word_1_161' title='bbox 581 1342 648 1422; x_wconf 77' lang='grc' dir='ltr'><em>τῇ</em></span> <span class='ocrx_word' id='word_1_162' title='bbox 693 1338 849 1388; x_wconf 86' lang='grc' dir='ltr'><em>πίστει</em></span> <span class='ocrx_word' id='word_1_163' title='bbox 895 1338 1079 1425; x_wconf 77' lang='grc' dir='ltr'><em>ἐκείνῃ,</em></span> <span class='ocrx_word' id='word_1_164' title='bbox 1084 1337 1103 1360; x_wconf 78' lang='lat'>⁸</span> <span class='ocrx_word' id='word_1_165' title='bbox 1157 1336 1209 1385; x_wconf 78' lang='grc' dir='ltr'><em>ἐν</em></span> <span class='ocrx_word' id='word_1_166' title='bbox 1258 1338 1295 1406; x_wconf 72' lang='grc' dir='ltr'><em>ᾧ</em></span> <span class='ocrx_word' id='word_1_167' title='bbox 1336 1333 1677 1399; x_wconf 73' lang='grc' dir='ltr'><em>οἰκοδομεῖται9</em></span> <span class='ocrx_word' id='word_1_168' title='bbox 1696 1331 1744 1427; x_wconf 80' lang='lat'><em>06</em></span> <span class='ocrx_word' id='word_1_169' title='bbox 1777 1330 1974 1418; x_wconf 87' lang='grc' dir='ltr'><em>πύργος.</em></span> <span class='ocrx_word' id='word_1_170' title='bbox 2041 1328 2163 1384; x_wconf 79' lang='grc' dir='ltr'><em>Ἐὰν</em></span> 
     </span>
     <span class='ocr_line' id='line_1_18' title="bbox 215 1389 2162 1491; baseline -0.004 -34"><span class='ocrx_word' id='word_1_171' title='bbox 215 1408 267 1457; x_wconf 83' lang='grc' dir='ltr'><em>δὲ</em></span> <span class='ocrx_word' id='word_1_172' title='bbox 312 1411 515 1491; x_wconf 78' lang='grc' dir='ltr'><em>τελεσθῇ</em></span> <span class='ocrx_word' id='word_1_173' title='bbox 561 1428 592 1471; x_wconf 87' lang='grc' dir='ltr'><em>η</em></span> <span class='ocrx_word' id='word_1_174' title='bbox 622 1389 912 1490; x_wconf 83' lang='grc' dir='ltr'><em>οἰκοδομή,</em></span> <span class='ocrx_word' id='word_1_175' title='bbox 929 1402 1021 1456; x_wconf 78' lang='grc' dir='ltr'><em>οὐκ</em></span> <span class='ocrx_word' id='word_1_176' title='bbox 1057 1405 1124 1455; x_wconf 90' lang='grc' dir='ltr'><em>ε’τι</em></span> <span class='ocrx_word' id='word_1_177' title='bbox 1159 1404 1287 1465; x_wconf 83' lang='grc' dir='ltr'><em>ε’ξο..</em></span> <span class='ocrx_word' id='word_1_178' title='bbox 1360 1423 1549 1455; x_wconf 83' lang='grc' dir='ltr'><em>,νονται</em></span> <span class='ocrx_word' id='word_1_179' title='bbox 1593 1423 1645 1453; x_wconf 90' lang='grc' dir='ltr'><em>κ.</em></span> <span class='ocrx_word' id='word_1_180' title='bbox 1696 1399 1902 1468; x_wconf 83' lang='grc' dir='ltr'><em>υμόνον</em></span> <span class='ocrx_word' id='word_1_181' title='bbox 1935 1399 1987 1452; x_wconf 80' lang='grc' dir='ltr'><em>δε</em></span> <span class='ocrx_word' id='word_1_182' title='bbox 2021 1406 2162 1451; x_wconf 85' lang='grc' dir='ltr'><em>τοῦτο</em></span> 
     </span>
    </p>
   </div>
   <div class='ocr_carea' id='block_1_3' title="bbox 216 1471 1242 1544">
    <p class='ocr_par' dir='ltr' id='par_1_3' title="bbox 216 1471 1242 1544">
     <span class='ocr_line' id='line_1_19' title="bbox 216 1471 1242 1544; baseline -0.002 -19"><span class='ocrx_word' id='word_1_183' title='bbox 216 1476 426 1543; x_wconf 80' lang='grc' dir='ltr'><em>ε’ξουσιν,</em></span> <span class='ocrx_word' id='word_1_184' title='bbox 466 1474 542 1525; x_wconf 86' lang='grc' dir='ltr'><em>ότι</em></span> <span class='ocrx_word' id='word_1_185' title='bbox 575 1472 708 1541; x_wconf 84' lang='grc' dir='ltr'><em>παρὰ</em></span> <span class='ocrx_word' id='word_1_186' title='bbox 742 1479 808 1544; x_wconf 76' lang='grc' dir='ltr'><em>τῷ</em></span> <span class='ocrx_word' id='word_1_187' title='bbox 845 1471 1013 1544; x_wconf 80' lang='grc' dir='ltr'><em>πύργῳ</em></span> <span class='ocrx_word' id='word_1_188' title='bbox 1049 1479 1242 1524; x_wconf 88' lang='grc' dir='ltr'><em>κεῖνται.</em></span> 
     </span>
    </p>
   </div>
   <div class='ocr_carea' id='block_1_4' title="bbox 215 1616 2170 2793">
    <p class='ocr_par' dir='ltr' id='par_1_4' title="bbox 215 1616 2170 2790">
     <span class='ocr_line' id='line_1_20' title="bbox 355 1616 2164 1710; baseline -0.004 -33"><span class='ocrx_word' id='word_1_189' title='bbox 355 1633 422 1678; x_wconf 87' lang='lat' dir='ltr'>Vl.</span> <span class='ocrx_word' id='word_1_190' title='bbox 499 1622 625 1685; x_wconf 80' lang='grc' dir='ltr'><em>Τοὺς</em></span> <span class='ocrx_word' id='word_1_191' title='bbox 684 1624 1130 1689; x_wconf 83' lang='grc' dir='ltr'><em>κατακοπτομένους</em></span> <span class='ocrx_word' id='word_1_192' title='bbox 1190 1623 1273 1674; x_wconf 88' lang='grc' dir='ltr'><em>καὶ</em></span> <span class='ocrx_word' id='word_1_193' title='bbox 1334 1620 1522 1710; x_wconf 81' lang='grc' dir='ltr'><em>μακρὰν</em></span> <span class='ocrx_word' id='word_1_194' title='bbox 1570 1620 1886 1689; x_wconf 83' lang='grc' dir='ltr'><em>ριπτομὲνους</em></span> <span class='ocrx_word' id='word_1_195' title='bbox 1931 1616 2027 1672; x_wconf 71' lang='grc' dir='ltr'><em>ἀπὸ</em></span> <span class='ocrx_word' id='word_1_196' title='bbox 2075 1625 2164 1671; x_wconf 79' lang='grc' dir='ltr'><em>τοῦ</em></span> 
     </span>
     <span class='ocr_line' id='line_1_21' title="bbox 216 1687 2166 1778; baseline -0.003 -33"><span class='ocrx_word' id='word_1_197' title='bbox 216 1691 406 1778; x_wconf 89' lang='grc' dir='ltr'><em>πύργου</em></span> <span class='ocrx_word' id='word_1_198' title='bbox 441 1695 602 1753; x_wconf 84' lang='grc' dir='ltr'><em>θέλεις</em></span> <span class='ocrx_word' id='word_1_199' title='bbox 636 1698 872 1760; x_wconf 80' lang='grc' dir='ltr'><em>γνῶναι..</em></span> <span class='ocrx_word' id='word_1_200' title='bbox 890 1693 932 1743; x_wconf 89' lang='lat'>.¹</span> <span class='ocrx_word' id='word_1_201' title='bbox 970 1690 1093 1742; x_wconf 89' lang='grc' dir='ltr'><em>διότι</em></span> <span class='ocrx_word' id='word_1_202' title='bbox 1130 1711 1210 1744; x_wconf 90' lang='grc' dir='ltr'><em>επ.</em></span> <span class='ocrx_word' id='word_1_203' title='bbox 1224 1693 1251 1744; x_wconf 79' lang='lat'><em>‚¹</em></span> <span class='ocrx_word' id='word_1_204' title='bbox 1295 1697 1382 1754; x_wconf 81' lang='grc' dir='ltr'><em>τῆς</em></span> <span class='ocrx_word' id='word_1_205' title='bbox 1418 1690 1645 1778; x_wconf 74' lang='grc' dir='ltr'><em>ἀνομίας·</em></span> <span class='ocrx_word' id='word_1_206' title='bbox 1693 1691 1975 1742; x_wconf 78' lang='grc' dir='ltr'><em>ἐπίστευσαν</em></span> <span class='ocrx_word' id='word_1_207' title='bbox 2011 1687 2063 1739; x_wconf 85' lang='grc' dir='ltr'><em>δε</em></span> <span class='ocrx_word' id='word_1_208' title='bbox 2097 1690 2166 1749; x_wconf 80' lang='grc' dir='ltr'><em>εἰς</em></span> 
     </span>
     <span class='ocr_line' id='line_1_22' title="bbox 215 1755 2164 1828; baseline -0.002 -16"><span class='ocrx_word' id='word_1_209' title='bbox 215 1761 526 1828; x_wconf 65' lang='grc' dir='ltr'><em>’ὗποκρισιάν2</em></span> <span class='ocrx_word' id='word_1_210' title='bbox 532 1803 543 1823; x_wconf 92' lang='grc'><em>,</em></span> <span class='ocrx_word' id='word_1_211' title='bbox 580 1762 662 1812; x_wconf 90' lang='grc' dir='ltr'><em>καὶ</em></span> <span class='ocrx_word' id='word_1_212' title='bbox 697 1767 829 1811; x_wconf 83' lang='grc' dir='ltr'><em>πᾶσα</em></span> <span class='ocrx_word' id='word_1_213' title='bbox 865 1758 1040 1824; x_wconf 78' lang='grc' dir='ltr'><em>ἀνομία</em></span> <span class='ocrx_word' id='word_1_214' title='bbox 1074 1757 1166 1810; x_wconf 81' lang='grc' dir='ltr'><em>οὐκ</em></span> <span class='ocrx_word' id='word_1_215' title='bbox 1202 1759 1381 1826; x_wconf 76' lang='grc' dir='ltr'><em>ἀπέστη</em></span> <span class='ocrx_word' id='word_1_216' title='bbox 1420 1758 1504 1811; x_wconf 77' lang='grc' dir='ltr'><em>ἀπ’</em></span> <span class='ocrx_word' id='word_1_217' title='bbox 1549 1757 1731 1810; x_wconf 80' lang='grc' dir='ltr'><em>αὐτῶν·</em></span> <span class='ocrx_word' id='word_1_218' title='bbox 1781 1757 1861 1810; x_wconf 79' lang='grc' dir='ltr'><em>διὰ</em></span> <span class='ocrx_word' id='word_1_219' title='bbox 1896 1763 2037 1810; x_wconf 82' lang='grc' dir='ltr'><em>τοῦτο</em></span> <span class='ocrx_word' id='word_1_220' title='bbox 2074 1755 2164 1809; x_wconf 82' lang='grc' dir='ltr'><em>οὐκ</em></span> 
     </span>
     <span class='ocr_line' id='line_1_23' title="bbox 217 1825 2164 1915; baseline -0.002 -34"><span class='ocrx_word' id='word_1_221' title='bbox 217 1832 376 1896; x_wconf 84' lang='grc' dir='ltr'><em>ε’χουσι</em></span> <span class='ocrx_word' id='word_1_222' title='bbox 404 1831 675 1915; x_wconf 83' lang='grc' dir='ltr'><em>σωτηρίαν,</em></span> <span class='ocrx_word' id='word_1_223' title='bbox 714 1827 788 1879; x_wconf 79' lang='grc' dir='ltr'><em>ὅτι</em></span> <span class='ocrx_word' id='word_1_224' title='bbox 824 1826 914 1879; x_wconf 81' lang='grc' dir='ltr'><em>οὐκ</em></span> <span class='ocrx_word' id='word_1_225' title='bbox 950 1829 1070 1878; x_wconf 86' lang='grc' dir='ltr'><em>εἰσὶν</em></span> <span class='ocrx_word' id='word_1_226' title='bbox 1107 1826 1360 1893; x_wconf 74' lang='grc' dir='ltr'><em>ὠφέλιμοι3</em></span> <span class='ocrx_word' id='word_1_227' title='bbox 1398 1830 1466 1888; x_wconf 82' lang='grc' dir='ltr'><em>εἰς</em></span> <span class='ocrx_word' id='word_1_228' title='bbox 1499 1825 1588 1893; x_wconf 83' lang='grc' dir='ltr'><em>τὴν</em></span> <span class='ocrx_word' id='word_1_229' title='bbox 1625 1825 1890 1911; x_wconf 80' lang='grc' dir='ltr'><em>οἰκοδομὴν</em></span> <span class='ocrx_word' id='word_1_230' title='bbox 1923 1832 2011 1877; x_wconf 83' lang='grc' dir='ltr'><em>τοῦ</em></span> <span class='ocrx_word' id='word_1_231' title='bbox 2045 1825 2164 1894; x_wconf 85' lang='grc' dir='ltr'><em>πύρ-</em></span> 
     </span>
     <span class='ocr_line' id='line_1_24' title="bbox 215 1892 2167 1982; baseline -0.003 -32"><span class='ocrx_word' id='word_1_232' title='bbox 215 1919 305 1967; x_wconf 88' lang='grc' dir='ltr'><em>γου</em></span> <span class='ocrx_word' id='word_1_233' title='bbox 342 1896 424 1948; x_wconf 83' lang='grc' dir='ltr'><em>διὰ</em></span> <span class='ocrx_word' id='word_1_234' title='bbox 455 1896 541 1958; x_wconf 82' lang='grc' dir='ltr'><em>τὰς</em></span> <span class='ocrx_word' id='word_1_235' title='bbox 575 1899 812 1964; x_wconf 88' lang='grc' dir='ltr'><em>πονηρίας</em></span> <span class='ocrx_word' id='word_1_236' title='bbox 848 1893 1022 1947; x_wconf 83' lang='grc' dir='ltr'><em>αυτῶν.</em></span> <span class='ocrx_word' id='word_1_237' title='bbox 1101 1894 1227 1956; x_wconf 83' lang='grc' dir='ltr'><em>Τοὺς</em></span> <span class='ocrx_word' id='word_1_238' title='bbox 1263 1895 1314 1946; x_wconf 93' lang='grc' dir='ltr'><em>δε</em></span> <span class='ocrx_word' id='word_1_239' title='bbox 1351 1895 1540 1982; x_wconf 74' lang='grc' dir='ltr'><em>ἑτέρους</em></span> <span class='ocrx_word' id='word_1_240' title='bbox 1574 1898 1775 1958; x_wconf 81' lang='grc' dir='ltr'><em>λίθους,</em></span> <span class='ocrx_word' id='word_1_241' title='bbox 1830 1915 1918 1955; x_wconf 89' lang='grc' dir='ltr'><em>ους</em></span> <span class='ocrx_word' id='word_1_242' title='bbox 1953 1892 2167 1960; x_wconf 74' lang='grc' dir='ltr'><em>ἑώρακας</em></span> 
     </span>
     <span class='ocr_line' id='line_1_25' title="bbox 216 1957 2162 2052; baseline -0.003 -34"><span class='ocrx_word' id='word_1_243' title='bbox 216 1965 422 2028; x_wconf 83' lang='grc' dir='ltr'><em>πολλοὺς</em></span> <span class='ocrx_word' id='word_1_244' title='bbox 458 1966 706 2033; x_wconf 83' lang='grc' dir='ltr'><em>κειμένους</em></span> <span class='ocrx_word' id='word_1_245' title='bbox 739 1966 822 2018; x_wconf 89' lang='grc' dir='ltr'><em>καὶ</em></span> <span class='ocrx_word' id='word_1_246' title='bbox 857 1963 922 2031; x_wconf 81' lang='grc' dir='ltr'><em>μὴ</em></span> <span class='ocrx_word' id='word_1_247' title='bbox 942 1962 1238 2052; x_wconf 83' lang='grc' dir='ltr'><em>ύπαγοντας</em></span> <span class='ocrx_word' id='word_1_248' title='bbox 1266 1966 1332 2025; x_wconf 84' lang='grc' dir='ltr'><em>εἷς</em></span> <span class='ocrx_word' id='word_1_249' title='bbox 1367 1962 1455 2031; x_wconf 83' lang='grc' dir='ltr'><em>τὴν</em></span> <span class='ocrx_word' id='word_1_250' title='bbox 1490 1962 1780 2051; x_wconf 82' lang='grc' dir='ltr'><em>οἰκοδομήν,</em></span> <span class='ocrx_word' id='word_1_251' title='bbox 1820 1957 1978 2028; x_wconf 90' lang='grc' dir='ltr'><em>[ουτοι</em></span> <span class='ocrx_word' id='word_1_252' title='bbox 2013 1963 2162 2027; x_wconf 52' lang='lat' dir='ltr'>&amp;pm-J</span> 
     </span>
     <span class='ocr_line' id='line_1_26' title="bbox 217 2031 2166 2122; baseline -0.003 -35"><span class='ocrx_word' id='word_1_253' title='bbox 217 2033 438 2122; x_wconf 88' lang='grc' dir='ltr'><em>ριακότες</em></span> <span class='ocrx_word' id='word_1_254' title='bbox 487 2035 734 2096; x_wconf 83' lang='grc' dir='ltr'><em>εἰσίν,οἷ</em></span> <span class='ocrx_word' id='word_1_255' title='bbox 773 2032 1032 2103; x_wconf 78' lang='grc' dir='ltr'><em>ἐγνωκότες</em></span> <span class='ocrx_word' id='word_1_256' title='bbox 1061 2032 1170 2120; x_wconf 86' lang='grc' dir='ltr'><em>τὴν</em></span> <span class='ocrx_word' id='word_1_257' title='bbox 1215 2031 1476 2099; x_wconf 77' lang='grc' dir='ltr'><em>ἀλήθειαν,</em></span> <span class='ocrx_word' id='word_1_258' title='bbox 1528 2031 1593 2119; x_wconf 88' lang='grc' dir='ltr'><em>μὴ</em></span> <span class='ocrx_word' id='word_1_259' title='bbox 1640 2034 1967 2100; x_wconf 77' lang='grc' dir='ltr'><em>ἐπιμείναντες</em></span> <span class='ocrx_word' id='word_1_260' title='bbox 2017 2031 2070 2083; x_wconf 79' lang='grc' dir='ltr'><em>δὲ</em></span> <span class='ocrx_word' id='word_1_261' title='bbox 2115 2032 2166 2083; x_wconf 78' lang='grc' dir='ltr'><em>ἐν</em></span> 
     </span>
     <span class='ocr_line' id='line_1_27' title="bbox 219 2100 2166 2176; baseline -0.003 -20"><span class='ocrx_word' id='word_1_262' title='bbox 219 2103 342 2176; x_wconf 80' lang='grc' dir='ltr'><em>αυτῆ</em></span> <span class='ocrx_word' id='word_1_263' title='bbox 393 2104 511 2171; x_wconf 90' lang='grc' dir='ltr'><em>μηδε</em></span> <span class='ocrx_word' id='word_1_264' title='bbox 559 2101 849 2169; x_wconf 82' lang='grc' dir='ltr'><em>κολλώμενοι</em></span> <span class='ocrx_word' id='word_1_265' title='bbox 895 2109 996 2164; x_wconf 91' lang='grc' dir='ltr'><em>τοῖς</em></span> <span class='ocrx_word' id='word_1_266' title='bbox 1045 2100 1242 2174; x_wconf 79' lang='grc' dir='ltr'><em>ἆγίοις·</em></span> <span class='ocrx_word' id='word_1_267' title='bbox 1262 2101 1344 2154; x_wconf 91' lang='grc' dir='ltr'><em>δια</em></span> <span class='ocrx_word' id='word_1_268' title='bbox 1380 2108 1520 2155; x_wconf 87' lang='grc' dir='ltr'><em>τοῦτο</em></span> <span class='ocrx_word' id='word_1_269' title='bbox 1558 2100 1784 2169; x_wconf 86' lang='grc' dir='ltr'><em>αχρηστοί</em></span> <span class='ocrx_word' id='word_1_270' title='bbox 1819 2102 2084 2154; x_wconf 85' lang='grc' dir='ltr'><em>εἰσιν.οἷ</em></span> <span class='ocrx_word' id='word_1_271' title='bbox 2115 2100 2166 2152; x_wconf 78' lang='grc' dir='ltr'><em>δὲ</em></span> 
     </span>
     <span class='ocr_line' id='line_1_28' title="bbox 217 2165 2170 2255; baseline -0.002 -31"><span class='ocrx_word' id='word_1_272' title='bbox 217 2195 304 2234; x_wconf 90' lang='grc' dir='ltr'><em>τας</em></span> <span class='ocrx_word' id='word_1_273' title='bbox 340 2172 539 2240; x_wconf 82' lang='grc' dir='ltr'><em>σχισμὰς</em></span> <span class='ocrx_word' id='word_1_274' title='bbox 574 2174 757 2239; x_wconf 86' lang='grc' dir='ltr'><em>ε’χοντες</em></span> <span class='ocrx_word' id='word_1_275' title='bbox 794 2175 918 2232; x_wconf 88' lang='grc' dir='ltr'><em>τίνες</em></span> <span class='ocrx_word' id='word_1_276' title='bbox 954 2173 1102 2236; x_wconf 70' lang='grc' dir='ltr'><em>εἰσίν,</em></span> <span class='ocrx_word' id='word_1_277' title='bbox 1168 2165 1318 2224; x_wconf 78' lang='grc' dir='ltr'><em>Οὗτοί</em></span> <span class='ocrx_word' id='word_1_278' title='bbox 1351 2174 1472 2224; x_wconf 85' lang='grc' dir='ltr'><em>εἰσιν</em></span> <span class='ocrx_word' id='word_1_279' title='bbox 1510 2173 1560 2223; x_wconf 81' lang='grc' dir='ltr'><em>οἱ</em></span> <span class='ocrx_word' id='word_1_280' title='bbox 1590 2170 1695 2223; x_wconf 86' lang='grc' dir='ltr'><em>κατ’</em></span> <span class='ocrx_word' id='word_1_281' title='bbox 1735 2169 1950 2238; x_wconf 78' lang='grc' dir='ltr'><em>ἀλλήλων</em></span> <span class='ocrx_word' id='word_1_282' title='bbox 1987 2170 2170 2255; x_wconf 72' lang='grc' dir='ltr'><em>ἔχοντες</em></span> 
     </span>
     <span class='ocr_line' id='line_1_29' title="bbox 219 2237 2168 2327; baseline -0.001 -35"><span class='ocrx_word' id='word_1_283' title='bbox 219 2243 271 2293; x_wconf 80' lang='grc' dir='ltr'><em>ἔν</em></span> <span class='ocrx_word' id='word_1_284' title='bbox 321 2249 427 2303; x_wconf 89' lang='grc' dir='ltr'><em>ταῖς</em></span> <span class='ocrx_word' id='word_1_285' title='bbox 474 2245 710 2327; x_wconf 87' lang='grc' dir='ltr'><em>καρδίαις</em></span> <span class='ocrx_word' id='word_1_286' title='bbox 740 2243 823 2293; x_wconf 87' lang='grc' dir='ltr'><em>καὶ</em></span> <span class='ocrx_word' id='word_1_287' title='bbox 859 2239 924 2306; x_wconf 86' lang='grc' dir='ltr'><em>μὴ</em></span> <span class='ocrx_word' id='word_1_288' title='bbox 963 2241 1286 2309; x_wconf 90' lang='grc' dir='ltr'><em>εἰρηνεύοντες</em></span> <span class='ocrx_word' id='word_1_289' title='bbox 1323 2241 1374 2293; x_wconf 79' lang='grc' dir='ltr'><em>ἑν</em></span> <span class='ocrx_word' id='word_1_290' title='bbox 1409 2242 1622 2302; x_wconf 88' lang='grc' dir='ltr'><em>εαυτοῖς·</em></span> <span class='ocrx_word' id='word_1_291' title='bbox 1659 2241 1710 2293; x_wconf 82' lang='grc' dir='ltr'><em>ἕν</em></span> <span class='ocrx_word' id='word_1_292' title='bbox 1747 2241 1834 2307; x_wconf 79' lang='grc' dir='ltr'><em>μὲν</em></span> <span class='ocrx_word' id='word_1_293' title='bbox 1866 2245 1934 2311; x_wconf 78' lang='grc' dir='ltr'><em>τῷ</em></span> <span class='ocrx_word' id='word_1_294' title='bbox 1967 2237 2168 2306; x_wconf 86' lang='grc' dir='ltr'><em>παρόντι</em></span> 
     </span>
     <span class='ocr_line' id='line_1_30' title="bbox 217 2307 2168 2396; baseline -0.001 -35"><span class='ocrx_word' id='word_1_295' title='bbox 217 2308 414 2377; x_wconf 87' lang='grc' dir='ltr'><em>εἶρηνην</em></span> <span class='ocrx_word' id='word_1_296' title='bbox 450 2312 646 2378; x_wconf 87' lang='grc' dir='ltr'><em>ε’χοντες,</em></span> <span class='ocrx_word' id='word_1_297' title='bbox 682 2309 799 2362; x_wconf 89' lang='grc' dir='ltr'><em>όταν</em></span> <span class='ocrx_word' id='word_1_298' title='bbox 836 2310 887 2361; x_wconf 81' lang='grc' dir='ltr'><em>δὲ</em></span> <span class='ocrx_word' id='word_1_299' title='bbox 922 2307 1340 2382; x_wconf 80' lang='grc' dir='ltr'><em>ἆποχωρισθῶσιν,</em></span> <span class='ocrx_word' id='word_1_300' title='bbox 1378 2312 1432 2361; x_wconf 83' lang='grc' dir='ltr'><em>αἵ</em></span> <span class='ocrx_word' id='word_1_301' title='bbox 1462 2313 1690 2396; x_wconf 88' lang='grc' dir='ltr'><em>πονηρίαι</em></span> <span class='ocrx_word' id='word_1_302' title='bbox 1726 2311 1779 2362; x_wconf 77' lang='grc' dir='ltr'><em>ἐν</em></span> <span class='ocrx_word' id='word_1_303' title='bbox 1812 2316 1916 2370; x_wconf 88' lang='grc' dir='ltr'><em>ταῖς</em></span> <span class='ocrx_word' id='word_1_304' title='bbox 1946 2310 2168 2396; x_wconf 88' lang='grc' dir='ltr'><em>καρδίαις</em></span> 
     </span>
     <span class='ocr_line' id='line_1_31' title="bbox 219 2373 2168 2465; baseline -0.001 -36"><span class='ocrx_word' id='word_1_305' title='bbox 219 2378 380 2430; x_wconf 83' lang='grc' dir='ltr'><em>αὐτῶν</em></span> <span class='ocrx_word' id='word_1_306' title='bbox 429 2380 732 2465; x_wconf 51' lang='grc' dir='ltr'><em>ἒμμένουσινὲ</em></span> <span class='ocrx_word' id='word_1_307' title='bbox 798 2373 959 2430; x_wconf 78' lang='grc' dir='ltr'><em>Αὗται</em></span> <span class='ocrx_word' id='word_1_308' title='bbox 1009 2382 1100 2431; x_wconf 84' lang='grc' dir='ltr'><em>οὐν</em></span> <span class='ocrx_word' id='word_1_309' title='bbox 1144 2381 1198 2431; x_wconf 82' lang='grc' dir='ltr'><em>αἱ</em></span> <span class='ocrx_word' id='word_1_310' title='bbox 1230 2382 1419 2446; x_wconf 85' lang='grc' dir='ltr'><em>σχισμαί</em></span> <span class='ocrx_word' id='word_1_311' title='bbox 1456 2381 1601 2442; x_wconf 88' lang='grc' dir='ltr'><em>εἰσιν,</em></span> <span class='ocrx_word' id='word_1_312' title='bbox 1650 2401 1708 2440; x_wconf 91' lang='grc' dir='ltr'><em>ας</em></span> <span class='ocrx_word' id='word_1_313' title='bbox 1743 2380 1944 2446; x_wconf 74' lang='grc' dir='ltr'><em>ε’χουσιν.</em></span> <span class='ocrx_word' id='word_1_314' title='bbox 2021 2379 2085 2428; x_wconf 71' lang='lat' dir='ltr'><em>Of</em></span> <span class='ocrx_word' id='word_1_315' title='bbox 2118 2377 2168 2429; x_wconf 82' lang='grc' dir='ltr'><em>δὲ</em></span> 
     </span>
     <span class='ocr_line' id='line_1_32' title="bbox 217 2447 2168 2514; baseline 0 -16"><span class='ocrx_word' id='word_1_316' title='bbox 217 2449 620 2513; x_wconf 82' lang='grc' dir='ltr'><em>κεκολοβωμένοι,</em></span> <span class='ocrx_word' id='word_1_317' title='bbox 674 2450 809 2499; x_wconf 88' lang='grc' dir='ltr'><em>οὑτοί</em></span> <span class='ocrx_word' id='word_1_318' title='bbox 845 2450 965 2499; x_wconf 84' lang='grc' dir='ltr'><em>εἰσιν</em></span> <span class='ocrx_word' id='word_1_319' title='bbox 1002 2450 1049 2500; x_wconf 84' lang='grc' dir='ltr'><em>οἱ</em></span> <span class='ocrx_word' id='word_1_320' title='bbox 1080 2447 1448 2510; x_wconf 88' lang='grc' dir='ltr'><em>πεπιστευκότες</em></span> <span class='ocrx_word' id='word_1_321' title='bbox 1484 2470 1569 2514; x_wconf 91' lang='grc' dir='ltr'><em>μεν</em></span> <span class='ocrx_word' id='word_1_322' title='bbox 1613 2449 1695 2500; x_wconf 88' lang='grc' dir='ltr'><em>καὶ</em></span> <span class='ocrx_word' id='word_1_323' title='bbox 1729 2447 1782 2500; x_wconf 85' lang='grc' dir='ltr'><em>τὸ</em></span> <span class='ocrx_word' id='word_1_324' title='bbox 1832 2453 2053 2499; x_wconf 87' lang='grc' dir='ltr'><em>πλεῖστον</em></span> <span class='ocrx_word' id='word_1_325' title='bbox 2089 2447 2168 2512; x_wconf 87' lang='grc' dir='ltr'><em>με’-</em></span> 
     </span>
     <span class='ocr_line' id='line_1_33' title="bbox 218 2513 2168 2602; baseline -0.001 -35"><span class='ocrx_word' id='word_1_326' title='bbox 218 2536 302 2584; x_wconf 89' lang='grc' dir='ltr'><em>ρος</em></span> <span class='ocrx_word' id='word_1_327' title='bbox 354 2516 536 2582; x_wconf 83' lang='grc' dir='ltr'><em>ε’χοντες</em></span> <span class='ocrx_word' id='word_1_328' title='bbox 584 2517 636 2567; x_wconf 81' lang='grc' dir='ltr'><em>ἔν</em></span> <span class='ocrx_word' id='word_1_329' title='bbox 678 2514 986 2602; x_wconf 83' lang='grc' dir='ltr'><em>δικαιοσύνη,</em></span> <span class='ocrx_word' id='word_1_330' title='bbox 1040 2538 1146 2568; x_wconf 91' lang='grc' dir='ltr'><em>τινα</em></span> <span class='ocrx_word' id='word_1_331' title='bbox 1189 2517 1241 2568; x_wconf 91' lang='grc' dir='ltr'><em>δε</em></span> <span class='ocrx_word' id='word_1_332' title='bbox 1289 2518 1407 2586; x_wconf 89' lang='grc' dir='ltr'><em>με’ρη</em></span> <span class='ocrx_word' id='word_1_333' title='bbox 1453 2518 1636 2583; x_wconf 86' lang='grc' dir='ltr'><em>ε’χοντες</em></span> <span class='ocrx_word' id='word_1_334' title='bbox 1679 2523 1766 2583; x_wconf 81' lang='grc' dir='ltr'><em>τῆς</em></span> <span class='ocrx_word' id='word_1_335' title='bbox 1813 2515 2040 2583; x_wconf 87' lang='grc' dir='ltr'><em>ανομίας·</em></span> <span class='ocrx_word' id='word_1_336' title='bbox 2086 2513 2168 2566; x_wconf 81' lang='grc' dir='ltr'><em>διὰ</em></span> 
     </span>
     <span class='ocr_line' id='line_1_34' title="bbox 216 2568 2167 2670; baseline -0.001 -35"><span class='ocrx_word' id='word_1_337' title='bbox 216 2590 358 2636; x_wconf 85' lang='grc' dir='ltr'><em>τοῦτο</em></span> <span class='ocrx_word' id='word_1_338' title='bbox 383 2585 609 2670; x_wconf 90' lang='grc' dir='ltr'><em>κολοβοὶ</em></span> <span class='ocrx_word' id='word_1_339' title='bbox 655 2606 734 2635; x_wconf 91' lang='grc' dir='ltr'><em>και</em></span> <span class='ocrx_word' id='word_1_340' title='bbox 785 2583 870 2651; x_wconf 78' lang='grc' dir='ltr'><em>οὐχ</em></span> <span class='ocrx_word' id='word_1_341' title='bbox 918 2568 1147 2645; x_wconf 84' lang='grc' dir='ltr'><em>όλοτελεῖς</em></span> <span class='ocrx_word' id='word_1_342' title='bbox 1185 2588 1317 2638; x_wconf 80' lang='grc' dir='ltr'><em>εἰσίν.</em></span> <span class='ocrx_word' id='word_1_343' title='bbox 1395 2587 1459 2636; x_wconf 91' lang='grc' dir='ltr'><em>Οι</em></span> <span class='ocrx_word' id='word_1_344' title='bbox 1492 2585 1543 2636; x_wconf 85' lang='grc' dir='ltr'><em>δὲ</em></span> <span class='ocrx_word' id='word_1_345' title='bbox 1578 2587 1738 2636; x_wconf 86' lang='grc' dir='ltr'><em>λευκοι</em></span> <span class='ocrx_word' id='word_1_346' title='bbox 1775 2586 1858 2635; x_wconf 88' lang='grc' dir='ltr'><em>καὶ</em></span> <span class='ocrx_word' id='word_1_347' title='bbox 1891 2582 2167 2653; x_wconf 86' lang='grc' dir='ltr'><em>στρογγύλοι</em></span> 
     </span>
     <span class='ocr_line' id='line_1_35' title="bbox 217 2651 2169 2747; baseline 0 -43"><span class='ocrx_word' id='word_1_348' title='bbox 217 2654 300 2704; x_wconf 86' lang='grc' dir='ltr'><em>καὶ</em></span> <span class='ocrx_word' id='word_1_349' title='bbox 337 2651 400 2720; x_wconf 85' lang='grc' dir='ltr'><em>μὴ</em></span> <span class='ocrx_word' id='word_1_350' title='bbox 440 2651 750 2740; x_wconf 73' lang='grc' dir='ltr'><em>ἁρμόζοντες</em></span> <span class='ocrx_word' id='word_1_351' title='bbox 761 2655 828 2713; x_wconf 87' lang='grc' dir='ltr'><em>εἰς</em></span> <span class='ocrx_word' id='word_1_352' title='bbox 863 2651 952 2719; x_wconf 87' lang='grc' dir='ltr'><em>τὴν</em></span> <span class='ocrx_word' id='word_1_353' title='bbox 989 2651 1252 2719; x_wconf 82' lang='grc' dir='ltr'><em>οἰκοδομὴν</em></span> <span class='ocrx_word' id='word_1_354' title='bbox 1290 2656 1414 2714; x_wconf 87' lang='grc' dir='ltr'><em>τίνες</em></span> <span class='ocrx_word' id='word_1_355' title='bbox 1451 2655 1565 2716; x_wconf 83' lang='grc' dir='ltr'><em>εἶσί,</em></span> <span class='ocrx_word' id='word_1_356' title='bbox 1602 2656 1775 2736; x_wconf 63' lang='grc' dir='ltr'><em>κυρίας</em></span> <span class='ocrx_word' id='word_1_357' title='bbox 1818 2651 2169 2747; x_wconf 86' lang='grc' dir='ltr'><em>’Λποκριθεῖσα</em></span> 
     </span>
     <span class='ocr_line' id='line_1_36' title="bbox 216 2719 2169 2793; baseline -0.001 -20"><span class='ocrx_word' id='word_1_358' title='bbox 216 2723 339 2790; x_wconf 92' lang='grc' dir='ltr'><em>λε’γει</em></span> <span class='ocrx_word' id='word_1_359' title='bbox 389 2743 471 2788; x_wconf 93' lang='grc' dir='ltr'><em>μοι</em></span> <span class='ocrx_word' id='word_1_360' title='bbox 502 2722 638 2782; x_wconf 66' lang='lat' dir='ltr'><em>“Ewg</em></span> <span class='ocrx_word' id='word_1_361' title='bbox 683 2721 798 2774; x_wconf 90' lang='grc' dir='ltr'><em>πότε</em></span> <span class='ocrx_word' id='word_1_362' title='bbox 845 2720 1005 2790; x_wconf 80' lang='grc' dir='ltr'><em>μωρὸς</em></span> <span class='ocrx_word' id='word_1_363' title='bbox 1055 2719 1103 2774; x_wconf 86' lang='grc' dir='ltr'><em>εἷ</em></span> <span class='ocrx_word' id='word_1_364' title='bbox 1147 2744 1227 2773; x_wconf 90' lang='grc' dir='ltr'><em>και</em></span> <span class='ocrx_word' id='word_1_365' title='bbox 1274 2720 1529 2785; x_wconf 79' lang='grc' dir='ltr'><em>ἀσύνετος,</em></span> <span class='ocrx_word' id='word_1_366' title='bbox 1578 2723 1660 2774; x_wconf 89' lang='grc' dir='ltr'><em>καὶ</em></span> <span class='ocrx_word' id='word_1_367' title='bbox 1707 2743 1866 2774; x_wconf 89' lang='grc' dir='ltr'><em>παντα</em></span> <span class='ocrx_word' id='word_1_368' title='bbox 1912 2722 2169 2793; x_wconf 69' lang='grc' dir='ltr'><em>ἐπερωτᾷς4</em></span> 
     </span>
    </p>
   </div>
   <div class='ocr_carea' id='block_1_5' title="bbox 216 2829 409 2834">
    <p class='ocr_par' dir='ltr' id='par_1_5' title="bbox 216 2829 409 2834">
     <span class='ocr_line' id='line_1_37' title="bbox 216 2829 409 2834; baseline 0 0"><span class='ocrx_word' id='word_1_369' title='bbox 216 2829 409 2834; x_wconf 95' lang='lat' dir='ltr'><em> </em></span> 
     </span>
    </p>
   </div>
   <div class='ocr_carea' id='block_1_6' title="bbox 411 2830 563 2834">
    <p class='ocr_par' dir='ltr' id='par_1_6' title="bbox 411 2830 563 2834">
     <span class='ocr_line' id='line_1_38' title="bbox 411 2830 563 2834; baseline 0 0"><span class='ocrx_word' id='word_1_370' title='bbox 411 2830 563 2834; x_wconf 95' lang='lat' dir='ltr'><em> </em></span> 
     </span>
    </p>
   </div>
   <div class='ocr_carea' id='block_1_7' title="bbox 218 2873 2168 3044">
    <p class='ocr_par' dir='ltr' id='par_1_7' title="bbox 218 2873 2168 3044">
     <span class='ocr_line' id='line_1_39' title="bbox 303 2873 2167 2931; baseline 0.001 -16"><span class='ocrx_word' id='word_1_371' title='bbox 303 2874 347 2923; x_wconf 90' lang='grc'><em>2)</em></span> <span class='ocrx_word' id='word_1_372' title='bbox 385 2881 423 2915; x_wconf 87' lang='lat' dir='ltr'><em>et</em></span> <span class='ocrx_word' id='word_1_373' title='bbox 454 2876 491 2915; x_wconf 94' lang='lat' dir='ltr'>h.</span> <span class='ocrx_word' id='word_1_374' title='bbox 524 2876 549 2915; x_wconf 95' lang='lat' dir='ltr'>l.</span> <span class='ocrx_word' id='word_1_375' title='bbox 589 2881 627 2915; x_wconf 78' lang='lat' dir='ltr'><em>et</em></span> <span class='ocrx_word' id='word_1_376' title='bbox 667 2875 805 2927; x_wconf 87' lang='lat' dir='ltr'>paullo</span> <span class='ocrx_word' id='word_1_377' title='bbox 852 2883 946 2927; x_wconf 89' lang='lat' dir='ltr'>post</span> <span class='ocrx_word' id='word_1_378' title='bbox 984 2876 1163 2916; x_wconf 89' lang='lat' dir='ltr'>nonnihil</span> <span class='ocrx_word' id='word_1_379' title='bbox 1309 2874 1352 2927; x_wconf 83' lang='lat'><em>8)</em></span> <span class='ocrx_word' id='word_1_380' title='bbox 1386 2873 1556 2931; x_wconf 72' lang='grc' dir='ltr'><em>ἕκείνηε</em></span> <span class='ocrx_word' id='word_1_381' title='bbox 1588 2876 1642 2915; x_wconf 85' lang='lat' dir='ltr'>ita</span> <span class='ocrx_word' id='word_1_382' title='bbox 1674 2888 1812 2927; x_wconf 84' lang='lat' dir='ltr'>apogr.</span> <span class='ocrx_word' id='word_1_383' title='bbox 1831 2876 1978 2916; x_wconf 86' lang='lat' dir='ltr'>hahere</span> <span class='ocrx_word' id='word_1_384' title='bbox 1999 2876 2167 2916; x_wconf 74' lang='lat' dir='ltr'>videtur.</span> 
     </span>
     <span class='ocr_line' id='line_1_40' title="bbox 218 2918 2168 2987; baseline 0.001 -16"><span class='ocrx_word' id='word_1_385' title='bbox 218 2931 373 2971; x_wconf 78' lang='lat' dir='ltr'>excidit.</span> <span class='ocrx_word' id='word_1_386' title='bbox 1307 2931 1350 2980; x_wconf 85' lang='lat'><em>9)</em></span> <span class='ocrx_word' id='word_1_387' title='bbox 1381 2918 1718 2987; x_wconf 67' lang='grc' dir='ltr'><em>οῖκοιῖοιιεῖταιε</em></span> <span class='ocrx_word' id='word_1_388' title='bbox 1792 2944 1930 2983; x_wconf 82' lang='lat' dir='ltr'>apogr.</span> <span class='ocrx_word' id='word_1_389' title='bbox 1985 2927 2168 2972; x_wconf 72' lang='grc' dir='ltr'><em>οἰκοδό-</em></span> 
     </span>
     <span class='ocr_line' id='line_1_41' title="bbox 300 2987 1379 3044; baseline -0.001 -17"><span class='ocrx_word' id='word_1_390' title='bbox 300 2987 344 3035; x_wconf 89' lang='grc'><em>3)</em></span> <span class='ocrx_word' id='word_1_391' title='bbox 375 2987 413 3026; x_wconf 95' lang='lat' dir='ltr'>h.</span> <span class='ocrx_word' id='word_1_392' title='bbox 425 2987 722 3037; x_wconf 85' lang='lat' dir='ltr'>1.rursusplura</span> <span class='ocrx_word' id='word_1_393' title='bbox 737 2987 979 3037; x_wconf 78' lang='lat' dir='ltr'>exciderunt,</span> <span class='ocrx_word' id='word_1_394' title='bbox 992 2989 1164 3028; x_wconf 85' lang='lat' dir='ltr'>fortasse</span> <span class='ocrx_word' id='word_1_395' title='bbox 1220 3001 1379 3044; x_wconf 75' lang='grc' dir='ltr'><em>μηιαι.</em></span> 
     </span>
    </p>
   </div>
   <div class='ocr_carea' id='block_1_8' title="bbox 215 3040 1165 3586">
    <p class='ocr_par' dir='ltr' id='par_1_8' title="bbox 215 3040 1164 3106">
     <span class='ocr_line' id='line_1_42' title="bbox 215 3040 1164 3106; baseline 0.006 -26"><span class='ocrx_word' id='word_1_396' title='bbox 215 3048 383 3093; x_wconf 79' lang='lat' dir='ltr'>propter</span> <span class='ocrx_word' id='word_1_397' title='bbox 401 3040 749 3106; x_wconf 80' lang='grc' dir='ltr'><em>ὁμοιοτέλευτον</em></span> <span class='ocrx_word' id='word_1_398' title='bbox 762 3043 926 3094; x_wconf 77' lang='grc' dir='ltr'><em>(εἰσίν,·</em></span> <span class='ocrx_word' id='word_1_399' title='bbox 938 3066 960 3072; x_wconf 93' lang='grc'>-</span> <span class='ocrx_word' id='word_1_400' title='bbox 974 3066 996 3072; x_wconf 88' lang='grc'>-</span> <span class='ocrx_word' id='word_1_401' title='bbox 1015 3043 1164 3096; x_wconf 80' lang='grc' dir='ltr'><em>εἰσὶν).</em></span> 
     </span>
    </p>

    <p class='ocr_par' dir='ltr' id='par_1_9' title="bbox 301 3095 904 3154">
     <span class='ocr_line' id='line_1_43' title="bbox 301 3095 904 3154; baseline 0 -17"><span class='ocrx_word' id='word_1_402' title='bbox 301 3099 345 3146; x_wconf 88' lang='grc'><em>4)</em></span> <span class='ocrx_word' id='word_1_403' title='bbox 378 3095 427 3151; x_wconf 73' lang='grc' dir='ltr'><em>ἐρ</em></span> <span class='ocrx_word' id='word_1_404' title='bbox 431 3099 646 3154; x_wconf 73' lang='grc' dir='ltr'><em>ρίπτουνε</em></span> <span class='ocrx_word' id='word_1_405' title='bbox 679 3098 737 3137; x_wconf 81' lang='lat' dir='ltr'><em>sic</em></span> <span class='ocrx_word' id='word_1_406' title='bbox 767 3110 904 3148; x_wconf 81' lang='lat' dir='ltr'>apogr.</span> 
     </span>
    </p>

    <p class='ocr_par' dir='ltr' id='par_1_10' title="bbox 218 3153 1165 3428">
     <span class='ocr_line' id='line_1_44' title="bbox 301 3153 1165 3216; baseline 0.002 -23.005"><span class='ocrx_word' id='word_1_407' title='bbox 301 3153 345 3203; x_wconf 85' lang='lat'><em>5)</em></span> <span class='ocrx_word' id='word_1_408' title='bbox 374 3155 728 3216; x_wconf 70' lang='grc' dir='ltr'><em>μεταχωρῆσαιε</em></span> <span class='ocrx_word' id='word_1_409' title='bbox 768 3166 905 3204; x_wconf 81' lang='lat' dir='ltr'>apogr.</span> <span class='ocrx_word' id='word_1_410' title='bbox 934 3155 1165 3210; x_wconf 81' lang='grc' dir='ltr'><em>ιιεταχοῢ-</em></span> 
     </span>
     <span class='ocr_line' id='line_1_45' title="bbox 222 3208 1164 3262; baseline 0 -14"><span class='ocrx_word' id='word_1_411' title='bbox 222 3220 314 3258; x_wconf 81' lang='grc' dir='ltr'><em>σαι,</em></span> <span class='ocrx_word' id='word_1_412' title='bbox 349 3221 471 3259; x_wconf 85' lang='lat' dir='ltr'>super</span> <span class='ocrx_word' id='word_1_413' title='bbox 502 3208 684 3247; x_wconf 80' lang='lat' dir='ltr'>extremis</span> <span class='ocrx_word' id='word_1_414' title='bbox 706 3208 872 3259; x_wconf 81' lang='lat' dir='ltr'>syllabis</span> <span class='ocrx_word' id='word_1_415' title='bbox 894 3209 1046 3259; x_wconf 72' lang='lat' dir='ltr'>scripto</span> <span class='ocrx_word' id='word_1_416' title='bbox 1064 3223 1164 3262; x_wconf 77' lang='grc' dir='ltr'><em>χω-</em></span> 
     </span>
     <span class='ocr_line' id='line_1_46' title="bbox 218 3263 1163 3320; baseline 0.001 -17"><span class='ocrx_word' id='word_1_417' title='bbox 218 3274 358 3320; x_wconf 82' lang='grc' dir='ltr'><em>ρισαι,</em></span> <span class='ocrx_word' id='word_1_418' title='bbox 388 3276 464 3302; x_wconf 87' lang='lat' dir='ltr'>n1s1</span> <span class='ocrx_word' id='word_1_419' title='bbox 482 3263 590 3314; x_wconf 83' lang='lat' dir='ltr'>quod</span> <span class='ocrx_word' id='word_1_420' title='bbox 611 3273 659 3302; x_wconf 85' lang='grc' dir='ltr'><em>ιο·</em></span> <span class='ocrx_word' id='word_1_421' title='bbox 675 3277 754 3302; x_wconf 89' lang='lat' dir='ltr'><em>non</em></span> <span class='ocrx_word' id='word_1_422' title='bbox 776 3270 927 3303; x_wconf 82' lang='lat' dir='ltr'>celtum</span> <span class='ocrx_word' id='word_1_423' title='bbox 942 3271 1013 3304; x_wconf 82' lang='lat' dir='ltr'>est.</span> <span class='ocrx_word' id='word_1_424' title='bbox 1061 3266 1163 3304; x_wconf 86' lang='lat' dir='ltr'>Hinc</span> 
     </span>
     <span class='ocr_line' id='line_1_47' title="bbox 218 3319 1164 3376; baseline 0.004 -19.004"><span class='ocrx_word' id='word_1_425' title='bbox 218 3320 267 3357; x_wconf 89' lang='lat' dir='ltr'>ad</span> <span class='ocrx_word' id='word_1_426' title='bbox 298 3319 415 3358; x_wconf 88' lang='lat' dir='ltr'>fidem</span> <span class='ocrx_word' id='word_1_427' title='bbox 447 3331 585 3368; x_wconf 81' lang='lat' dir='ltr'>apogr.</span> <span class='ocrx_word' id='word_1_428' title='bbox 618 3319 814 3358; x_wconf 84' lang='lat' dir='ltr'>edendum</span> <span class='ocrx_word' id='word_1_429' title='bbox 843 3319 1051 3359; x_wconf 82' lang='lat' dir='ltr'>videbatur</span> <span class='ocrx_word' id='word_1_430' title='bbox 1078 3333 1164 3376; x_wconf 85' lang='grc' dir='ltr'><em>ιιε-</em></span> 
     </span>
     <span class='ocr_line' id='line_1_48' title="bbox 218 3373 867 3428; baseline 0 -15"><span class='ocrx_word' id='word_1_431' title='bbox 218 3375 482 3428; x_wconf 81' lang='grc' dir='ltr'><em>ταχωρῆσαι</em></span> <span class='ocrx_word' id='word_1_432' title='bbox 514 3373 574 3412; x_wconf 88' lang='lat' dir='ltr'><em>vel</em></span> <span class='ocrx_word' id='word_1_433' title='bbox 605 3373 732 3413; x_wconf 87' lang='lat' dir='ltr'>simile</span> <span class='ocrx_word' id='word_1_434' title='bbox 760 3375 867 3425; x_wconf 90' lang='lat' dir='ltr'>quid.</span> 
     </span>
    </p>

    <p class='ocr_par' dir='ltr' id='par_1_11' title="bbox 217 3424 1165 3586">
     <span class='ocr_line' id='line_1_49' title="bbox 301 3424 1165 3491; baseline 0.002 -24"><span class='ocrx_word' id='word_1_435' title='bbox 301 3429 345 3478; x_wconf 88' lang='grc'><em>6)</em></span> <span class='ocrx_word' id='word_1_436' title='bbox 374 3424 764 3491; x_wconf 81' lang='grc' dir='ltr'><em>μετανο[ησοντες</em></span> <span class='ocrx_word' id='word_1_437' title='bbox 798 3427 898 3479; x_wconf 71' lang='grc' dir='ltr'><em>ἐὰν]</em></span> <span class='ocrx_word' id='word_1_438' title='bbox 945 3429 1056 3469; x_wconf 82' lang='lat' dir='ltr'>uncis</span> <span class='ocrx_word' id='word_1_439' title='bbox 1099 3431 1165 3469; x_wconf 88' lang='lat' dir='ltr'><em>in-</em></span> 
     </span>
     <span class='ocr_line' id='line_1_50' title="bbox 220 3483 1163 3536; baseline 0.005 -16"><span class='ocrx_word' id='word_1_440' title='bbox 220 3483 329 3521; x_wconf 82' lang='lat' dir='ltr'>clusa</span> <span class='ocrx_word' id='word_1_441' title='bbox 358 3484 397 3521; x_wconf 87' lang='lat' dir='ltr'><em>in</em></span> <span class='ocrx_word' id='word_1_442' title='bbox 418 3483 645 3522; x_wconf 76' lang='lat' dir='ltr'>coniectura</span> <span class='ocrx_word' id='word_1_443' title='bbox 666 3484 796 3534; x_wconf 89' lang='lat' dir='ltr'>posita</span> <span class='ocrx_word' id='word_1_444' title='bbox 818 3491 932 3535; x_wconf 82' lang='lat' dir='ltr'>sunt3</span> <span class='ocrx_word' id='word_1_445' title='bbox 963 3485 1002 3523; x_wconf 90' lang='lat' dir='ltr'><em>in</em></span> <span class='ocrx_word' id='word_1_446' title='bbox 1026 3498 1163 3536; x_wconf 83' lang='lat' dir='ltr'>apogr.</span> 
     </span>
     <span class='ocr_line' id='line_1_51' title="bbox 217 3537 701 3586; baseline 0.006 -12"><span class='ocrx_word' id='word_1_447' title='bbox 217 3537 386 3586; x_wconf 77' lang='lat' dir='ltr'>spatium</span> <span class='ocrx_word' id='word_1_448' title='bbox 419 3545 479 3578; x_wconf 82' lang='lat' dir='ltr'><em>est</em></span> <span class='ocrx_word' id='word_1_449' title='bbox 507 3538 701 3578; x_wconf 84' lang='lat' dir='ltr'>relictum.</span> 
     </span>
    </p>
   </div>
   <div class='ocr_carea' id='block_1_9' title="bbox 303 3590 1079 3651">
    <p class='ocr_par' dir='ltr' id='par_1_12' title="bbox 303 3590 1079 3651">
     <span class='ocr_line' id='line_1_52' title="bbox 303 3590 1079 3651; baseline 0.005 -21"><span class='ocrx_word' id='word_1_450' title='bbox 303 3592 347 3643; x_wconf 84' lang='lat'><em>7)</em></span> <span class='ocrx_word' id='word_1_451' title='bbox 379 3593 576 3648; x_wconf 74' lang='grc' dir='ltr'><em>ἰσχυροίτ</em></span> <span class='ocrx_word' id='word_1_452' title='bbox 611 3606 750 3645; x_wconf 85' lang='lat' dir='ltr'>apogr.</span> <span class='ocrx_word' id='word_1_453' title='bbox 782 3590 1079 3651; x_wconf 65' lang='lat'>66620270‘101.</span> 
     </span>
    </p>
   </div>
   <div class='ocr_carea' id='block_1_10' title="bbox 1219 3041 2168 3651">
    <p class='ocr_par' dir='ltr' id='par_1_13' title="bbox 1219 3041 2168 3304">
     <span class='ocr_line' id='line_1_53' title="bbox 1310 3041 2167 3093; baseline 0 -10"><span class='ocrx_word' id='word_1_454' title='bbox 1310 3043 1377 3091; x_wconf 85' lang='lat'><em>10)</em></span> <span class='ocrx_word' id='word_1_455' title='bbox 1408 3042 1461 3082; x_wconf 88' lang='lat' dir='ltr'>ita</span> <span class='ocrx_word' id='word_1_456' title='bbox 1493 3055 1630 3093; x_wconf 82' lang='lat' dir='ltr'>apogr.</span> <span class='ocrx_word' id='word_1_457' title='bbox 1665 3043 1759 3082; x_wconf 92' lang='lat' dir='ltr'>Sim.</span> <span class='ocrx_word' id='word_1_458' title='bbox 1787 3056 1868 3082; x_wconf 90' lang='lat' dir='ltr'><em>non</em></span> <span class='ocrx_word' id='word_1_459' title='bbox 1914 3043 2042 3083; x_wconf 87' lang='lat' dir='ltr'>male:</span> <span class='ocrx_word' id='word_1_460' title='bbox 2085 3041 2167 3085; x_wconf 83' lang='grc' dir='ltr'><em>οὐκ</em></span> 
     </span>
     <span class='ocr_line' id='line_1_54' title="bbox 1222 3094 2168 3152; baseline 0.001 -13"><span class='ocrx_word' id='word_1_461' title='bbox 1222 3097 1286 3139; x_wconf 79' lang='grc' dir='ltr'><em>ἔτι</em></span> <span class='ocrx_word' id='word_1_462' title='bbox 1320 3096 1470 3144; x_wconf 73' lang='grc' dir='ltr'><em>ἕξουσι</em></span> <span class='ocrx_word' id='word_1_463' title='bbox 1504 3096 1650 3139; x_wconf 82' lang='grc' dir='ltr'><em>τόπον</em></span> <span class='ocrx_word' id='word_1_464' title='bbox 1679 3096 1729 3140; x_wconf 77' lang='grc' dir='ltr'><em>ἑν</em></span> <span class='ocrx_word' id='word_1_465' title='bbox 1751 3095 1785 3152; x_wconf 78' lang='grc' dir='ltr'><em>ᾧ</em></span> <span class='ocrx_word' id='word_1_466' title='bbox 1808 3094 2168 3150; x_wconf 75' lang='grc' dir='ltr'><em>ἀναπαυθήσον-</em></span> 
     </span>
     <span class='ocr_line' id='line_1_55' title="bbox 1221 3153 2167 3203; baseline -0.002 -9"><span class='ocrx_word' id='word_1_467' title='bbox 1221 3168 1311 3194; x_wconf 75' lang='grc' dir='ltr'><em>ται.</em></span> <span class='ocrx_word' id='word_1_468' title='bbox 1344 3153 1459 3201; x_wconf 84' lang='lat' dir='ltr'>Quod</span> <span class='ocrx_word' id='word_1_469' title='bbox 1491 3154 1687 3193; x_wconf 84' lang='lat' dir='ltr'>edidimus</span> <span class='ocrx_word' id='word_1_470' title='bbox 1715 3167 1754 3203; x_wconf 82' lang='grc' dir='ltr'><em>κ,</em></span> <span class='ocrx_word' id='word_1_471' title='bbox 1788 3154 1884 3193; x_wconf 88' lang='lat' dir='ltr'>duas</span> <span class='ocrx_word' id='word_1_472' title='bbox 1916 3155 1999 3193; x_wconf 82' lang='lat' dir='ltr'>sere</span> <span class='ocrx_word' id='word_1_473' title='bbox 2015 3154 2167 3194; x_wconf 81' lang='lat' dir='ltr'>litteras</span> 
     </span>
     <span class='ocr_line' id='line_1_56' title="bbox 1219 3209 2168 3261; baseline 0 -13"><span class='ocrx_word' id='word_1_474' title='bbox 1219 3210 1258 3248; x_wconf 91' lang='lat' dir='ltr'><em>in</em></span> <span class='ocrx_word' id='word_1_475' title='bbox 1291 3222 1429 3260; x_wconf 85' lang='lat' dir='ltr'>apogr.</span> <span class='ocrx_word' id='word_1_476' title='bbox 1450 3209 1655 3248; x_wconf 83' lang='lat' dir='ltr'>adiunctas</span> <span class='ocrx_word' id='word_1_477' title='bbox 1674 3209 1804 3258; x_wconf 87' lang='lat' dir='ltr'>habet,</span> <span class='ocrx_word' id='word_1_478' title='bbox 1837 3221 1935 3261; x_wconf 86' lang='lat' dir='ltr'>quas</span> <span class='ocrx_word' id='word_1_479' title='bbox 1954 3222 2033 3249; x_wconf 88' lang='lat' dir='ltr'><em>non</em></span> <span class='ocrx_word' id='word_1_480' title='bbox 2056 3222 2168 3248; x_wconf 87' lang='lat' dir='ltr'>asse-</span> 
     </span>
     <span class='ocr_line' id='line_1_57' title="bbox 1220 3271 1469 3304; baseline 0 0"><span class='ocrx_word' id='word_1_481' title='bbox 1220 3271 1332 3304; x_wconf 83' lang='lat' dir='ltr'>cutus</span> <span class='ocrx_word' id='word_1_482' title='bbox 1369 3277 1469 3304; x_wconf 89' lang='lat' dir='ltr'>sum.</span> 
     </span>
    </p>

    <p class='ocr_par' dir='ltr' id='par_1_14' title="bbox 1304 3318 1846 3370">
     <span class='ocr_line' id='line_1_58' title="bbox 1304 3318 1846 3370; baseline 0.002 -12"><span class='ocrx_word' id='word_1_483' title='bbox 1304 3320 1488 3370; x_wconf 75' lang='lat' dir='ltr'>Cap.V1.</span> <span class='ocrx_word' id='word_1_484' title='bbox 1552 3318 1592 3370; x_wconf 94' lang='lat' dir='ltr'><em>l)</em></span> <span class='ocrx_word' id='word_1_485' title='bbox 1625 3319 1677 3359; x_wconf 79' lang='lat' dir='ltr'>ita</span> <span class='ocrx_word' id='word_1_486' title='bbox 1710 3332 1846 3370; x_wconf 83' lang='lat' dir='ltr'>apogr</span> 
     </span>
    </p>

    <p class='ocr_par' dir='ltr' id='par_1_15' title="bbox 1220 3372 2168 3470">
     <span class='ocr_line' id='line_1_59' title="bbox 1305 3372 2168 3435; baseline 0 -21"><span class='ocrx_word' id='word_1_487' title='bbox 1305 3373 1349 3425; x_wconf 90' lang='grc'><em>2)</em></span> <span class='ocrx_word' id='word_1_488' title='bbox 1383 3375 1451 3421; x_wconf 77' lang='grc' dir='ltr'><em>εἷς</em></span> <span class='ocrx_word' id='word_1_489' title='bbox 1498 3372 1797 3430; x_wconf 75' lang='grc' dir='ltr'><em>ὑποκρισίεαν</em></span> <span class='ocrx_word' id='word_1_490' title='bbox 1848 3387 1985 3435; x_wconf 85' lang='lat' dir='ltr'>apogr.</span> <span class='ocrx_word' id='word_1_491' title='bbox 2034 3376 2168 3426; x_wconf 79' lang='lat' dir='ltr'>potius</span> 
     </span>
     <span class='ocr_line' id='line_1_60' title="bbox 1220 3426 1621 3483; baseline 0 -13"><span class='ocrx_word' id='word_1_492' title='bbox 1220 3429 1297 3470; x_wconf 81' lang='grc' dir='ltr'><em>καὶ</em></span> <span class='ocrx_word' id='word_1_493' title='bbox 1327 3426 1621 3483; x_wconf 81' lang='grc' dir='ltr'><em>ὑποκρισίαν.</em></span> 
     </span>
    </p>

    <p class='ocr_par' dir='ltr' id='par_1_16' title="bbox 1303 3467 2037 3540">
     <span class='ocr_line' id='line_1_61' title="bbox 1303 3467 2037 3540; baseline 0.003 -16"><span class='ocrx_word' id='word_1_494' title='bbox 1303 3485 1346 3533; x_wconf 88' lang='grc'><em>3)</em></span> <span class='ocrx_word' id='word_1_495' title='bbox 1380 3467 1632 3538; x_wconf 79' lang='grc' dir='ltr'><em>ὠφέλιμοι·</em></span> <span class='ocrx_word' id='word_1_496' title='bbox 1666 3497 1803 3534; x_wconf 90' lang='lat' dir='ltr'>apogr</span> <span class='ocrx_word' id='word_1_497' title='bbox 1827 3483 1911 3526; x_wconf 73' lang='grc' dir='ltr'><em>ἅδε</em></span> <span class='ocrx_word' id='word_1_498' title='bbox 1897 3485 2037 3540; x_wconf 79' lang='grc' dir='ltr'><em>λφοι.</em></span> 
     </span>
    </p>

    <p class='ocr_par' dir='ltr' id='par_1_17' title="bbox 1222 3537 2167 3635">
     <span class='ocr_line' id='line_1_62' title="bbox 1308 3537 2167 3598; baseline 0.003 -20"><span class='ocrx_word' id='word_1_499' title='bbox 1308 3539 1352 3591; x_wconf 91' lang='grc'><em>4)</em></span> <span class='ocrx_word' id='word_1_500' title='bbox 1386 3537 1651 3595; x_wconf 74' lang='grc' dir='ltr'><em>ἒπερωτᾷςε</em></span> <span class='ocrx_word' id='word_1_501' title='bbox 1684 3552 1820 3591; x_wconf 87' lang='lat' dir='ltr'>apogr</span> <span class='ocrx_word' id='word_1_502' title='bbox 1838 3539 2027 3598; x_wconf 73' lang='grc' dir='ltr'><em>ἔρωτας,</em></span> <span class='ocrx_word' id='word_1_503' title='bbox 2045 3554 2167 3593; x_wconf 83' lang='lat' dir='ltr'>super</span> 
     </span>
     <span class='ocr_line' id='line_1_63' title="bbox 1222 3600 1542 3651; baseline 0 -16"><span class='ocrx_word' id='word_1_504' title='bbox 1222 3607 1270 3651; x_wconf 84' lang='grc' dir='ltr'><em>ερ</em></span> <span class='ocrx_word' id='word_1_505' title='bbox 1300 3600 1436 3634; x_wconf 82' lang='lat' dir='ltr'>notato</span> <span class='ocrx_word' id='word_1_506' title='bbox 1470 3606 1542 3635; x_wconf 86' lang='grc' dir='ltr'><em>επ.</em></span> 
     </span>
    </p>
   </div>
   <div class='ocr_carea' id='block_1_11' title="bbox 2331 3502 2340 3775">
    <p class='ocr_par' dir='ltr' id='par_1_18' title="bbox 2331 3387 2340 3775">
     <span class='ocr_line' id='line_1_64' title="bbox 2331 3502 2340 3775; textangle 90"><span class='ocrx_word' id='word_1_507' title='bbox 2334 3738 2340 3775; x_wconf 51' lang='lat'><em>2.-</em></span> <span class='ocrx_word' id='word_1_508' title='bbox 2331 3502 2340 3711; x_wconf 34' lang='grc' dir='ltr'><em>’Ἀκμὴ-..μ</em></span> 
     </span>
    </p>
   </div>
  </div>
 </body>
</html>
