2340 3900
477 189 695 239 mann
729 188 1009 237 ErtsrotA
1044 191 1115 238 An
1151 188 1501 239 SMYRNAEOS.
1548 189 1601 238 X.
1635 188 1709 238 xl.
1978 185 2073 236 195

207 357 260 404 X.
329 356 523 404 Gentiles
554 369 681 403 neos
715 356 931 404 benevole
964 359 1263 419 suscepistis,·
1300 373 1395 406 uon
1432 359 1576 407 deerit
1610 358 1742 407 vobis
1775 370 1963 405 merces.

238 454 475 501 Philonem
510 459 558 499 et
592 452 768 500 Rheum
803 453 1178 515 Agathopodem‚
1226 455 1303 515 qui
1349 470 1423 503 me
1472 457 1618 504 secuti
1654 463 1763 504 suut
1797 454 1879 503 Dei
1913 467 2063 512 causa,

103 530 151 570 ut
182 524 415 570 ministros
452 521 623 569 Christi
659 522 739 569 Dei
774 523 1107 584 suscipientes,
1159 522 1275 570 bene
1314 523 1504 572 fecistiS.
1580 525 1614 572 li
1652 539 1836 587 quoque
1873 524 2063 571 Domino

98 592 266 656 gratias
312 598 452 654 agunt
483 598 675 654 propter
708 606 818 650 vos,
872 592 997 654 quod
1048 592 1260 639 omnibus
1306 594 1451 640 modis
1502 595 1604 642 illos
1653 594 1923 643 reieceritis.
1993 592 2065 640 Nil

96 663 260 711 horum
291 661 423 709 vobis
458 662 549 709 erit
582 662 813 710 amissum.
885 662 1094 709 Vicissim
1130 668 1343 708 recreent
1376 677 1456 710 vos
1494 665 1683 726 spiritus
1720 680 1848 712 meus
1886 671 1933 711 et
1969 663 2063 710 vin-

97 732 200 780 enla
231 745 345 789 mea,
382 745 500 792 quae
538 745 630 778 nou
665 731 991 787 contemsistiS‚
1030 745 1317 792 quorumque
1360 746 1442 779 vos
1488 748 1579 781 non
1617 734 1791 797 puduit.
1861 734 1955 782 Nec
1988 747 2065 781 ve-

97 810 242 851 strum
276 801 468 864 pudebit
500 801 751 864 perfectam
789 800 941 860 fidem,
979 800 1130 849 lesum
1167 801 1413 851 Christum.

231 949 326 1002 ‘L
388 955 655 1014 Philonem,
690 955 867 1003 Rheum
914 961 960 1002 et
993 955 1301 1017 Agathopum‚
1350 955 1540 1003 comites
1587 970 1718 1003 meos
1767 958 1823 1004 ad
1872 956 2060 1006 verbum

100 1024 206 1083 Dei,
243 1025 369 1087 quod
404 1026 674 1088 excepistis,
708 1024 827 1072 bene
862 1024 1061 1081 lecistis,
1101 1031 1312 1086 tanquam
1361 1025 1598 1072 ministros
1633 1025 1799 1073 Christi
1831 1028 1931 1074 Dei:
1983 1028 2060 1090 qui

91 1095 226 1144 etiam
260 1095 428 1157 gratias
464 1095 655 1142 Domino
692 1108 777 1157 pro
814 1094 945 1141 vobis
982 1101 1145 1156 agunt,
1182 1095 1306 1156 quod
1353 1094 1566 1141 omuibus
1615 1096 1763 1142 modis
1812 1097 1939 1158 ipsos
1993 1111 2061 1144 re-

90 1163 342 1213 locillastis.
414 1164 538 1213 Nihil
574 1164 703 1213 vobis
739 1164 796 1212 de
827 1162 1050 1211 beneflcio
1089 1165 1240 1226 perit3
1288 1178 1393 1211 nam
1430 1179 1516 1226 ego
1554 1165 1753 1212 vicissim
1790 1180 1874 1227 pro
1914 1167 2062 1213 anima

92 1241 240 1283 vestra
272 1235 538 1298 impendere
575 1241 760 1297 paratus
796 1248 899 1281 sum
934 1234 1143 1297 spiritum
1180 1249 1333 1282 meum
1369 1241 1415 1281 et
1450 1234 1632 1299 vincula
1666 1249 1779 1292 mea,
1820 1250 1934 1297 quae
1968 1250 2061 1283 non

90 1303 377 1367 despexistis,
402 1318 490 1352 nec
515 1305 576 1351 ob
599 1319 653 1352 ea
690 1303 952 1352 erubuistis.
1021 1304 1170 1362 Quare
1207 1318 1292 1352 nec
1329 1305 1385 1352 de
1421 1304 1550 1352 vobis
1584 1304 1828 1353 erubescet
1853 1320 2062 1353 consum-

91 1381 209 1421 mata
243 1372 357 1422 fides
394 1381 551 1422 nostra
589 1373 718 1423 lesus
755 1374 979 1421 ChristuS.

281 1532 357 1584 Xl.
427 1533 592 1584 uictine
627 1534 833 1596 leqatum
868 1536 936 1583 ad
969 1533 1275 1582 Antiochenos
1311 1535 1366 1582 ob
1395 1547 1563 1596 pacem
1596 1533 1869 1581 restitutam.

231 1643 385 1694 Oratio
418 1652 569 1695 vestra
604 1646 814 1709 pervenit
849 1645 907 1693 ad
942 1645 1212 1703 ecclesiam,
1252 1660 1368 1707 quae
1407 1652 1479 1693 est
1513 1645 1778 1692 Antiochiae
1817 1645 1861 1690 in
1900 1643 2060 1706 Syrja3

91 1714 213 1762 uude
245 1715 436 1764 vinculis
470 1716 565 1764 Deo
601 1717 793 1764 maxime
830 1715 1118 1778 placentibus
1167 1717 1330 1778 ligatus
1370 1711 1660 1775 [abductus]‚
1700 1728 1858 1761 omnes
1897 1710 2061 1771 saluto,

89 1782 166 1832 illo
201 1785 468 1848 episcopatu
502 1786 628 1848 fungi
662 1801 754 1833 uon
790 1787 970 1848 diguuS,
1005 1793 1165 1849 utpote
1201 1785 1382 1833 illorum
1420 1785 1620 1842 infimus,
1657 1800 1711 1832 ex
1735 1783 1901 1846 quibus
1929 1780 2057 1842 [Dei]

87 1852 299 1903 voluntas
331 1869 404 1903 me
440 1856 624 1919 dignata
645 1862 728 1912 est,
764 1871 859 1904 non
896 1857 1015 1903 iuxta
1037 1857 1366 1904 conscientiam
1403 1870 1563 1914 meam,
1589 1855 1674 1902 sed
1709 1869 1764 1902 ex
1797 1853 1939 1915 gratia
1964 1854 2059 1910 Dei,

89 1937 225 1985 quam
259 1925 511 1987 perfectam
545 1926 657 1973 mihi
694 1926 792 1973 dari
827 1932 963 1988 opto,
1011 1933 1063 1972 ut
1113 1940 1197 1987 per
1242 1926 1494 1973 orationem
1538 1931 1735 1972 vestram
1773 1925 1913 1970 Deum
1951 1938 2060 1970 con-

88 2007 272 2056 sequar.
343 1993 401 2041 Ut
433 2008 555 2042 nuuc
590 2009 709 2056 opus
744 2002 946 2042 vestrum
982 1995 1240 2042 absolutum
1281 1994 1358 2041 siat
1391 2009 1544 2042 coram
1570 1995 1663 2041 Deo
1703 2000 1749 2040 et
1780 1992 2056 2049 hominibus,

90 2062 226 2111 decet
258 2063 316 2111 ad
351 2063 431 2111 nei
466 2064 714 2121 honorem,
765 2071 816 2111 ut
849 2064 1043 2111 ecclesia
1098 2071 1246 2111 vestra
1293 2064 1431 2126 eligat
1464 2077 1646 2110 sacrum
1683 2063 1908 2124 legatum,
1961 2063 2052 2123 qui,

90 2145 196 2179 c-
228 2131 287 2179 ad
321 2131 501 2195 Syriam
537 2146 684 2195 usque
719 2134 907 2190 venerit,
943 2133 1286 2195 congratuletur
1321 2133 1423 2191 illis,
1460 2132 1585 2194 quod
1622 2146 1781 2195 pacem
1813 2132 2050 2179 consecuti

91 2202 198 2260 sint,
233 2208 283 2248 et
315 2215 443 2249 suam
479 2203 742 2264 receperint
774 2203 1145 2265 magnitudinem,
1182 2217 1234 2250 ac
1268 2203 1525 2251 restitutum
1562 2203 1623 2249 sit
1658 2201 1744 2248 illis
1781 2215 1914 2249 suum
1953 2214 2053 2247 cor-

94 2285 199 2333 pu.
270 2270 412 2334 mgna
445 2270 586 2334 igitur
617 2271 730 2320 nihi
765 2286 844 2322 res
877 2279 951 2321 est
983 2274 1103 2331 visa,
1153 2280 1203 2321 ut
1245 2272 1442 2334 aliquem
1488 2279 1689 2320 vestrum
1733 2271 1917 2318 mittatis
1956 2285 2058 2318 cum

94 2339 304 2403 epistola,
340 2341 419 2403 qui
455 2355 544 2389 una
581 2355 684 2390 cum
721 2341 809 2390 illis
845 2341 1074 2405 glorificet
1110 2342 1502 2404 tranquillitatem,
1540 2355 1674 2403 quam
1712 2342 1833 2388 iuxta
1868 2339 1947 2387 Dei
1982 2354 2056 2387 vo·

227 2487 250 2511 ⁸
268 2492 338 2541 xt
409 2494 565 2544 Oratio
600 2502 751 2544 vestra
784 2496 990 2558 pervenit
1038 2496 1095 2543 ad
1130 2494 1381 2543 Ecclesiam
1417 2495 1773 2552 Antiochenam,
1823 2507 1938 2555 quae
1988 2502 2059 2541 est

89 2563 139 2612 in
172 2560 330 2626 Syria,
377 2564 502 2613 unde
550 2578 639 2627 ego
689 2566 865 2613 vinctus
899 2565 1090 2613 vinculis
1128 2565 1220 2613 Deo
1258 2564 1537 2626 dignissimis
1576 2578 1737 2612 omnes
1776 2564 1948 2611 saluto:
1999 2565 2055 2611 de

90 2633 221 2681 cuins
262 2646 454 2682 numero
503 2634 663 2683 haberi
699 2635 864 2698 dignus
905 2648 998 2682 non
1035 2649 1163 2696 sum;
1209 2641 1367 2697 utpote
1403 2635 1679 2682 novissimus
1719 2648 1906 2691 eorum,
1942 2648 2055 2695 quo·

90 2716 194 2751 rum
243 2716 300 2751 ex
331 2703 561 2753 voluntate
597 2705 761 2768 dignus
805 2704 985 2753 habitus
1035 2704 1127 2762 lui3
1176 2718 1266 2752 non
1305 2718 1358 2752 ex
1389 2718 1491 2752 mea
1531 2705 1834 2762 conscientia,
1872 2704 1956 2751 sed
2003 2718 2056 2751 ex

90 2772 234 2835 gratia
256 2771 362 2822 Dei:
409 2788 545 2836 quam
581 2774 831 2838 perfectam
867 2774 978 2823 mihi
1006 2774 1198 2823 concedi
1236 2781 1359 2837 opto,
1396 2781 1447 2821 ut
1470 2788 1555 2836 per
1580 2781 1775 2821 vestram
1804 2774 2055 2820 orationem

90 2839 229 2890 Deum
263 2854 498 2905 assequar.
565 2843 623 2892 Ut
656 2845 796 2907 igitur
828 2844 1085 2907 perlectum
1123 2845 1182 2891 sit
1218 2859 1334 2907 opus
1371 2851 1571 2891 vestrum
1609 2849 1655 2890 et
1691 2844 1735 2890 in
1775 2850 1895 2890 terra
1931 2850 1977 2889 et
2011 2844 2055 2889 in

90 2909 248 2969 eodo,
283 2909 421 2959 decet
451 2912 509 2960 ad
543 2911 624 2961 uei
657 2913 895 2972 lio-orem,
932 2920 985 2960 ut
1020 2912 1223 2961 Ecclesia
1258 2921 1407 2961 vestra
1443 2914 1578 2975 eligat
1614 2913 1810 2975 legatum
1856 2926 2055 2969 sacrum,

94 2980 174 3041 qui
209 2980 256 3026 iu
382 2979 394 2990 '
501 2980 739 3044 proteum
773 2982 1026 3046 gratuletur
1061 2983 1201 3046 ipsis,
1236 2984 1362 3045 quod
1398 2997 1556 3047 pacem
1593 2981 1829 3030 consecuti
1875 2981 2057 3039 suerint,

95 3053 144 3096 et
176 3061 305 3097 suan
340 3050 604 3114 receperint
646 3050 1015 3114 magnitudinem,
1048 3058 1095 3098 et
1130 3053 1390 3101 restitutum
1427 3054 1488 3100 sit
1526 3052 1612 3101 illis
1649 3066 1780 3099 suum
1805 3064 2055 3112 corpuscu-

92 3115 200 3165 lum.
272 3117 452 3181 Operae
485 3118 624 3183 igitur
658 3120 854 3184 pretium
889 3119 999 3168 mibi
1035 3121 1180 3168 visum
1218 3121 1318 3181 ruit,
1353 3130 1403 3171 ut
1436 3122 1633 3184 aliquem
1670 3127 1869 3168 vestrum
1910 3120 2052 3167 mitta-

93 3187 152 3235 tis
197 3200 299 3236 cum
345 3186 563 3251 epistola,
609 3195 662 3238 ut
702 3203 791 3239 una
834 3202 940 3239 eum
985 3187 1073 3237 illis
1109 3188 1249 3239 Deum
1296 3190 1525 3254 glorificet
1572 3192 1631 3240 ob
1670 3189 2053 3251 tranquillitatem,

177 3405 226 3461 6)
249 3405 308 3450 lta
336 3406 368 3449 C
387 3407 437 3460 t,
466 3403 838 3464 ,θεοπρεπεστᾶῐ
872 3419 899 3451 ν
941 3406 1042 3449 Vos-
1099 3420 1150 3447 an
1181 3405 1269 3459 ipsa
1303 3405 1611 3450 christianorum
1638 3418 1729 3458 grex
1759 3405 2053 3458 persecutionis

94 3459 196 3514 da,
220 3462 465 3507 ffl-
496 3461 630 3519 τινὰ,
661 3464 722 3507 vet
762 3476 835 3508 mv
896 3473 1043 3524 πρεσ-
1101 3462 1519 3528 ρτοεεΙΙερίιοὶραω.

92 3513 337 3573 mc.
1189 3519 1233 3572 8)
1263 3531 1348 3563 ουν
1374 3533 1454 3563 om.
1484 3519 1648 3561 vossins
1678 3518 1811 3560 invitis
1841 3517 1971 3563 Codd.

1187 3576 1232 3628 9)
1260 3572 1287 3618 ὑ
1326 3575 1499 3634 κέρων
1528 3576 1557 3615 C
1580 3576 1609 3617 L
1639 3573 1833 3628 Interpol.
1873 3581 1948 3617 vet.
1977 3574 2052 3618 lut.

170 3629 228 3685 Ἴ)
258 3632 430 3683 onom,
458 3643 509 3675 a·
537 3632 840 3689 intelligendum
870 3633 923 3675 sit
953 3644 1044 3674 cor·
1105 3632 1227 3683 uagis
1255 3644 1279 3685 p
1301 3638 1388 3673 aret
1426 3629 1453 3685 ἡ
1495 3631 1687 3690 etloum,
1737 3638 1777 3673 ut
1814 3631 1973 3674 invenio
2012 3631 2050 3673 in

96 3686 309 3741 pasculum
341 3701 412 3730 se·
443 3688 656 3743 collegium
702 3689 1044 3745 presbyterorum,
1103 3689 1230 3742 prima
1262 3688 1357 3731 edit.
1389 3688 1447 3730 lle
1467 3688 1548 3732 elii.

1623 3758 1704 3801 13·
