2340 3900
505 163 733 221 ntum
764 163 999 213 PASTOR.
1069 167 1232 216 LIBER
1266 169 1301 219 1.
1375 170 1523 217 VISIO
1560 167 1760 235 111.4(B)‚
1995 170 2095 223 421

942 386 1063 418 Vlslo
1100 388 1284 426 rnna.

276 465 386 526 (·)1.
435 466 573 520 visio,
609 479 746 527 quam
778 466 885 523 vidi,
919 467 1100 526 fratres,
1137 471 1238 518 talis
1275 480 1359 519 est.
1430 473 1541 521 Cum
1578 475 1853 523 ieiunassem
1888 476 2101 538 frequen-

137 547 209 586 ter
243 545 291 584 et
324 549 559 597 rogassem
594 534 762 592 Deum,
794 541 848 582 ut
885 537 996 583 mihi
1034 539 1257 586 revelaret
1292 542 1513 589 visionem
1527 537 1558 599 ,¹
1604 558 1738 604 quam
1774 546 2102 606 repromiserat

137 608 248 654 mihi
298 619 385 667 per
425 604 547 651 illam
595 605 856 662 seniorem,
907 606 954 652 in
1000 606 1100 668 ipsa
1152 615 1286 655 nocte
1322 612 1473 670 paruit
1507 612 1616 658 mihi
1654 612 1729 659 illa
1767 614 1923 660 senior
1958 620 2006 661 et
2039 614 2116 662 ait-

135 676 270 723 mibi:
320 673 426 734 quia
461 673 531 719 sic
565 685 836 735 perseveras
872 675 920 721 in
955 676 1161 722 oratione
1199 683 1243 723 et
1281 678 1341 723 ita
1377 686 1564 739 argutus
1600 694 1651 727 es
1688 681 1746 727 ad
1779 683 2102 743 cognoscenda

133 743 312 799 omnia,
362 742 466 788 veni
513 742 561 788 in
610 755 793 803 agrum,
840 741 921 790 ubi
970 737 1159 797 mavis?
1195 752 1242 791 et
1277 747 1398 793 circa
1435 748 1595 794 horam
1634 750 1833 810 quintam
1869 751 2099 812 apparebo

135 813 242 869 tibi,
295 817 343 857 et
375 810 611 857 ostendam
645 810 729 858 tibi
766 825 885 872 quae
920 819 1107 873 oportet
1142 821 1186 860 te
1223 814 1392 861 videre.
1463 816 1745 878 Interrogavi
1781 832 1880 865 eam
1912 819 2099 867 dicens:

132 880 338 937 domina,
385 881 431 926 in
482 894 577 941 quo
621 879 727 927 loco
763 880 894 942 agri?
947 880 1002 927 Et
1037 883 1100 928 ait
1135 882 1273 928 mihi:
1322 883 1400 929 ubi
1447 892 1497 930 tu
1533 885 1614 931 vis.
1685 885 1742 933 Et
1770 881 1911 949 elegi³
1948 888 2098 935 Iocum

130 950 326 1005 bonum,
373 955 613 996 semotum.
681 948 737 995 Bt
783 956 1027 1011 antequam
1074 950 1275 998 dicerem
1324 953 1367 998 ei
1417 952 1472 999 de
1519 953 1651 1011 Ioco,
1689 955 1751 1000 ait
1785 956 1920 1002 mihi:
1965 958 2099 1004 venio

130 1019 219 1075 ibi,
254 1018 334 1065 ubi
368 1018 451 1081 vis.
522 1018 635 1064 Cum
671 1031 784 1080 ergo
819 1019 1072 1076 venissem,
1110 1020 1303 1076 fratres,
1341 1021 1386 1066 in
1422 1020 1525 1067 loco
1563 1023 1658 1083 agri
1712 1022 1833 1069 illius
1870 1024 1983 1071 hora
2019 1038 2114 1087 op-.

128 1094 347 1151 portnna,
385 1087 507 1134 sieut
540 1087 842 1149 promiseram
878 1101 951 1134 me
986 1095 1252 1146 venturum,
1299 1090 1389 1136 vidi
1436 1103 1671 1137 scamnum
1716 1092 1915 1152 positum
1966 1093 2100 1141 ebur·

128 1171 295 1213 neum,
330 1163 379 1203 et
412 1170 552 1218 supra
587 1169 823 1203 scamnum
861 1157 1055 1205 cervical
1089 1158 1285 1215 lineum,
1324 1165 1369 1205 et
1415 1172 1555 1220 supra
1604 1174 1840 1207 scamnum
1887 1175 2099 1222 sparsum

130 1225 432 1274 carbasinumss
500 1225 557 1272 Et
593 1239 696 1272 cum
731 1225 946 1272 vidissem
982 1226 1096 1274 baec
1132 1227 1194 1273 ita
1228 1227 1378 1287 posita
1425 1235 1472 1274 et
1514 1227 1690 1274 nullum
1745 1228 1915 1276 ibidem
1970 1244 2099 1291 prae·

130 1302 334 1351 sentem,
389 1301 657 1356 stuporatus
704 1293 854 1342 Iactus
901 1308 1003 1341 sum
1054 1302 1103 1342 et
1148 1302 1322 1343 tremor
1356 1310 1428 1343 me
1460 1296 1619 1343 habuit
1654 1297 1829 1354 solum,
1867 1305 1914 1344 et
1949 1299 2099 1359 capilli

128 1365 219 1412 mei
256 1370 508 1420 steterunt,
545 1370 592 1410 et
621 1363 815 1425 frigidus
851 1362 999 1410 Iactus
1035 1379 1152 1411 sum.
1223 1364 1276 1410 Et
1309 1378 1412 1411 cum
1447 1366 1569 1426 apud
1606 1379 1678 1411 me
1730 1380 1943 1412 reversus
1989 1366 2099 1412 fuis·

129 1448 227 1481 sem
275 1439 324 1480 et
368 1439 649 1481 memoratus
694 1432 869 1494 gratiae
905 1432 1008 1488 Dei,
1057 1432 1353 1479 confirmatus
1402 1447 1528 1488 sum,
1568 1439 1615 1478 et
1642 1433 1779 1492 posui
1816 1447 1964 1493 genua
1999 1448 2103 1480 mea

128 1509 176 1550 et
211 1502 343 1563 coepi
379 1502 544 1548 iterum
579 1498 792 1548 confiteri
827 1499 921 1547 neo
956 1507 1146 1561 peccata
1179 1513 1295 1546 mea.
1367 1500 1422 1546 Et
1473 1514 1577 1547 cum
1628 1500 1856 1560 tetigisset
1900 1514 1972 1547 me
2023 1502 2100 1548 illa

126 1571 309 1626 senior,
344 1570 406 1616 ait
439 1570 577 1617 mibi:
625 1568 856 1615 silentium
894 1567 1037 1624 habe,
1073 1576 1121 1615 et
1154 1582 1240 1630 pro
1278 1569 1480 1630 peccatis
1517 1569 1607 1615 tuis
1641 1568 1737 1614 noli
1788 1569 2101 1631 interrogare3

126 1641 358 1700 interroga
402 1644 553 1686 antem
600 1638 658 1685 de
703 1637 901 1693 iustitia,
951 1630 1022 1683 ιιι*
1073 1637 1273 1699 accipias
1322 1644 1498 1699 partem
1550 1651 1604 1684 ex
1658 1651 1711 1684 ea
1749 1637 1797 1684 in
1835 1639 1970 1685 domo
2009 1645 2102 1687 tua.

127 1708 183 1756 Et
215 1707 377 1755 levavit
409 1722 482 1754 me
515 1720 652 1755 manu
686 1719 772 1755 sua
805 1712 853 1754 et
886 1705 1013 1753 duxit
1048 1721 1121 1753 me
1158 1707 1215 1753 a'd
1253 1720 1502 1763 scamnum,
1542 1712 1594 1770 et·
1622 1707 1683 1753 ait
1719 1707 1984 1754 iuvenibus:
2021 1710 2099 1765 ite,

126 1775 379 1826 aedificate.
450 1775 507 1823 Et
538 1790 644 1824 cum
681 1776 989 1824 recessissent
1024 1777 1225 1832 iuveneS,
1264 1775 1375 1822 solis
1408 1775 1543 1823 nobis
1576 1770 1831 1822 derelictis⁵
1868 1777 1931 1822 ait
1965 1776 2099 1824 mihi:

125 1846 237 1894 sede
290 1846 381 1893 bic.
453 1845 510 1892 Et
552 1860 640 1907 ego
690 1845 783 1892 dixi
826 1845 897 1892 ei:
961 1845 1158 1901 dimitte,
1209 1839 1416 1901 senior,⁶
1459 1845 1609 1906 primo
1660 1844 1841 1892 sedere.
1932 1845 1987 1891 Et
2036 1846 2101 1893 ait

126 1916 262 1963 mibi:
314 1914 444 1976 quod
475 1914 559 1962 tibi
594 1915 725 1971 dico,
761 1913 833 1960 rac
868 1919 916 1960 et
962 1908 1094 1961 sede'
1143 1914 1233 1960 hic.
1306 1913 1491 1960 Volente
1541 1919 1690 1960 autem
1727 1928 1799 1960 me
1836 1913 2000 1961 sedere
2050 1914 2098 1961 in

126 1991 258 2047 parte
305 1983 487 2040 dextra,
530 1997 625 2030 non
673 1983 885 2045 pennisit
929 1978 1086 2039 mihi,⁸
1131 1982 1217 2028 sed
1262 1995 1400 2028 manu
1451 1997 1535 2029 sua
1585 1982 1743 2028 annuit
1789 1981 1926 2038 mihi,
1963 1988 2015 2029 ut
2050 1983 2098 2029 in

126 2059 256 2116 parte
291 2052 477 2099 sinistra
514 2051 743 2100 sederem.
813 2051 1076 2114 Disputante
1114 2058 1266 2098 autem
1303 2064 1375 2098 me
1411 2057 1458 2098 et
1492 2050 1623 2097 triste
1662 2046 1950 2108 [existente]‚
1984 2065 2095 2112 quo-

128 2123 249 2169 niam
296 2134 392 2168 non
438 2116 729 2182 permisisset
774 2134 848 2168 me
896 2121 941 2167 in
986 2126 1115 2181 parte
1162 2119 1318 2166 dextra
1370 2120 1562 2176 sedere,
1600 2119 1662 2166 ait
1693 2119 1831 2165 mihi:
1882 2120 2097 2177 tristariS,

127 2191 344 2253 quoniam
378 2190 425 2236 in
460 2197 591 2251 parte
625 2189 784 2238 dextra
818 2202 912 2236 non
948 2188 1141 2236 sedisti?
1194 2188 1397 2235 Aliorum
1433 2188 1567 2236 locus
1622 2195 1716 2235 est:
1773 2202 1962 2246 eorum,
2015 2189 2096 2250 qui

126 2261 214 2307 iam
249 2259 523 2322 placuerunt
555 2258 649 2307 Deo
669 2294 682 2317 ,
718 2265 764 2306 et
798 2259 924 2321 passi
958 2264 1067 2305 sunt
1100 2272 1186 2319 pro
1226 2257 1408 2304 nomine
1446 2258 1560 2304 eius.
1632 2256 1734 2303 Tibi
1770 2264 1917 2304 autem
1950 2257 2093 2304 multa

127 2335 326 2386 restant,
361 2334 414 2375 ut
448 2341 553 2375 cnm
588 2329 703 2391 ipsis
738 2327 916 2375 sedeas.
986 2326 1078 2374 Sed
1114 2327 1346 2387 quomodo
1383 2339 1570 2382 manes,
1607 2326 1654 2372 in
1690 2325 1982 2386 simplicitate
2019 2332 2096 2372 tua

126 2411 370 2460 permane3
428 2405 475 2445 et
507 2396 694 2445 sedebis
728 2410 834 2444 cum
869 2397 939 2443 eis
975 2401 1024 2442 tu
1060 2402 1107 2442 et
1154 2408 1339 2452 omnes,
1387 2396 1650 2456 quicunque
1697 2394 1913 2451 fecerint,
1969 2394 2094 2455 quod

126 2467 191 2514 illi
227 2466 464 2524 fecerunt,
498 2473 547 2514 et
580 2466 706 2528 passi
740 2465 913 2513 fuerint
946 2478 1024 2522 ea,
1066 2477 1182 2525 quae
1217 2464 1345 2525 passi
1380 2470 1502 2510 sunt.

265 2587 331 2650 (s)
354 2590 409 2639 11.
470 2590 526 2639 Bt
559 2591 651 2639 dixi
685 2590 756 2638 ei:
793 2589 991 2646 domina,
1030 2587 1238 2635 volebam
1274 2589 1411 2646 scire,
1443 2602 1558 2650 quae
1593 2588 1718 2650 passi
1755 2593 1875 2634 sunt.
1945 2587 2000 2633 Et
2036 2587 2099 2634 ait

125 2660 262 2708 mihi:
311 2661 418 2708 audi
453 2673 604 2708 nuncz
651 2659 851 2722 flagella,
889 2671 1124 2715 carceres,
1161 2658 1369 2704 tristitias
1407 2672 1622 2719 magnas,
1676 2670 1864 2713 cruces,
1909 2657 2094 2713 bestias,

126 2737 316 2791 propter
364 2744 533 2777 nomen
568 2728 662 2777 Dei.
733 2728 842 2776 Ideo
889 2728 1095 2790 ipsorum
1140 2733 1211 2773 est
1258 2741 1364 2788 pars
1414 2726 1571 2774 dextra
1606 2724 2011 2782 sanctificationis,
2050 2731 2096 2771 et

216 2888 289 2943 12)
315 2889 399 2932 Deo
431 2889 519 2932 vu.
1230 2885 1307 2940 21)
1337 2889 1401 2928 sui
1432 2886 1517 2928 Vat-

215 2945 288 2999 1³)
314 2952 353 2987 el
383 2957 465 2987 ο..
499 2945 600 2997 vu„
627 2943 736 2987 idm
764 2949 806 2985 sl
835 2945 1022 2998 accipies.
1224 2943 1298 2994 22)
1332 2948 1368 2983 et
1399 2942 1513 2983 deest
1547 2944 1588 2983 in
1621 2941 1704 2983 vat.

219 2999 294 3052 14)
318 3003 422 3053 ledi
440 3013 574 3043 mnu
595 2999 694 3050 Vnt..
726 2999 929 3042 ωιιίιωοι.
949 3006 1080 3042 antem
1224 2998 1321 3052 Cap.
1351 2998 1399 3039 ΙΙ.
1462 2999 1504 3051 1)
1536 2999 1655 3039 Voce.
1684 3009 1832 3047 cruces,
1866 3009 1990 3039 causa
2020 3009 2090 3036 no-

131 3064 223 3099 ante
258 3056 419 3098 onina.
1136 3056 1257 3095 minin
1289 3056 1376 3095 eius
1409 3053 1493 3095 des.
1525 3054 1564 3095 in
1602 3054 1685 3094 Vnt.

217 3113 286 3164 15)
314 3114 378 3154 hie
407 3111 493 3154 vai.
1220 3109 1267 3158 2)
1299 3111 1421 3162 suerit
1449 3123 1597 3163 panus
1630 3109 1713 3149 vat.

219 3169 237 3211 1
321 3167 434 3210 Ordo
470 3179 582 3210 voce.
612 3165 654 3208 In
681 3164 768 3207 Vnt.
798 3166 890 3207 sede
934 3166 1079 3218 inquit.
1220 3165 1298 3206 Vis.
1336 3165 1399 3207 ΙΙΙ.
1474 3165 1516 3219 1)
1556 3167 1654 3207 Ante
1690 3164 1886 3205 visionem
1927 3161 1968 3203 In
2008 3161 2091 3203 Pal.

219 3223 268 3267 17
323 3224 421 3264 uuiti
451 3222 633 3276 adiungit
648 3221 748 3272 Vnt..
781 3221 848 3277 qni
879 3232 968 3262 mox
992 3233 1078 3260 m-
1137 3231 1277 3273 praep.
1319 3222 1367 3262 de
1403 3221 1563 3275 punctis
1600 3219 1824 3273 suppositis
1854 3215 2091 3261 excluditur.

132 3293 223 3322 m
252 3279 346 3322 Ioco
376 3279 457 3321 abl.
1220 3275 1247 3316 2
1299 3288 1433 3317 manes
1463 3284 1532 3318 ant
1562 3289 1694 3317 manes
1727 3274 1809 3316 Pal.

219 3334 292 3390 18)
321 3335 571 3389 &coquo-te
601 3347 694 3388 eruo
727 3333 810 3375 Vnt.
1222 3331 1248 3371 3
1301 3332 1399 3382 elios
1431 3332 1536 3383 vulg.

218 3390 293 3444 1⁹)
320 3392 527 3435 δαίεται
554 3390 638 3433 Vat-
679 3390 737 3432 lu
770 3396 1015 3433 comuntaer.
1222 3388 1246 3428 4
1300 3392 1367 3427 aut
1399 3386 1482 3429 Pau.

219 3445 298 3501 ²⁰)
326 3446 419 3491 na.
441 3447 561 3490 euin
579 3446 663 3488 Vnt.
705 3445 944 3489 Laureolum
974 3457 1080 3486 mar·
1223 3443 1248 3483 5
1304 3442 1507 3484 derelictos
1536 3449 1622 3483 erat
1650 3441 1689 3481 in
1721 3439 1805 3482 ΡιΙ.

134 3511 264 3602 grum
294 3502 424 3556 glori·
453 3502 648 3558 psalturi
680 3503 956 3568 procingere,
994 3509 1081 3542 stu·
1221 3500 1248 3538 6
1298 3498 1426 3539 senior
1454 3503 1679 3539 correctum
1710 3494 1986 3561 extendamini
2004 3495 2088 3537 Pal.

177 3572 250 3602 ose
290 3557 441 3601 docent
477 3571 619 3604 ome·
652 3563 878 3612 scriptum
914 3564 1081 3599 veteres.
1222 3554 1269 3605 7)
1297 3554 1396 3594 Ante
1411 3554 1501 3595 aede
1527 3552 1989 3607 expungitur-cliuum
2003 3550 2087 3594 Pal.

135 3610 267 3658 onon.
1226 3608 1274 3662 s)
1304 3621 1364 3650 m
1396 3607 1478 3649 νιι,
