2340 3900
511 163 516 166 ·
552 145 784 197 mm
815 145 1058 194 PASTOR.
1127 146 1291 196 Lmsstt
1325 149 1360 196 1.
1429 145 1579 195 vtsto
1611 145 1683 194 lv,
1718 141 1790 204 (B)
2018 140 2115 193 441

163 288 243 349 qui
278 301 422 350 snper
451 286 623 335 bestias
656 289 745 340 est,
781 283 912 330 euius
946 297 1113 331 nomen
1150 292 1222 332 est
1256 279 1424 346 ἡμή)
1459 292 1505 332 et
1540 275 1669 332 lusit'
1706 297 1760 331 os
1813 285 1943 338 eius,
1980 296 2038 330 ne
2074 288 2121 329 te

162 361 469 404 consumeret.
535 353 740 414 Uagnam
774 350 1110 400 tribulationem
1149 355 1329 401 evasisti
1367 362 1559 415 propter
1594 352 1730 400 fldem
1770 360 1906 411 tuam,
1941 359 1989 400 et
2016 351 2123 414 quia

160 424 298 472 tala-
331 423 520 471 bestiam
554 420 714 468 videns
748 433 840 466 non
873 419 999 467 luisti
1032 422 1210 470 dubius.
1280 423 1401 470 Vade
1447 436 1561 484 ergo
1598 428 1645 469 et
1679 421 1803 470 rerer
1838 421 1999 470 electis
2034 419 2121 468 llo·

162 494 288 549 mini,
323 498 371 539 et
404 491 478 538 dic
514 489 619 547 illis,
656 489 870 551 quoniam
905 488 1052 536 bestia
1102 492 1218 538 haec
1266 492 1410 537 forma
1460 499 1531 539 est
1563 490 1868 539 tribulationis
1916 502 2120 553 magnae.

164 562 214 610 Si
248 574 362 622 ergo
395 558 662 621 paraveritis
698 572 780 605 ros
811 563 858 604 et
891 558 1216 619 poenitentiam
1254 560 1456 607 feceritis
1494 574 1547 607 ex
1584 565 1680 606 toto
1718 561 1857 608 corde
1888 565 2043 608 vestro
2066 558 2125 607 ad

162 630 412 684 Dominum,
449 628 661 690 poteritis
676 627 871 675 evadere
906 626 1042 684 illam,
1079 630 1118 675 si
1148 643 1230 675 cor
1249 637 1450 675 vestrum
1489 629 1627 676 suerit
1661 630 1877 677 mundum
1903 635 1950 677 et
1967 629 2122 676 imma·

161 696 373 754 enlatum,
406 703 454 744 et
488 703 701 745 caeteros
732 697 850 743 vitae
883 703 1060 743 vestrae
1107 698 1207 744 dies
1256 691 1525 745 servieritis⁸
1571 698 1855 746 immaculati.
1926 697 2124 746 Proicite

159 765 493 814 sollicitudines
526 772 702 813 vestras
738 765 786 812 in
822 765 1076 823 Dominum,
1117 767 1285 828 etipse
1308 768 1512 829 corriget
1537 781 1628 814 eas.
1700 769 1880 816 Credite
1916 767 2123 825 Domino,

160 836 268 896 quia
304 828 475 883 omnia‘
507 842 687 898 potest,
725 841 773 882 et
807 835 969 882 avertit
1003 836 1281 883 iracundiam
1318 850 1445 882 suam
1494 851 1519 882 a
1555 836 1699 883 vobiS.
1770 837 1909 884 Vobis
1958 843 2122 894 autem,

160 905 239 966 qui
274 898 421 952 dubii⁸
455 905 583 962 estis,
619 905 767 952 mittet
804 904 995 966 flagella.
1063 905 1152 952 Vae
1190 905 1477 952 audientibus
1531 905 1647 953 haec
1689 905 1826 953 verba
1874 914 1922 954 et
1970 909 2124 953 conte·

161 973 424 1021 mnentibns
460 987 536 1031 ea;
571 974 735 1023 melius
770 980 869 1023 erat
904 975 1024 1021 enim
1058 989 1151 1022 non
1188 975 1328 1022 nasci.

298 1039 365 1102 (ι)
388 1042 466 1089 ΙΙΙ.
535 1042 593 1090 Bt
626 1042 903 1106 igterrogavi
937 1058 1036 1091 eam
1073 1045 1131 1092 de
1169 1051 1386 1107 quattuor
1404 1042 1653 1101 coloribus,
1689 1057 1807 1105 quos
1830 1043 1967 1092 habet
1986 1057 2127 1108 super

162 1119 302 1176 capnt
334 1126 484 1160 suum.
555 1112 636 1160 llla
669 1119 821 1161 autem
857 1113 1147 1176 respondens
1185 1114 1249 1161 ait
1282 1113 1419 1161 mihi:
1463 1113 1627 1161 iterum
1663 1115 1899 1176 exquaeris
1937 1114 1994 1161 de
2031 1112 2126 1161 tali·

159 1181 249 1231 bns
286 1181 461 1230 rebus?
497 1181 610 1230 Dico
646 1183 715 1230 ei:
750 1186 885 1230 etiam
921 1182 1119 1241 domina,
1145 1190 1252 1230 nota
1279 1183 1349 1230 sac
1369 1182 1496 1240 mibi,
1532 1197 1649 1245 quae
1671 1184 1923 1232 sunthaec.
1992 1181 2125 1240 Audi,

161 1251 248 1299 ait:
282 1250 476 1313 nigredo
512 1252 715 1300 seculum
752 1252 844 1300 boc
878 1259 975 1310 est,
1013 1253 1057 1299 in
1094 1267 1187 1315 quo
1226 1252 1463 1300 habitatis:
1511 1252 1692 1314 igneum
1732 1259 1883 1300 autem
1917 1251 1986 1298 vel
2024 1259 2126 1299 san·

162 1321 395 1384 guinem,
428 1322 643 1383 qnoniam
679 1320 817 1368 debet
851 1321 1057 1369 seculum
1092 1322 1183 1369 hoc
1219 1336 1307 1384 per
1352 1322 1619 1383 sanguinem
1656 1328 1703 1368 et
1750 1322 1901 1382 ignem
1948 1320 2129 1381 perire;

161 1403 379 1438 aurosum
414 1397 566 1438 autem
600 1404 683 1438 vos
730 1391 868 1447 estis,
904 1391 985 1452 qui
1034 1390 1234 1437 evadetis
1271 1390 1478 1437 seculum
1531 1390 1634 1436 hoc.
1704 1388 1923 1446 Quoniam
1978 1393 2127 1434 autem

160 1473 323 1508 aurum
356 1458 584 1521 probatur
614 1473 703 1523 per
735 1460 887 1521 ignem
922 1466 969 1506 et
1003 1458 1174 1505 bonum
1210 1459 1465 1506 invenitur·
1503 1458 1569 1504 sic
1607 1463 1653 1505 et
1688 1471 1767 1504 vos
1804 1456 2061 1519 probamini
2082 1456 2128 1504 in

160 1526 307 1576 vobis.
378 1527 464 1585 Qui
498 1541 613 1590 ergo
647 1534 917 1590 perseverat
964 1533 1012 1574 et
1045 1528 1139 1590 igni
1185 1527 1433 1589 probatur,
1468 1526 1524 1573 ab
1583 1527 1684 1589 ipso
1737 1526 2034 1589 purgabitur.
2085 1532 2133 1574 et

161 1597 393 1659 quomodo
427 1601 589 1645 aurum
626 1597 822 1644 dimittet
854 1597 1051 1655 sordem,
1089 1597 1156 1644 sic
1190 1604 1237 1645 et
1269 1611 1351 1644 vos
1399 1596 1621 1643 dimittitis
1671 1610 1851 1643 omnem
1903 1596 2131 1644 tristitiam

160 1674 209 1714 et
243 1667 514 1729 angustiam,
565 1672 615 1713 et
658 1666 915 1729 purgamini
962 1673 1009 1714 et
1059 1667 1192 1714 utiles
1246 1667 1375 1714 eritis
1424 1667 1468 1712 in
1521 1666 1693 1713 fabrica
1742 1657 1896 1713 turris.
1969 1664 2133 1713 Album

161 1742 339 1794 antem,
375 1735 501 1797 quod
537 1742 651 1795 erat,
687 1736 887 1784 mundus
938 1742 1159 1783 venturus
1197 1743 1294 1794 est,
1334 1737 1380 1783 in
1418 1749 1510 1798 quo
1564 1735 1833 1783 habitabunt
1867 1735 1999 1782 electi
2035 1735 2130 1793 Dei,

160 1807 375 1868 quoniam
411 1805 568 1853 mundi
617 1812 666 1853 et
709 1806 810 1853 sine
844 1805 1020 1853 macula
1069 1812 1205 1853 erunt
1238 1806 1305 1863 hi,
1345 1806 1423 1867 qui
1460 1805 1691 1867 eliguntur
1726 1820 1751 1852 a
1788 1805 1880 1851 Deo
1918 1804 1963 1850 in
1998 1804 2132 1851 vitam

161 1881 407 1923 aeternam.
478 1874 548 1921 Tu
583 1888 697 1937 ergo
734 1875 830 1922 noli
866 1875 1167 1922 intermittere
1190 1875 1386 1937 loquens
1408 1876 1453 1922 in
1483 1874 1671 1922 auribus
1694 1880 1972 1922 sanctorum.
2045 1872 2131 1920 na·

161 1943 280 1992 betis
317 1951 365 1992 et
397 1943 590 1992 formam
624 1943 932 1991 tribulationis
968 1950 1203 1993 venturae.
1276 1943 1324 1990 Si
1359 1952 1509 1992 autem
1544 1949 1591 1990 et
1624 1957 1706 1991 vos
1727 1942 1980 2001 volueritis,
2018 1941 2132 1990 nihil

163 2012 265 2061 erit.
335 2012 386 2060 ln
422 2019 574 2061 mente
609 2012 802 2070 habete,
838 2027 955 2075 quae
990 2019 1094 2060 ante
1145 2013 1314 2075 scripta
1352 2020 1474 2061 sunt.
1544 2013 1666 2060 llaec
1716 2013 1873 2060 dicens
1921 2012 2128 2070 recessit,

162 2089 210 2130 et
244 2096 338 2130 non
372 2082 490 2140 vidi,
542 2096 635 2144 qno
684 2081 789 2130 loco
836 2083 911 2141 iit3
946 2081 1112 2130 nebula
1164 2088 1314 2130 autem
1363 2083 1461 2131 ruit.
1532 2082 1588 2130 Et
1632 2096 1719 2145 ego
1768 2095 1981 2130 reversus
2029 2094 2131 2130 sum

163 2157 290 2200 retro
325 2152 492 2200 timens
527 2158 576 2199 et
607 2165 815 2215 sperans,
852 2151 1069 2215 quoniam
1104 2150 1252 2200 bestia
1284 2153 1420 2201 venit.

161 2224 719 2297 “0⁶⁰⁶le

165 2369 414 2524 mfflqu
334 2381 526 2425 quom
556 2367 641 2411 Vnt.
673 2366 758 2409 rat.
1175 2366 1292 2409 linias
1327 2368 1464 2410 mundi
1497 2367 1742 2410 hominibus.
1780 2367 1839 2409 Eo
1870 2372 2028 2420 spectat
2045 2365 2130 2408 Pal.

252 2425 325 2482 1)
352 2428 521 2480 emere
548 2436 591 2479 p.
617 2424 797 2478 poteritis
818 2423 986 2477 effuqere
1009 2424 1118 2465 illam
1177 2425 1252 2471 Qui
1278 2437 1371 2479 erqo
1403 2430 1626 2479 perseverat
1658 2430 1696 2466 et
1744 2425 1826 2478 iyni
1854 2424 2046 2477 probatur
2076 2424 2134 2464 ab

196 2487 301 2581 ,ιη
352 2543 507 2581 nestrae
535 2548 616 2579 om.
643 2536 731 2579 Vat-
1174 2482 1538 2588 ipaobffirtgabgtss
1560 2538 1618 2579 St.
1650 2543 1690 2579 et
1719 2536 1807 2578 Cot.
1838 2537 1878 2577 in
1909 2541 2041 2588 textu,
2088 2542 2135 2578 ut

354 2597 526 2637 mle
555 2593 640 2635 Vat.
703 2592 846 2635 Scribe
877 2592 1022 2634 saltem
1053 2595 1116 2633 in·
1174 2593 1333 2636 videtur
1359 2595 1446 2636 sine
1477 2594 1605 2635 Codd.
1638 2593 1891 2645 auctoritate,
1927 2604 2016 2635 cum
2046 2591 2135 2635 Cet

395 2650 505 2694 ldem
538 2650 675 2704 din'qr‘t
705 2662 775 2691 eos
801 2662 842 2703 p.
872 2650 1015 2702 diriget
1047 2663 1116 2691 ear
1176 2650 1208 2691 G
1241 2650 1452 2692 exhibeant
1485 2652 1712 2692 emendatur
1741 2662 1869 2703 aeque
1912 2661 1959 2691 ac
1991 2648 2131 2691 Lamb.

164 2595 473 2769 orizam,
516 2707 663 2759 ωιτίςι
664 2710 681 2748 l
719 2718 791 2747 eas
822 2705 931 2756 rat..
972 2707 1118 2758 diriqat
1175 2706 1274 2757 Vat.‚
1306 2718 1395 2748 mox
1427 2719 1588 2761 quoque
1617 2707 1880 2748 emendamini
1914 2718 1955 2759 p.
1991 2717 2131 2747 emun-

164 2776 233 2805 m
263 2762 355 2806 cot.
386 2762 472 2807 etr.
514 2763 579 2805 ΡΙ.
611 2762 682 2814 54,
711 2762 781 2805 23.
812 2762 948 2804 lauh.
977 2762 1018 2812 6,
1050 2763 1117 2803 25.
1176 2763 1365 2804 dabimim'
1399 2764 1485 2804 Vat.

166 2819 263 2861 Luc.
298 2818 365 2871 12,
393 2818 462 2861 22.
491 2817 596 2861 rut.
624 2818 666 2870 4,
694 2818 735 2860 6.
1263 2820 1639 2872 ”superventorum
1649 2831 1688 2872 p
1701 2816 2133 2873 superventurieuVat.

258 2873 329 2926 13)
359 2874 525 2916 mlius
553 2873 660 2925 Vnt,
705 2872 799 2916 dein
832 2886 911 2916 om.
953 2882 992 2915 ee
1026 2878 1118 2915 ante
1261 2874 1307 2928 8)
1345 2876 1538 2928 loquendo
1570 2887 1609 2928 p.
1641 2875 1678 2915 10
1657 2874 1754 2970 σθαι·
1785 2873 1879 2915 haec
1910 2872 1995 2914 Vat-

169 2934 354 2980 aeenere,
384 2937 467 2972 tun
495 2930 689 2983 ruffini·
720 2940 763 2983 p.
787 2931 1007 2984 paenula.
1264 2931 1309 2980 9)
1343 2945 1416 2984 sup
1419 2931 1638 2972 mentiente

256 2986 328 3039 u)
357 2987 423 3027 fiis
462 2985 547 3027 Vnt.
591 2984 728 3026 unuh.
767 2984 847 3037 26,
884 2986 952 3028 24.
998 2986 1118 3028 flare.
1270 2986 1534 3039 immeritem
1562 2986 1668 3037 vat„
1704 2996 1794 3027 mox
1837 2986 2060 3039 perscripto
2091 2997 2133 3039 p.

173 3043 238 3092 14,
270 3043 339 3085 21.
1174 3045 1433 3097 praescripta.

253 3097 352 3152 Cap.
384 3096 452 3140 111.
516 3096 531 3139 1
588 3097 640 3138 Ac
668 3095 753 3139 Vnt.
1270 3099 1341 3150 ll)
1369 3112 1445 3153 quo
1477 3100 1560 3140 loeo
1590 3098 1686 3138 abiu
1714 3109 1754 3150 p.
1787 3108 1901 3151 quem
1929 3098 1972 3139 in
2001 3097 2131 3141 eoem

253 3154 300 3206 2)
312 3110 379 3195 pcle
410 3154 496 3195 illie
543 3149 804 3206 ειροιισιιιι)
834 3152 951 3193 rebus
982 3151 1067 3192 Vnt.
1178 3154 1317 3196 obierit
1345 3154 1431 3196 vat.

258 3210 304 3261 ³)
334 3222 497 3251 aarum
526 3208 609 3249 Vat.
649 3207 733 3250 Cir.
761 3207 795 3250 ll
816 3206 921 3249 Pete.
951 3206 991 3257 2,
1021 3206 1089 3250 20.
1265 3207 1336 3262 12)
1363 3216 1401 3252 ει
1444 3211 1631 3252 adversus
1674 3221 1760 3251 rum
1800 3214 1905 3252 retro
1943 3214 2131 3255 melum.

250 3267 298 3315 4)
326 3267 473 3308 mnu
502 3264 698 3307 mendose
717 3263 800 3305 Vat.
862 3262 1123 3318 Sub-qoem
1176 3268 1214 3307 el
1230 3265 1420 3319 putabam
1439 3267 1550 3308 duom
1570 3266 1879 3308 bestimmten
1893 3265 1979 3308 vat.
2009 3265 2132 3310 81111-

167 3325 213 3364 ᾶι
231 3322 318 3365 illis
334 3321 387 3364 ad
418 3320 537 3363 lini-s
555 3319 692 3361 mnndi
722 3319 906 3361 homines
932 3318 1123 3361 reternnt.
1179 3318 1230 3361 lis
1261 3320 1455 3373 strepitus
1490 3320 1651 3363 auditus
1686 3320 1813 3364 0⁸th
1834 3320 1954 3367 zuar.
1976 3321 2042 3375 10,
2057 3318 2129 3366 28.

170 3378 355 3421 rrae-m
390 3377 515 3420 lectio
558 3375 723 3417 Codicis
754 3374 838 3416 rat.
877 3377 935 3416 ete
973 3381 1011 3417 et
1053 3386 1121 3416 σοι
1268 3374 1367 3429 Cap.
1398 3375 1446 3418 ll.
1510 3375 1552 3429 1)
1583 3377 1710 3429 teum
1740 3376 1803 3419 sic
1835 3375 1920 3418 Pal.

169 3428 1047 3487 pmboobiswcltll’etrl7
1265 3430 1805 3475 znoemtotnmuu.

258 3488 308 3542 5)
335 3487 458 3532 Voce.
483 3493 522 3531 d
544 3487 883 3553 Μανία
917 3498 999 3529 non
1041 3484 1119 3538 leg.
1264 3487 1290 3530 ³
1341 3489 1508 3530 amitae
1542 3485 1625 3529 Pal.

170 3546 211 3587 in
240 3543 327 3587 Vat.
384 3543 591 3588 (Σο-αι
619 3542 782 3586 distinxi
822 3548 918 3596 post
948 3543 1116 3595 fuerim,
1266 3543 1292 3586 4
1340 3555 1471 3586 oum
1502 3541 1587 3586 Pal.

172 3612 262 3644 enm
306 3599 422 3655 prins
463 3596 818 3656 manni·
844 3605 942 3655 post
971 3598 1030 3639 eis
1061 3612 1117 3634 =
1266 3599 1291 3641 5
1342 3598 1438 3641 dubi
1468 3598 1555 3646 Pal.
