2340 3900
584 171 790 219 lGNA'l'll
828 171 1102 219 EPISTULA
1141 174 1210 219 An
1251 172 1614 221 TRALLIANOS.
1667 173 1700 219 1.
2027 170 2123 220 153

494 310 585 360 XV.
625 296 873 360 ‘salutant
907 324 992 361 vos
1026 311 1220 372 Ephesii
1257 320 1299 360 et
1334 321 1516 363 ceterae
1543 283 1789 363 'ecclesiae-

301 407 505 455 Salntant
537 422 621 456 vos
648 404 841 472 Ephesii
875 423 901 456 e
938 408 1155 471 Smyrna,
1204 411 1326 457 unde
1365 411 1479 458 haec
1505 410 1668 459 -scribo
1708 410 1853 469 vobis,
1888 410 1967 474 qui
1994 425 2125 474 prae-

162 485 318 526 sentes
354 479 521 526 adsunt
555 479 603 526 in
637 479 717 526 Dei
764 478 982 540 gloriam,
1035 485 1086 525 ut
1123 485 1169 524 et
1207 492 1312 536 vos,
1365 481 1442 541 qui
1478 495 1565 527 me*
1598 495 1687 528 una
1734 495 1838 528 cum
1873 480 2126 544 Polycarpo

162 548 382 609 episcopo
419 547 773 611 Smyrnaeorum
809 549 855 594 in
893 548 1104 595 omnibus
1141 551 1421 596 recrearunt.
1493 551 1546 596 Et
1582 558 1761 598 ceterae
1809 551 2031 598 ecclesiae
2079 550 2125 597 in

159 618 381 664 honorem
411 617 510 665 lesu
532 618 700 665 Christi
732 631 817 664 vos
843 617 1051 665 salutant.
1095 617 1263 674 valete,
1300 619 1392 666 Deo
1416 620 1545 676 uniti,
1584 621 1794 682 spiritum
1829 620 2120 683 possidentes

160 686 525 748 inseparabilem,
562 687 641 749 qui
676 693 749 735 est
781 687 911 734 lesus
949 687 1176 735 Christus.

299 807 321 831 *
348 812 435 860 XV.
502 812 710 861 Salutant
742 827 824 860 vos
859 813 1046 876 Ephesii
1086 827 1139 860 ex
1174 812 1383 875 Smyrna,
1419 814 1540 861 unde
1576 822 1620 861 et
1658 816 1812 863 scribo
1848 815 2004 874 vobss,
2044 816 2124 864 ubi

158 891 429 946 praesentes
460 883 628 931 adsunt
660 882 718 930 ad
754 882 947 946 gloriam
972 884 1065 941 Dei,
1102 884 1224 930 sicut
1259 888 1305 930 et
1340 896 1434 939 VOS,
1471 884 1549 945 qui
1584 899 1670 946 per
1707 886 1857 933 omnia
1892 899 1965 934 me
2002 886 2126 934 refo-

161 952 375 1001 cillarunt
421 968 512 1001 nna
561 965 664 1000 cum
710 952 968 1016 Polycarpo
1007 952 1354 1016 Smyrnensium
1389 951 1631 1015 Episcopo.
1703 955 1888 1002 Ceterae
1942 970 2126 1018 quoque

158 1022 391 1071 Ecclesiae
426 1024 475 1071 in
511 1022 689 1070 honore
725 1022 830 1071 Iesu
866 1022 1035 1071 Christi
1073 1037 1155 1070 vos
1193 1022 1400 1085 salutant.
1473 1022 1626 1070 Valete
1662 1024 1708 1070 in
1746 1024 1995 1072 concordia
2030 1025 2124 1084 Dei,

158 1093 433 1142 indivulsum
463 1091 758 1156 possidentes
794 1092 1032 1156 spiritum,
1070 1093 1150 1155 qui
1187 1098 1259 1140 est
1293 1092 1423 1139 lesus
1461 1091 1684 1141 Christus.

782 1451 874 1495 AD
933 1452 1519 1495 TRALLIANOS.

294 1572 516 1635 Ignitum,
567 1573 645 1635 qui
691 1579 740 1621 et
784 1572 1118 1636 Theophorus,
1165 1572 1358 1620 dilectae
1395 1588 1421 1619 a
1457 1573 1575 1630 Deo,
1623 1578 1752 1635 patre
1797 1573 1901 1621 Iesu
1950 1574 2131 1633 Christi,

363 1642 588 1691 ecclesiae
626 1649 827 1700 sanctae,
861 1656 978 1704 quae
1015 1649 1087 1690 est
1114 1643 1340 1690 Trallibus
1365 1644 1513 1701 Asiae,
1548 1643 1717 1691 electae
1756 1649 1803 1690 et
1830 1644 1920 1691 Deo
1949 1644 2127 1706 dignae,

361 1726 522 1775 pacem
567 1712 752 1760 habenti
801 1713 849 1760 in
900 1726 1038 1761 carne
1084 1719 1132 1760 et
1176 1714 1395 1776 sanguine
1444 1719 1490 1761 et
1539 1714 1754 1775 passione
1792 1713 1897 1761 Iesu
1946 1713 2130 1772 Christi,

364 1784 466 1845 spei
499 1789 708 1840 nostrae,
755 1783 938 1846 quando
978 1797 1270 1846 resurgemus
1321 1784 1379 1831 ad
1422 1798 1555 1842 eum3
1605 1798 1739 1845 quam
1787 1790 1833 1831 et
1882 1783 2030 1832 saluto
2083 1786 2130 1832 in

365 1852 676 1971 fflimdine,
746 1854 794 1900 in
830 1853 1085 1916 apostolico
1149 1854 1440 1912 charactere,
1503 1854 1670 1916 cuique
1728 1853 1970 1916 plurimam
2021 1861 2129 1917 opto

467 1930 575 1971 lem.

678 2042 1085 2087 ‘IGNATIUS
1130 2043 1607 2086 TRALLIANIS.

299 2127 321 2152 ⁸
343 2133 571 2196 Ignatius,
607 2135 687 2197 qui
732 2142 780 2183 et
814 2134 1135 2197 Theopborus,
1174 2134 1366 2182 dilectae
1402 2134 1494 2181 Deo
1530 2134 1651 2181 Patri
1689 2133 1793 2182 lesu
1831 2134 2011 2183 Christo
2048 2136 2128 2184 Ec-

366 2203 534 2252 clesiae
571 2212 782 2263 sancta,
820 2218 938 2267 quae
971 2211 1043 2252 est
1078 2204 1303 2251 Trallibus
1339 2205 1495 2261 Asiae,
1534 2204 1704 2251 electae
1741 2211 1788 2252 et
1822 2205 1914 2252 Deo
1948 2206 2123 2267 dignae,

367 2288 527 2337 pacem
564 2274 749 2323 habenti
785 2276 831 2322 in
868 2289 1006 2322 carne
1044 2281 1090 2322 et
1125 2275 1345 2335 sanguine
1395 2287 1480 2335 per
1513 2275 1777 2334 passionem
1815 2274 1918 2322 lesu
1944 2276 2127 2333 Christi,

365 2345 467 2407 spei
502 2352 713 2403 nostrae,
749 2351 798 2392 et
830 2345 1219 2392 resurrectionem
1257 2344 1302 2389 in
1337 2344 1512 2405 ipsum,
1566 2357 1700 2404 quam
1748 2344 1793 2390 in
1849 2345 2129 2406 plenitudine

366 2414 635 2476 Apostolico
670 2428 799 2462 more
837 2413 1012 2471 saluto,
1051 2420 1098 2461 et
1134 2413 1378 2475 plurimum
1416 2411 1592 2460 salvere
1632 2420 1757 2475 opto.

535 2560 570 2608 1.
642 2561 773 2610 Laus
808 2566 964 2608 vestra
993 2574 1083 2623 per
1117 2561 1361 2620 Polybium
1398 2561 1512 2609 mihi
1546 2561 1761 2608 innotuit.

294 2661 567 2708 Constanter
589 2658 864 2723 inculpatam
894 2666 941 2707 et
963 2658 1317 2721 inseparabilem
1343 2659 1388 2705 in
1410 2659 1681 2706 sustinentia
1706 2664 1905 2705 mentem
1936 2659 2127 2720 cognovi

156 2746 238 2780 vos
262 2729 447 2788 habere,
483 2743 579 2777 non
613 2744 703 2778 usu
734 2729 898 2788 solum,
933 2729 1016 2777 sed
1052 2729 1220 2787 indole,
1261 2729 1642 2790 quemadmodum
1677 2729 1722 2776 id
1743 2729 1853 2775 mihi
1884 2729 2132 2791 episcopus

157 2808 308 2850 vester
336 2798 554 2863 Polybius
589 2799 815 2857 indicavit,
854 2800 934 2862 qui
970 2798 1190 2862 Smyrnae
1228 2799 1372 2846 adluit
1402 2813 1488 2862 per
1518 2798 1795 2846 voluntatem
1829 2798 1908 2844 Dei
1946 2805 1991 2845 et
2026 2797 2129 2845 lesu

160 2870 348 2924 Christi.
382 2868 555 2931 quique
573 2868 687 2917 mihi
705 2870 857 2918 vincto
884 2869 930 2917 in
964 2868 1067 2917 lesu
1102 2868 1283 2917 Christo
1306 2870 1366 2916 ita
1390 2869 1732 2931 congratulatus
1756 2874 1839 2924 est,
1877 2875 1927 2915 ut
1951 2882 2132 2915 omnem

297 2987 321 3015 ⁶
347 2993 380 3041 1.
448 2991 730 3056 lneulpatam
763 2999 811 3042 et
844 3007 937 3042 non
973 2995 1125 3043 fletam
1169 3002 1364 3044 mentem
1403 2990 1700 3058 in'patientia
1734 3007 1815 3040 vos
1848 2993 2020 3041 habere
2057 3008 2131 3041 co-

159 3066 321 3127 gnovi,
356 3062 495 3125 idque
534 3074 628 3110 non
663 3075 768 3119 usu,
804 3062 889 3111 sed
924 3070 1111 3112 naturae
1148 3065 1403 3123 beneficio,
1442 3063 1823 3127 quemadmodum
1864 3063 2135 3124 significavit

160 3134 272 3181 mihi
310 3132 526 3194 Polybius
560 3130 814 3195 Episcopus
848 3138 1022 3189 vester,
1062 3134 1142 3194 qui
1179 3133 1401 3197 Smyrnae
1437 3134 1582 3182 adsuit
1618 3148 1703 3196 per
1741 3133 2015 3182 voluntatem
2053 3133 2133 3182 nei

161 3210 209 3252 et
243 3203 346 3250 lesu
381 3201 575 3258 Christi,
624 3201 831 3263 mihique
876 3201 1028 3250 vincto
1078 3202 1123 3249 in
1160 3203 1265 3250 lesu
1304 3203 1486 3253 Christo
1543 3205 1603 3252 ita
1658 3202 1999 3264 congratulatus
2048 3209 2133 3261 est,

69 3447 83 3454 x
162 3394 266 3435 ziani
315 3392 490 3433 versioni
532 3390 693 3434 italicae
733 3390 813 3433 καὶ
861 3391 1024 3433 inserit:
1084 3392 1120 3433 la
1179 3393 1240 3432 nis
1273 3404 1412 3434 eorum
1456 3393 1656 3434 exercitiis
1700 3399 1739 3433 et
1769 3392 1886 3432 honis
1917 3392 2134 3446 operibus;

162 3450 281 3503 quale
313 3448 355 3489 io
381 3448 516 3491 saluto
547 3448 732 3490 eziandio
776 3448 882 3490 nella
918 3448 1121 3502 piemzza,
1179 3449 1250 3489 scd
1292 3448 1410 3491 etiam
1450 3463 1496 3491 ex
1543 3449 1712 3490 naturali
1765 3461 1903 3489 corum
1945 3448 2136 3492 bonitate.

161 3522 183 3548 e
216 3504 314 3547 nell’
345 3505 575 3558 apostolico
607 3511 819 3547 carattere.
1181 3505 1234 3545 lta
1274 3504 1378 3547 enim
1411 3506 1645 3559 accipienda
1692 3505 1790 3546 hacc
1822 3504 1961 3557 ignatii
2001 3506 2134 3557 verba,

248 3562 294 3613 7)
323 3561 405 3603 Cir.
433 3574 556 3615 snpra
588 3562 664 3615 Ep.
694 3562 745 3603 ad
767 3562 870 3615 Eph.
902 3576 937 3603 c.
971 3562 1011 3604 3.
1180 3568 1298 3630 atque
1338 3561 1373 3602 si
1424 3561 1654 3614 sci-ipsismet
1698 3558 1753 3604 οὐ
1800 3558 1921 3605 κατὰ
1960 3563 2137 3620 χρῆσιν

257 3618 303 3670 8)
334 3617 630 3660 Trallianorum
654 3618 775 3661 fldem
794 3625 834 3659 et
855 3620 1121 3660 constantiam
1179 3630 1343 3674 μονον,
1377 3615 1494 3660 ἀλλὰ
1529 3614 1649 3659 κατὰ
1675 3612 1849 3675 φύσιν,
1881 3618 2003 3673 idque
2037 3619 2134 3662 satis

166 3690 249 3718 non
280 3687 403 3729 posse
426 3679 579 3718 uotum
617 3675 809 3729 cognosci
844 3688 890 3718 ex
921 3676 1123 3730 quotidia-
1182 3675 1275 3717 trito
1306 3673 1498 3728 loquendi
1528 3686 1688 3726 genere.
