2340 3900
627 156 662 202 l.
700 155 1012 203 etl-:umus
1046 158 1118 204 AD
1152 158 1276 205 COR.
1324 159 1434 206 XXI.
1470 158 1601 206 xxu.
1636 157 1791 206 XXlll.
2099 157 2157 207 71

196 298 344 346 bonus
387 303 462 344 est
493 302 542 342 et
571 309 790 357 magnus,
841 309 1026 342 servans
1063 310 1221 343 omues
1259 299 1338 358 qui
1374 299 1418 345 in
1474 300 1575 361 ipso
1625 304 1782 345 sancte
1826 304 2066 344 versantur
2118 298 2161 343 in

195 380 310 428 pura
345 372 512 413 mente.
581 365 662 412 Est
696 365 818 412 enim
854 365 1178 427 cogitationum
1216 373 1262 412 et
1298 369 1591 415 consiliormn
1624 368 1788 415 mentis
1816 373 2060 425 scrutator,
2087 381 2161 413 cu·

196 437 266 482 ius
299 436 488 497 spiritus
525 441 598 482 est
631 435 678 482 in
714 433 878 492 nobis3
919 440 967 481 et
1001 448 1142 495 quum
1179 434 1395 491 voluerit,
1432 437 1610 485 auferet
1646 451 1764 484 eum.

194 601 327 649 xxu.
408 600 765 651 Auleon-cationes
809 600 902 648 hae
949 567 1233 648 roborantur
1286 602 1379 662 fide
1429 603 1713 659 christiana,
1759 618 1882 665 quae
1924 604 2161 651 miseriam

878 689 1180 744 peccatorum
1209 686 1470 745 praedicat.

330 794 451 843 Haec
484 802 634 843 autem
674 794 826 842 omnia
859 792 1101 841 confirmat
1136 792 1267 851 fides,
1305 808 1421 855 quae
1459 801 1531 841 est
1567 795 1611 841 in
1636 795 1833 843 Christo.
1906 797 2007 859 lpse
2039 797 2160 844 enim

190 879 278 927 per
323 863 544 927 Spiritum
590 870 799 911 sanctum
846 864 909 910 ita
953 877 1040 910 nos
1090 862 1355 925 compellat:
1408 864 1571 921 ,venite
1622 864 1727 922 filii,
1766 867 1916 914 audite
1952 881 2051 923 me,
2106 866 2159 913 ti·

189 949 365 982 morem
401 934 578 982 Domini
612 932 792 980 docebo
825 947 921 983 vos,
992 932 1101 991 Quis
1150 940 1238 980 est·
1267 932 1437 989 homo,
1489 933 1569 994 qui
1617 934 1709 981 vult
1755 936 1914 994 vitam,
1965 935 2159 997 diligens

191 1004 291 1052 dies
325 1004 480 1052 videre
513 1001 699 1051 bonos?
751 1002 954 1050 Prohibe
988 1002 1188 1065 linguam
1228 1008 1349 1049 tuam
1387 1016 1413 1048 a
1448 1002 1589 1059 malo,
1627 1010 1673 1050 et
1708 1003 1839 1061 labia,
1879 1020 1934 1052 ne
1973 1005 2157 1066 loquan-

190 1080 266 1121 tur
303 1073 472 1120 dolnm.
543 1067 727 1120 Declina
762 1086 790 1119 a
824 1072 974 1130 malo,
1013 1072 1165 1119 et.l'ac
1201 1072 1386 1119 bonum.
1458 1071 1633 1129 Quaere
1671 1086 1854 1134 pacem,
1905 1081 1952 1121 et
2000 1088 2155 1135 perse·

189 1156 332 1205 quere
367 1156 483 1190 eam.
551 1141 682 1189 Oculi
717 1141 896 1190 Domini
931 1156 1072 1204 super
1110 1142 1271 1199 iustoS,
1312 1148 1358 1189 et
1389 1155 1523 1189 aures
1558 1143 1656 1189 eius
1700 1143 1742 1188 in
1774 1157 1939 1203 preces
1974 1158 2158 1198 eorum3

188 1213 337 1260 vultus
370 1219 521 1260 autem
548 1212 726 1259 Domini
761 1225 902 1274 super
936 1211 1155 1260 facientes
1188 1210 1321 1268 mala,
1357 1218 1409 1258 ut
1443 1211 1606 1273 perdat
1643 1211 1698 1258 de
1736 1218 1857 1259 terra
1893 1212 2156 1259 memoriam

187 1297 360 1330 eorum.
430 1281 643 1329 Clamavit
675 1282 845 1339 iustus,
880 1288 929 1328 et
960 1282 1175 1328 Dominus
1212 1281 1436 1328 exaudivit
1474 1295 1602 1338 eum,
1639 1289 1682 1328 et
1720 1296 1774 1328 ex
1812 1281 2023 1328 omuibus
2082 1282 2157 1327 tri·

186 1351 495 1400 bulationibus
530 1352 630 1398 eius
666 1350 875 1399 liberavit
909 1365 1030 1399 eum.
1100 1350 1239 1398 Multa
1277 1357 1385 1398 sunt
1422 1350 1598 1412 flagella
1634 1351 1919 1413 peccatoriS,
1971 1364 2157 1412 speran-

186 1429 280 1471 tem
313 1427 463 1470 autem
497 1421 544 1468 in
579 1420 772 1469 Domino
806 1421 1124 1469 misericordia
1158 1418 1487 1468 circumdabit.‘

393 1572 545 1622 xxm.
614 1574 772 1623 Estote
800 1574 1013 1623 humiles.
1082 1574 1268 1624 Credite
1305 1575 1534 1623 Christum
1563 1587 1660 1620 esse
1695 1578 1957 1620 venturum.

323 1700 585 1748 Misericors
621 1701 667 1747 in
704 1699 917 1748 omnibus
952 1708 1000 1748 et
1032 1700 1258 1763 benignus
1294 1706 1424 1762 pater
1459 1700 1634 1747 viscera
1671 1714 1783 1762 erga
1811 1700 2023 1746 timentes
2054 1714 2156 1746 eum

187 1770 347 1828 babet,
397 1771 658 1833 gratiasque
709 1785 818 1818 suas
863 1769 1059 1833 benigne
1108 1779 1155 1818 et
1198 1771 1395 1818 suaviter
1445 1770 1636 1832 largitur
1674 1770 1730 1815 iis
1781 1770 1860 1831 qui
1913 1769 1969 1815 ad
2005 1769 2156 1831 ipsum

187 1840 381 1903 simplici
419 1847 569 1887 mente
604 1839 845 1889 accedunt.
917 1839 1065 1898 Quare
1102 1841 1251 1888 animo
1289 1840 1460 1902 duplici
1497 1855 1553 1887 ne
1606 1837 1772 1897 simus',
1820 1853 1969 1900 neque
2016 1854 2156 1901 super

187 1911 363 1958 eximiis
398 1917 446 1956 et
478 1907 747 1957 honorificis
784 1909 917 1956 donis
953 1910 1053 1957 eius
1090 1909 1314 1958 efferatur
1346 1910 1493 1956 anima
1529 1916 1700 1956 nostra.
1770 1909 1926 1970 Longe
1961 1924 1986 1955 a
2022 1908 2154 1956 nobis

187 1979 307 2027 absit
340 1978 578 2041 Scriptura
612 1978 741 2036 haec,
774 1978 853 2026 ubi
890 1978 1084 2025 dicitur:
1130 1979 1299 2036 ,miseri
1338 1986 1467 2035 sunt,
1506 1979 1582 2039 qui
1620 1979 1769 2025 animo
1805 1984 1914 2025 sunt
1949 1978 2152 2040 duplices

188 2055 239 2097 et
271 2047 422 2103 dubii,
459 2047 693 2094 dieentes:
739 2045 864 2095 llaec
913 2047 1164 2095 audivimus
1214 2049 1349 2095 etiam
1395 2055 1599 2111 tempore
1648 2054 1826 2109 patrum
1874 2053 2152 2105 nostrorum,

190 2123 239 2164 et
271 2131 409 2175 ecce,
445 2116 802 2174 consonuimus,
850 2124 897 2164 et
943 2116 1055 2164 nibil
1092 2117 1255 2164 horum
1293 2116 1426 2163 nobis
1462 2114 1659 2163 accidit.‘
1732 2117 1766 2163 Ο
1803 2116 1936 2173 fatui,
1971 2130 2155 2178 compa·

190 2193 286 2233 rate
320 2200 403 2234 vos
438 2183 617 2243 arbori3
664 2185 796 2234 vitem
833 2187 1015 2235 sumite.
1091 2186 1291 2233 Primum
1329 2186 1511 2248 quidem
1551 2186 1671 2234 soliis
1709 2186 1929 2243 nudatur,
1968 2200 2153 2247 germen

187 2261 347 2318 postea
385 2254 458 2312 lit,
494 2254 653 2302 folium
690 2255 855 2303 deinde
891 2263 938 2303 ct
975 2255 1086 2312 llos,
1125 2256 1345 2317 posthaec
1380 2270 1464 2302 uva
1499 2256 1688 2312 acerba,
1743 2255 1924 2302 tandem
1974 2255 2154 2302 demum

187 2338 272 2372 uva
306 2332 495 2372 matura.
567 2323 739 2372 Videtis
787 2325 914 2387 quod
951 2326 995 2371 in
1048 2326 1211 2387 exiguo
1248 2332 1454 2387 tempore
1506 2324 1683 2371 fructus
1730 2325 1908 2371 arboris
1959 2324 2014 2371 ad
2063 2339 2153 2372 ma·

185 2395 413 2441 turitatem
449 2393 731 2455 perducitur.
805 2393 854 2440 ln
890 2394 1109 2450 veritate,
1149 2393 1276 2441 brevi
1326 2401 1372 2440 et
1419 2394 1570 2441 subito
1618 2394 1823 2440 voluntas
1872 2394 1970 2441 eius
2019 2395 2153 2456 perli-

185 2463 359 2518 eietur3
406 2462 634 2525 scriptura
667 2463 802 2510 etiam
840 2463 1147 2511 testimonium
1196 2463 1491 2526 perhibente,
1542 2463 1682 2525 ,quod
1733 2465 1883 2511 statim
1937 2470 2153 2511 venturus

184 2532 271 2588 sit,
322 2545 473 2594 neque
526 2530 750 2589 tardabit,
796 2539 843 2580 et
889 2534 1038 2580 statim
1087 2534 1237 2581 veniet
1282 2533 1498 2580 Dominus
1551 2533 1596 2579 in
1643 2533 1859 2595 templum
1898 2548 2055 2591 suum,
2111 2540 2155 2580 et

183 2607 394 2659 sanctus,
431 2614 568 2663 quem
603 2614 686 2649 vos
721 2599 1028 2665 exspectatis.‘

185 2850 328 2904 spicil.
365 2850 402 2893 1.
431 2849 528 2893 268.
584 2848 710 2899 Quam
735 2850 975 2891 sententiam
1008 2857 1140 2892 tuetur
1195 2846 1246 2894 ev
1278 2851 1383 2897 ταῖς
1413 2846 1646 2908 καρδίαις,
1678 2847 1720 2890 εἰ
1749 2842 1841 2905 ἄρα
1863 2845 1965 2890 ἔστι
1990 2848 2154 2900 ταῦτα,

185 2906 385 2955 Oretum,
430 2907 471 2948 in
509 2904 682 2947 selectis
725 2905 886 2947 Patrum
933 2907 1139 2948 Ecclesiae
1194 2902 1223 2960 ἢ
1254 2904 1338 2949 οὐκ
1371 2903 1513 2949 ἔστιν.
1574 2908 1683 2954 Quos
1724 2904 1839 2945 locos
1887 2904 1965 2945 iam
1997 2904 2151 2944 indica-

186 2962 396 3016 capitibus
450 2962 502 3004 ad
554 2958 804 3017 Ἐξὴγησιν
833 2963 1138 3016 pertinentibus,
1198 2970 1307 3005 verat
1336 2963 1578 3005 CoteleriuS.
1624 2962 1704 3002 Iac.
2092 3004 2110 3025 v

185 3018 499 3067 'rurici‚18³o.
558 3016 708 3059 Contra
754 3024 884 3061 autem
924 3020 1138 3061 Wottonus
1281 3020 1325 3072 3)
1358 3020 1438 3060 Csr.
1483 3019 1616 3060 Matth.
1663 3018 1741 3067 24,
1783 3016 1848 3058 32.
1933 3016 2050 3055 Voce.
2105 3015 2151 3056 Ω

185 3075 350 3117 coniicit
377 3075 469 3117 loca
500 3075 543 3117 S.
564 3074 700 3116 lacob.
722 3074 812 3124 t‚8.
843 3081 884 3117 et
903 3075 938 3118 11
970 3077 1012 3118 S.
1033 3076 1138 3118 Petr.
1196 3074 1386 3130 ἀνόητοι
1416 3099 1472 3106 -—-
1502 3071 1640 3123 ξύλου
1682 3075 1765 3115 sere
1805 3071 1947 3113 eadem
1993 3071 2067 3122 leg.
2110 3071 2149 3111 in

185 3133 238 3182 3,
265 3131 308 3174 3.
335 3132 376 3174 4.
416 3132 522 3174 inter
557 3143 603 3171 se
633 3130 782 3173 collata
811 3130 853 3173 in
880 3132 1014 3174 animo
1046 3132 1138 3174 Cle·
1196 3134 1335 3184 fragm.
1385 3132 1457 3173 illo
1498 3132 1569 3184 Ep.
1602 3132 1646 3172 ll.
1703 3130 1750 3170 ad
1796 3128 1975 3169 Corinth.
2016 3141 2048 3167 c.
2086 3127 2149 3177 11,

187 3187 330 3230 nentis
362 3187 500 3229 fuisse.
560 3186 806 3229 Sententiam
829 3188 939 3242 qnod
971 3188 1137 3238 adtinet,
1197 3189 1310 3230 cuins
1372 3195 1514 3229 auctor
1561 3188 1744 3229 Clemens
1798 3186 1999 3226 Romanus
2060 3195 2151 3225 esse

187 3244 292 3286 iden
344 3250 553 3298 comparat
593 3242 797 3285 Barnabae
835 3244 962 3298 Epist.
1001 3260 1035 3286 c.
1072 3246 1134 3287 ¹9.
1194 3246 1311 3298 vulgo
1346 3245 1504 3286 dicitur.

190 3299 260 3344 Οὐ
282 3297 351 3358 μὴ
378 3297 648 3399 &marive
676 3295 880 3356 πότερον
907 3299 1063 3352 ἔσται,
1108 3297 1137 3355 ἢ
1279 3302 1323 3353 4)
1357 3302 1526 3342 Verbum
1562 3301 1637 3341 hoc
1670 3299 1766 3340 Novi
1810 3296 2002 3339 Foederis
2041 3295 2152 3339 Scri-

189 3351 267 3408 οὖ,
306 3362 348 3399 et
376 3356 547 3399 Hermae
612 3357 660 3398 is.
689 3355 740 3407 ³,
771 3357 812 3406 4,
855 3357 959 3399 sicut
989 3372 1010 3399 a
1042 3358 1135 3399 Cle·
1194 3358 1377 3411 pluribus
1409 3357 1708 3398 usitatissimum
1748 3361 1820 3395 est.
1865 3353 1944 3395 Csr.
1975 3354 2058 3395 Act.
2082 3354 2149 3405 20,

193 3417 323 3454 nuto
371 3411 638 3455 Alexandrino
694 3415 859 3463 citatur,
915 3415 1064 3457 Strom.
1108 3414 1135 3455 1.
1199 3416 1262 3457 15.
1321 3415 1395 3465 25,
1441 3415 1503 3455 13.
1573 3414 1651 3461 26,
1693 3412 1731 3452 7.
1794 3411 1933 3451 lCor.
1979 3410 2051 3461 10,
2086 3409 2150 3453 11.

195 3466 344 3516 edne
368 3469 528 3513 totvm
550 3466 581 3524 ἡ
606 3465 814 3528 δύναμις
840 3467 868 3524 ἡ
898 3472 964 3526 τῷ
988 3468 1138 3528 Ἑρμᾷ
1199 3471 1263 3521 14,
1295 3472 1362 3513 36.
1405 3471 1488 3511 lac.

192 3518 314 3564 καὶ
348 3518 652 3582 &mamper
684 3525 890 3570 λαλοῦσα
922 3524 980 3570 τὰ
1024 3525 1138 3585 opni-
1280 3528 1324 3580 5)
1354 3527 1503 3569 llabac.
1535 3526 1582 3573 2,
1614 3525 1652 3565 3.
1694 3523 1859 3565 Malach.
1890 3523 1940 3573 3,
1977 3523 2010 3566 1.
2069 3523 2150 3565 Cl'r.

190 3578 571 3693 emim
497 3577 1140 3698 “zssssztziss‘rczzafizss
1197 3584 1337 3693 ¹¹⁰¹&
1354 3582 1578 3694 wia..
