2340 3900
230 184 327 236 190

535 186 739 232 IGNATII
776 185 1045 232 EPISTOLA
1081 185 1150 232 AD
1188 185 1530 235 SMYRNAEOS.
1575 188 1622 234 V.
1656 189 1726 236 VI.
1762 189 1849 235 V11.

228 334 316 368 σαν
353 318 408 367 αἱ
436 322 750 403 προφητεῖαι,
788 311 906 366 οὐδ
944 312 972 366 ὁ
1006 312 1157 402 νόμος
1193 317 1463 382 Μωσέως,2
1501 316 1601 371 ἀλλ’
1643 317 1758 370 οὐδὲ
1794 316 1924 386 μέχρι
1976 323 2067 369 νῦν
2110 316 2164 371 τὸ

227 385 520 472 εὐαγγέλιον,
571 383 684 436 οὐδὲ
733 382 789 435 τὰ
838 381 1041 452 ἡμέτερα
1069 390 1183 481 8τῶν
1227 386 1332 438 κατ’
1387 385 1540 475 ἄνδρα
1591 385 1872 453 παθήματα.

1158 455 1235 507 Τί4
1242 454 1358 543 γάρ
1394 477 1450 524 με
1486 456 1664 523 ὠφελεῖ
1682 477 1768 520 τις,
1795 457 1839 507 εἰ
1855 453 1934 541 ἐμὲ
1955 455 2154 525 ἐπαινεῖ,

225 456 333 541 περὶ
368 452 507 539 ημῶν
542 451 596 505 τὸ
632 450 750 505 αὐτὸ
785 454 1088 522 φρονοῦσιν.8

224 521 307 575 τὸν
342 523 393 574 δὲ
427 520 598 610 κύριόν
633 544 726 590 μου
761 525 1057 590 βλασφημεῖ,
1093 521 1179 611 μὴῦ

225 592 278 643 δὲ
321 598 460 644 τοῦτο
516 590 579 659 μὴ
629 592 776 679 λέγων
821 594 1007 654 τελείως
1054 591 1202 647 αὐτὸν
1248 594 1544 683 ἆπηρνηται,
1584 593 1673 646 ὧν6
1708 591 2017 678 νεκροφόρος.

225 660 276 712 δὲ
327 659 560 745 Ονόματα
584 660 769 725 αὐτῶν,
820 682 938 714 ovwc
986 659 1183 726 ἄπιστα,

1945 387 2045 437 Καὶ
2077 384 2168 455 γὰρ

1229 522 1474 614 ὁμολογῶν
1521 524 1668 578 αὐτὸν
1713 522 2048 610 σαρκοφόρον,·
2096 522 2157 646 Ἰῼ

2137 615 2168 646 α

1634 666 1650 690 7

2027 659 2171 716 Ἀλλα

1230 663 1320 717 οὐκ
1334 664 1542 754 ’ῒὲδοξέν
1551 685 1632 731 μοι
1704 660 1963 758 ἐγγράψαι8

224 731 345 815 μηδὲ
379 728 560 819 γένοιτό
598 752 710 817 μοι
715 729 878 784 αὐτῶν
913 731 1252 819 μνημονεύειν,
1289 734 1446 804 μέχρις
1482 735 1541 785 οὐ
1587 730 1963 800 μετανοήσωσιν8
2011 733 2080 795 εἰς
2114 753 2169 786 το

223 798 412 865 πάθος,
452 823 477 853 ο
517 801 641 852 ἐστιν
676 797 814 868 ἡμῶν
850 799 1118 864 ἀνάστασις.

227 952 293 998 vl.
369 953 462 1009 Qui
510 969 602 1000 non
657 956 800 1002 credit
852 957 903 1002 in
949 956 1224 1016 sanquinem
1264 956 1452 1011 Christi,
1494 955 1804 1009 iudicabitur,
1857 955 1939 999 etsi
1974 954 2170 1014 anqetns

595 1044 720 1084 esset.

794 1038 1050 1084 Haereticis
1085 1039 1184 1083 istis
1222 1039 1357 1083 etiam
1392 1038 1581 1083 virtutes
1617 1037 1793 1081 desunt.

366 1125 561 1192 Μηδεὶς
595 1124 877 1180 πλανάσθω.
948 1125 1061 1177 Καὶι
1099 1123 1157 1177 τὰ
1192 1123 1485 1214 ἐπουράνια,
1523 1124 1604 1175 καὶ
1640 1121 1675 1190 ἦ
1719 1121 1837 1186 δόξα
1883 1127 1983 1176 τῶν
2031 1122 2166 1222 ἀγγέ-

222 1199 348 1258 λων,
397 1195 480 1247 καὶ
534 1197 585 1248 οἵ
634 1194 855 1264 ἄρχοντες
899 1193 1066 1284 ορατοί
1111 1215 1160 1247 τε
1203 1197 1286 1248 καὶ
1332 1192 1554 1263 ἀόρατοι,
1597 1191 1680 1245 ἐὰν
1726 1190 1791 1260 μὴ
1828 1190 2166 1247 πιστεύσωσιν’

225 1266 292 1325 εἰς
338 1261 391 1317 τὸ
438 1260 555 1332 αἷμα
594 1266 857 1351 Χριστοῦ,3
903 1263 1146 1326 κάκείνοις
1196 1266 1350 1332 κρίσις
1384 1265 1524 1316 ἐστίν.

1598 1260 1694 1325 ,0⁴
1727 1269 1900 1352 χωρῶν
1928 1265 2167 1353 xoepsltoe!

230 1331 390 1396 Τόπος
436 1335 618 1402 μηδένα
665 1333 935 1402 φυσιούτω·
979 1332 1031 1387 τὸ
1076 1332 1167 1404 γὰρ
1214 1334 1327 1387 όλον
1371 1334 1515 1385 ἐστινὸ
1565 1334 1722 1394 πίστις
1756 1334 1839 1386 καὶ
1874 1329 2089 1422 ἀγάπη,
2098 1355 2168 1387 ων

225 1401 369 1456 οὐδὲν
403 1405 722 1493 προκέκριται.

796 1402 1113 1471 Καταμάθετε
1147 1403 1198 1455 δὲ
1232 1402 1346 1464 τοὺς
1389 1404 1779 1472 ἓτεροδοξοῦντας
1811 1404 1881 1465 εἰς
1912 1401 2001 1470 τὴν
2031 1425 2169 1490 χαριν

215 1471 377 1540 Ἰησοῦ
417 1479 630 1543 Χριστοῦ
667 1473 755 1542 τὴν
792 1477 858 1536 εἰς
887 1472 1016 1561 ημᾶς
1055 1474 1323 1537 ἐλθοῦσαν,
1359 1479 1465 1535 πῶς
1500 1474 1707 1525 ἐναντίοι
1742 1473 1862 1525 εἰσὶν
1894 1478 1954 1546 τῇ
1997 1471 2166 1565 paim

221 1548 309 1595 τοῦ
352 1546 491 1596 Θεοῦ.

557 1545 692 1633 Περὶ
728 1542 918 1612 αγάπης
951 1541 1010 1595 οὗ
1057 1543 1184 1610 μέλει
1234 1541 1421 1611 αὐτοῖς,
1473 1541 1533 1594 οὗ
1581 1544 1686 1611 περὶ
1724 1564 1908 1631 Ἆχηρας,
1956 1563 2016 1596 ου
2059 1545 2169 1632 περι

223 1610 467 1679 ὀρφανοῦ,
516 1612 575 1665 οὐ
621 1615 730 1710 περὶ
776 1613 1100 1680 θλιβομένου,
1147 1611 1206 1665 οὐ
1257 1614 1365 1681 περὶ
1412 1613 1666 1679 δεδεμένου
1715 1611 1747 1680 ἢ
1783 1612 2072 1680 λελυμένου,
2107 1612 2168 1666 οὔ

220 1683 331 1750 περὶ
364 1686 642 1744 πεινῶντοςεἶ
677 1683 710 1746 ἢ
748 1686 1004 1749 διψῶντος.

224 1815 310 1863 vlt.

801 1903 1033 1958 neqantes.

387 1817 619 1863 Haeretici
654 1817 729 1862 isti
765 1818 991 1862 abstinent
1026 1817 1084 1861 ab
1125 1815 1450 1868 Eucharistia‚
1489 1829 1675 1861 carnem
1711 1815 1878 1861 Christi
1925 1829 2027 1862 eam
2073 1830 2168 1863 esse

1103 1898 1386 1943 Recedamus
1421 1899 1480 1944 ab
1515 1899 1587 1943 iis.

349 1984 672 2071 Εὗχαριστίας
707 2007 786 2038 και
820 1991 1089 2055 προσευχῆς
1125 1983 1422 2071 ἀπέχονται,1
1459 1983 1539 2037 διὰ
1575 1984 1628 2038 τὸ
1665 1983 1730 2054 μὴ
1766 1983 2043 2075 ὁμολογεῖν,
2117 1984 2166 2040 ’ν

219 2052 518 2125 εὐχαριστίαν
553 2073 706 2143 σαρκα
742 2036 877 2108 εἶναι
899 2060 985 2107 τοῦ
1021 2061 1233 2143 σωτῆρος
1273 2051 1414 2122 ημῶν
1442 2052 1604 2141 Ἰησοῦ
1642 2060 1883 2144 Χριστοῦ,
1925 2053 2014 2122 τὴν
2046 2007 2167 2126 ὖἿρ

219 2100 403 2152 .„²,

217 2146 313 2177 των
372 2132 614 2194 αμαρτιῶν
646 2123 787 2194 ημῶν
821 2130 1113 2187 παθοῦσαν,
1160 2146 1224 2192 ην
1268 2129 1327 2197 τῇ
1372 2122 1650 2194 χρηστότητι
1687 2146 1712 2178 ο
1758 2123 1914 2196 πατὴρ
1961 2145 2164 2197 ηγειρεν.

304 2254 349 2304 2)
379 2253 457 2294 cfr.
489 2254 583 2293 Luc.
614 2252 679 2302 24,
709 2252 775 2292 44.

302 2309 346 2361 3)
376 2310 405 2349 1.
455 2322 490 2349 e.
528 2308 605 2361 ,1qui
652 2308 966 2348 incarnationem
1016 2307 1162 2348 Christi

159 2405 161 2409 ,
221 2365 463 2417 impugnant,
475 2365 534 2404 illi
552 2365 759 2404 universos
773 2364 954 2404 homines
971 2370 1163 2414 evertunt,

221 2433 358 2461 eorum
388 2420 675 2460 redemtionem
717 2432 790 2470 per
825 2426 994 2460 mortem
1017 2419 1162 2459 Christi

221 2483 420 2528 negantes.
490 2476 592 2515 Seu:
644 2475 709 2527 qui
760 2475 914 2525 dieunt,
964 2475 1162 2514 Christum

219 2530 339 2574 κατὰ
377 2529 428 2573 τὸ
468 2528 623 2572 δοκεῖν
663 2535 811 2570 tantum
854 2543 941 2570 esse
987 2543 1161 2581 passum,

220 2589 246 2628 ii
286 2601 359 2628 nos
400 2583 716 2640 quoquexa‘c&
752 2583 804 2626 τὸ
846 2583 1003 2628 δοκεῖν
1046 2585 1088 2638 (i.
1128 2599 1161 2626 e.

221 2646 260 2684 in
292 2646 451 2692 vanum)
482 2643 565 2694 pati
604 2641 846 2682 contendant
883 2654 1046 2682 necesse
1088 2647 1159 2681 est.

221 2701 266 2741 H.
334 2700 457 2740 Aliter
506 2697 747 2739 Gallicciolli
800 2697 1017 2737 adnotans:
1073 2698 1160 2737 Non

221 2757 283 2808 gia
316 2756 387 2796 che
420 2761 581 2795 costoro
626 2765 865 2806 pensassero
914 2754 977 2793 nei
1010 2753 1160 2793 martiri

221 2811 426 2864 patimenti
456 2810 654 2851 fantastici
683 2822 703 2849 e
722 2809 762 2848 in
780 2821 1016 2860 apparenza,
1049 2820 1161 2849 come

221 2880 447 2920 pensavano
480 2867 517 2906 di
549 2865 702 2917 Crist03
744 2877 807 2904 ma
846 2865 874 2904 il
912 2871 1025 2904 santo
1068 2878 1158 2904 cava

223 2924 284 2964 cio
323 2935 434 2964 come
476 2922 675 2963 illazione.
741 2920 851 2960 Simil
894 2921 1067 2961 maniera
1119 2922 1158 2960 fu

222 2980 283 3021 nel
317 2992 417 3032 capo
452 2979 722 3019 antecedente.

304 3036 349 3088 4)
393 3035 540 3076 Eadem
608 3034 730 3074 habes
796 3045 858 3085 ap.
921 3032 1160 3074 Theodoret.

220 3092 321 3134 Dial.
355 3093 384 3132 Ι.
414 3104 454 3144 p.
485 3092 551 3132 50.

307 3149 350 3200 5)
383 3147 462 3188 Csr.
505 3148 680 3187 IIoann.
719 3145 766 3195 4,
798 3145 835 3185 2.
871 3145 909 3186 3.
981 3143 1159 3185 Christus

221 3205 365 3245 dicitm
382 3197 684 3267 σαρκοφόρος,
712 3200 884 3252 Ignatius
916 3196 1160 3264 θεοᾳόρος,

220 3261 254 3300 is
287 3261 367 3326 qui
395 3265 512 3310 negat
550 3258 863 3298 incarnationem
897 3256 1042 3296 Ch1isti
1085 3269 1159 3298 νε-

220 3310 470 3380 κροφόρος,
499 3315 525 3356 i.
555 3328 588 3354 e.
620 3315 685 3367 qui
722 3314 854 3355 vivens
882 3317 1012 3364 portat
1039 3314 1159 3363 sunus

215 3384 345 3420 suum,
375 3372 400 3410 i.
425 3384 457 3411 e.
490 3383 556 3423 qul
577 3382 662 3422 ipse
680 3375 858 3409 mortuus
880 3374 951 3408 est.
972 3368 1017 3407 H.
1063 3368 1160 3407 Par-

221 3426 380 3467 ticulam
409 3425 474 3483 μὴ
503 3426 543 3466 in
572 3432 677 3466 textu
709 3424 868 3465 Codicis
900 3423 942 3462 C.
975 3424 1159 3463 omissam

220 3495 321 3523 man.
352 3495 433 3523 sec.
464 3495 558 3523 orae
592 3480 817 3533 adscripsit.

305 3537 350 3591 6)
382 3551 448 3581 ων
488 3538 542 3587 C,
592 3551 694 3578 man.
744 3549 824 3577 sec.
848 3548 928 3577 ων
972 3536 1011 3576 in
1041 3547 1162 3586 marg.

308 3594 351 3644 7)
383 3591 590 3650 ἔδοξένμ
593 3592 739 3643 otCL‚
763 3589 896 3639 ἔδοξέ
904 3591 1106 3656 accedat

307 3649 353 3702 8)
383 3650 410 3690 Ι.
426 3663 458 3691 e.
481 3607 608 3691 donec
625 3648 874 3700 resipiscant,
907 3654 945 3690 et
965 3646 1163 3689 Christum

1219 2262 1362 2302 reapse
1390 2257 1590 2292 mortuum
1632 2263 1720 2293 esse
1759 2257 1799 2292 et
1840 2265 1861 2292 e
1900 2251 2069 2294 mortuis
2099 2264 2165 2294 re—

1219 2307 1439 2348 surrexisse
1483 2307 1659 2349 credant.
1717 2308 1774 2348 De
1819 2308 1943 2349 modo
1972 2308 2163 2361 loquendi

1221 2364 1292 2404 cfr.
1323 2364 1426 2404 intra
1458 2377 1491 2404 c.
1522 2365 1561 2405 9.
1601 2365 1668 2411 εἰς
1701 2361 1820 2407 Θεὸν
1845 2367 2097 2431 μετανοεῖν
2126 2371 2165 2406 et

1220 2420 1292 2470 Ep.
1325 2420 1374 2458 ad
1395 2419 1546 2459 Philad.
1579 2433 1612 2459 c.
1633 2421 1670 2460 8.
1701 2417 1783 2462 ἐὰν
1811 2415 2166 2475 μετανοήσωσιν

1222 2477 1288 2521 εἰς
1318 2470 1513 2528 ἑνότητα
1547 2476 1676 2517 Θεοῦ.

1305 2530 1399 2581 Cap.
1411 2531 1468 2570 VI.
1530 2530 1568 2580 1)
1586 2530 1664 2571 cfr.
1681 2530 1765 2570 Gal.
1784 2530 2163 2582 1,8.Ephes.1,21.

1302 2586 1346 2637 2)
1378 2582 1814 2628 πιστεύσωσιντεοῑο
1825 2586 2026 2627 substituit
2035 2587 2162 2637 Voss,

1219 2638 1550 2698 πιστεύσωμεν
1579 2641 1666 2682 CL.

1301 2698 1345 2750 3)
1375 2699 1490 2749 Apud
1540 2697 1725 2738 Cureton.
1772 2711 1813 2749 p.
1842 2699 1909 2739 42.
1965 2699 2162 2740 Timothei

1217 2753 1468 2794 Alexandrini
1513 2754 1773 2804 fragmentum
1821 2754 2030 2807 Syriacum
2068 2761 2162 2807 post

1220 2811 1431 2863 Χριστοῦ
1461 2807 1661 2850 exhihet‘'
1634 2826 1658 2851 ο
1681 2807 1781 2851 ἔστι
1806 2810 1938 2862 Θεοῦ,
1967 2810 2007 2850 in
2032 2810 2158 2851 altero

1218 2865 1437 2916 fragmento
1466 2878 1506 2917 p.
1535 2866 1602 2906 48.
1638 2871 1697 2906 est
1725 2861 1778 2913 ὃς
1808 2863 1908 2907 ἔστι
1926 2843 2072 2913 Θεός.

1305 2923 1349 2974 4)
1381 2922 1466 2961 Vid.
1498 2923 1631 2962 Matth.
1665 2923 1727 2971 19,
1762 2922 1824 2962 12.

1301 2977 1346 3027 5)
1377 2975 1506 3020 ἐστὶν
1525 2990 1568 3017 ex
1589 2978 1616 3017 C
1634 2978 1679 3028 L,
1709 2975 1808 3018 ἐστὶ
1829 2978 1939 3019 editt.
1976 2979 2021 3019 In
2041 2990 2163 3030 marg.

1219 3033 1246 3073 C
1277 3045 1379 3073 man.
1412 3046 1491 3074 sec.
1523 3029 1628 3075 οὔτε
1646 3034 1807 3081 πίστις
1836 3030 2085 3089 ἀγάπης-π
2115 3049 2164 3076 ο-

1218 3089 1443 3145 κέκριται,
1475 3084 1581 3131 οὕτε
1611 3087 1670 3144 ἃ)
1674 3085 1770 3144 άπη
1808 3092 2024 3139 πίστεως.
2115 3090 2162 3131 fr.

1215 3146 1287 3197 Ep.
1319 3145 1368 3185 ad
1399 3147 1525 3212 Magn.
1554 3158 1587 3186 c.
1623 3146 1657 3187 1.

1302 3202 1345 3253 6)
1379 3196 1625 3248 πεινόντος
1655 3202 1705 3253 C,
1748 3215 1852 3243 man.
1882 3215 1962 3242 sec.
1993 3197 2030 3243 αἱ
2065 3201 2162 3254 (sic)

1217 3255 1256 3295 in
1286 3269 1408 3307 marg.
1426 3257 1669 3300 Iacohsonus
1699 3259 1740 3297 in
1761 3264 1927 3322 utraque
1945 3258 2008 3298 ed.
2023 3258 2163 3310 perio-

1219 3312 1312 3352 dum
1341 3313 1648 3377 subsequentem
1679 3314 1795 3353 traxit
1825 3314 1875 3353 ad
1897 3326 1930 3353 c.
1948 3314 1986 3354 6.
2018 3326 2039 3354 a
2072 3326 2162 3355 ver-

1217 3367 1278 3406 bis
1312 3366 1369 3409 Οι
1397 3359 1479 3410 οὖν
1508 3369 1718 3419 septimum
1749 3368 1971 3410 exordiens.

1302 3422 1396 3474 Cap.
1415 3424 1492 3463 vn.
1530 3425 1570 3473 1)
1592 3424 1719 3464 Verba
1737 3422 2056 3480 Εὐχαριστίας
2084 3425 2161 3467 καὶ

1221 3480 1478 3542 προσευχῆς
1498 3476 1752 3534 ἀπέχονται
1764 3462 1936 3520 desunt·
1926 3493 1967 3521 m
1979 3481 2160 3522 Pseudo-

1218 3533 1383 3585 Ignatio,
1403 3546 1491 3574 cum
1512 3540 1642 3575 tamen
1665 3535 1834 3575 citentur
1849 3549 1871 3575 a
1891 3536 2159 3586 Theodoreto,

1219 3589 1318 3630 Dial.
1347 3589 1409 3630 111.
1439 3590 1516 3630 hoc
1545 3590 1689 3631 modo:
1731 3589 2050 3647 Εὐχαριστίας
2084 3591 2162 3633 καὶ

1219 3642 1492 3703 προσφορὰς
1528 3643 1610 3688 οὐκ
1650 3643 1975 3703 ἀποδέχονται.
2005 3647 2085 3701 (lv,
2121 3647 2157 3690 1
