2340 3900
250 201 350 250 424
604 197 833 244 HERMAE
873 195 1105 243 PASTOR.
1177 196 1340 243 LIBER
1378 196 1408 243 I.
1477 195 1621 242 VISIO
1660 194 1730 240 Ill.
1768 188 1838 250 (A)

256 342 377 386 circa
413 336 573 382 turrim
611 331 744 380 sunt.‘
815 331 935 390 ,lta,‘
985 333 1193 393 inquam,
1246 333 1467 389 ,domina‚
1505 339 1556 379 ut
1591 330 1803 378 fratribus
1842 326 2118 382 annuntiem,
2154 333 2200 372 et

255 406 493 453 hilariores
533 402 652 458 fiant,
690 409 735 447 et
756 402 869 447 haec
895 401 1132 447 audientes
1157 400 1460 447 honorificent
1482 402 1716 447 Dominum
1741 412 1843 444 cum
1865 397 2003 442 multa
2028 392 2199 454 gloria.‘

255 475 310 520 Et
344 473 418 518 illa
455 471 538 517 ait:
574 470 771 526 ,audient
806 470 987 529 quidem
1023 469 1174 526 multi3
1213 476 1259 515 et
1294 482 1394 515 cum
1417 470 1653 524 audierint,
1691 467 1872 527 quidam
1897 479 1948 511 ex
1979 456 2065 509 eis³
2096 477 2199 523 gau·

257 540 451 596 debunt,
500 539 679 599 quidam
716 544 864 584 autem
902 537 1086 583 flebunt.
1159 538 1250 584 Sed
1286 531 1350 583 et*
1386 538 1460 583 isti
1498 537 1757 591 audientes,
1805 535 1843 579 si
1879 532 2200 594 poenitentiam

256 610 442 669 egerint,
482 613 525 653 et
561 607 645 667 ipsi
683 606 956 666 gaudebunt.
1027 607 1141 652 Audi
1179 620 1298 652 nunc
1336 598 1693 651 similitudinem⁵
1730 603 1868 649 turris
1906 601 2055 646 omnia
2074 600 2200 654 haec,

256 684 302 724 et
334 677 551 722 hactenus
590 668 719 719 mihi⁶
759 675 813 720 de
845 673 1126 735 ⁴revelatione
1163 674 1394 720 molestior
1425 688 1526 720 esse
1564 673 1672 718 noli.
1744 670 2056 717 Revelationes
2083 668 2200 714 enim

257 746 370 791 istae
422 743 558 789 finem
596 743 788 798 habent3
826 742 1035 802 impletae
1073 749 1178 788 sunt
1215 743 1349 789 enim.
1422 741 1512 787 Sed
1548 748 1596 786 tu
1636 754 1728 785 non
1767 739 1941 784 desinis
1983 730 2201 797 petendo⁷

264 811 589 868 revelationes3
628 811 863 870 improbus
901 810 1020 856 enim
1057 825 1122 857 es.
1194 811 1351 856 Turris
1390 810 1597 869 quidem,
1636 821 1769 867 quam
1805 807 1929 851 vides
1960 804 2205 859 aedificari,

261 895 346 940 ego
397 894 496 925 sum
546 873 783 935 ecclesia,⁸
833 893 946 939 quae
983 879 1063 925 tibi
1099 879 1307 939 apparui,
1346 884 1391 923 et
1428 877 1562 922 inodo
1601 882 1646 920 et
1680 875 1823 934 prius.
1894 872 2205 932 Quodcunque

257 941 414 1008 igitur⁹
461 947 687 1003 volueris,
738 947 967 1007 interroga
1020 947 1075 993 (le
1110 947 1246 1003 turri,
1286 953 1331 992 et
1378 944 1586 990 revelabo
1635 942 1742 997 tibi,
1780 947 1830 986 ut
1866 940 2064 1001 gaudeas
2103 954 2204 986 cum

258 1013 457 1062 sanctis.‘
528 1015 636 1060 Dico
670 1016 737 1061 ei:
785 1016 1003 1071 ,domina‚
1044 1016 1257 1075 quoniam
1293 1028 1363 1059 me
1402 1012 1543 1058 semel
1581 1011 1765 1071 dignum
1801 1009 2018 1055 arbitrata
2054 1023 2119 1064 es,
2156 1014 2207 1054 ut

259 1084 409 1130 omnia
438 1084 546 1128 mihi
581 1083 780 1139 reveles,
819 1082 995 1130 revela.‘
1067 1083 1137 1128 Ait
1170 1082 1301 1130 mihi:
1339 1077 1697 1140 *,quodcunque
1733 1079 1987 1138 oportuerit
2022 1077 2104 1123 tibi
2140 1091 2206 1123 re-

257 1151 394 1198 velari
408 1145 460 1207 ,¹⁰
497 1151 794 1207 revelabitur,
831 1158 1001 1197 tantum
1041 1158 1090 1196 ut
1126 1165 1208 1196 cor
1244 1156 1371 1195 tuum
1407 1149 1527 1208 apud
1565 1148 1801 1193 Dominum
1837 1147 1917 1200 sit,
1954 1152 2000 1192 et
2035 1159 2091 1192 ne
2128 1146 2206 1192 du·

258 1221 389 1276 bites,
429 1220 738 1280 quodcunque
777 1217 972 1265 videris.‘
1043 1218 1319 1278 Interrogavi
1360 1217 1501 1262 illam:
1557 1230 1714 1275 ‚quare
1753 1208 1929 1261 turris¹²
1966 1213 2206 1261 aedificata

260 1295 330 1333 est
365 1302 505 1347 super
541 1302 708 1347 aquas,
749 1284 975 1334 dominaCl‘
1030 1277 1348 1346 Respondit:¹2
1395 1285 1607 1340 ‚dixeram
1645 1284 1724 1329 tibi
1758 1291 1804 1329 et
1849 1283 2007 1344 priuS,
2053 1296 2208 1329 versu-

261 1364 353 1402 tum
389 1362 432 1401 te
470 1370 598 1411 esse,
637 1356 758 1402 circa
793 1363 1044 1402 structuras
1085 1346 1361 1414 diligenter¹³
1399 1353 1732 1412 inquirentem;
1785 1352 1921 1412 igitur
1968 1344 2211 1398 invenies¹⁴

259 1425 504 1469 veritatem.
576 1424 721 1479 Quare
758 1417 907 1484 ergo¹5
944 1438 1086 1483 super
1123 1437 1262 1483 aquas
1300 1421 1565 1467 aedificatur
1612 1421 1771 1477 turris,
1819 1420 1948 1466 audi:
1996 1420 2209 1479 quoniam

263 1492 347 1536 vita
400 1499 547 1537 vestra
592 1506 675 1551 per
722 1506 884 1552 aquam
941 1492 1062 1537 salva
1109 1491 1227 1536 sacta
1273 1483 1402 1546 est‚¹⁶
1451 1496 1496 1535 et
1534 1489 1626 1535 fiet.
1699 1488 1900 1534 Fundata
1947 1482 2051 1534 est¹⁷
2089 1488 2208 1534 enim

261 1558 401 1605 verbo
437 1560 756 1619 omnipotentis
797 1566 842 1606 et
876 1559 1117 1605 honorifici
1153 1558 1375 1614 nominis3
1430 1559 1684 1604 continetur
1721 1551 1908 1603 autem¹⁸
1959 1557 2012 1603 ab
2063 1556 2208 1602 invisi-

260 1627 341 1672 bili
377 1628 535 1673 virtute
571 1626 682 1673 Dei.‘
715 1669 720 1675 .

400 1758 465 1819 (A)
481 1762 548 1806 IV.
592 1763 890 1822 Respondens
911 1763 1013 1808 dico
1054 1763 1117 1808 ei:
1155 1762 1409 1822 ,magnifice
1446 1762 1614 1808 habent
1644 1755 1711 1807 se¹
1733 1775 1808 1808 res
1829 1762 1927 1808 hae.
1964 1761 2032 1807 Illi
2059 1767 2209 1808 autem

262 1832 442 1877 iuvenes
481 1843 582 1884 sex,
623 1830 699 1888 qui
738 1829 1009 1885 aedificant,
1046 1830 1121 1889 qui
1158 1837 1293 1884 sunt,
1332 1830 1508 1875 domina
1524 1828 1559 1874 2‘
1613 1830 1682 1884 ‚Hi
1719 1836 1824 1875 sunt
1860 1823 2025 1875 sancti²
2063 1830 2208 1890 angeli

264 1898 358 1952 Dei,
398 1897 474 1956 qui
512 1897 658 1956 primo
697 1897 931 1942 constituti
968 1904 1086 1952 sunt,
1127 1897 1291 1956 quihus
1329 1897 1514 1942 tradidit
1548 1896 1762 1942 Dominus
1802 1897 2055 1943 universam
2092 1912 2213 1944 crea·

261 1972 409 2010 turam
445 1978 597 2020 suam,
638 1965 817 2010 creandi
856 1957 920 2010 613
957 1964 1224 2011 aedificandi
1260 1972 1304 2010 et
1341 1965 1598 2011 dominandi
1635 1970 1868 2011 creaturae
1914 1964 2052 2012 illius.
2125 1966 2214 2012 Per

262 2034 347 2078 hos
386 2032 503 2078 enim
544 2033 930 2079 consummabitur
963 2027 1211 2080 structura⁴
1246 2030 1411 2079 turris.‘
1485 2032 1674 2089 ,Caeteri
1712 2039 1886 2089 autem,
1935 2033 2014 2093 qui
2050 2047 2212 2094 appor-

261 2107 357 2146 tant
391 2100 585 2160 lapides,
625 2102 702 2160 qui
738 2099 893 2146 suntZ‘
947 2102 1015 2157 ,Et
1049 2102 1137 2162 ipsi
1173 2102 1315 2147 sancti
1353 2101 1502 2162 angeli
1538 2100 1734 2147 Domini:
1785 2102 1867 2147 sed
1903 2101 1966 2147 illi
2002 2108 2108 2147 sunt
2143 2102 2215 2148 his

263 2163 641 2215 excellentiores-⁵
714 2168 823 2215 Cum
860 2184 970 2230 ergo
1024 2177 1329 2216 consummata
1364 2170 1501 2216 fuerit
1550 2163 1797 2216 structura‘*
1845 2170 2010 2226 turris,
2055 2183 2214 2216 omnes

265 2237 396 2294 simul
443 2237 745 2297 epulabuntur
790 2239 908 2284 iuxta
955 2240 1144 2298 turrim,
1194 2245 1240 2284 et
1285 2237 1655 2285 honorificabunt
1692 2237 1950 2295 Dominum,
2003 2239 2215 2298 quoniam

266 2312 576 2351 consummata
622 2300 725 2352 erit⁷
773 2313 1002 2353 structura
1046 2304 1214 2353 turris.‘
1286 2307 1564 2367 Interrogavi
1617 2321 1738 2361 eam,
1793 2307 1972 2353 dicens:
2021 2301 2216 2360 ,vellem⁸

266 2374 383 2419 scire
435 2374 599 2419 exitum
648 2374 871 2434 lapidum,
919 2382 964 2421 et
1009 2376 1095 2421 vim
1142 2390 1328 2432 eorum,
1366 2376 1509 2436 qualis
1547 2371 1637 2421 sit.‘
1706 2374 2008 2436 Respondens
2043 2369 2215 2421 autem⁹

267 2440 377 2486 dixit
409 2441 539 2486 mihi:
592 2443 799 2502 nunquid
834 2449 882 2489 tu
919 2458 1029 2503 prae
1068 2444 1279 2490 omnibus
1319 2444 1480 2490 melior
1515 2458 1588 2499 es,
1627 2437 1664 2462 ¹⁰
1698 2450 1748 2489 ut
1784 2443 1864 2489 tibi
1916 2437 1998 2489 id²¹
2046 2443 2213 2490 revele-

403 2557 425 2581 *
446 2553 475 2607 3
511 2553 596 2608 ἐὰν
631 2556 864 2623 ἐνδέχεται
900 2575 978 2610 σοι
1012 2557 1446 2625 ἀποκαλυφθῆναι,
1483 2555 1960 2624 ἀποκαλυφθήσεται.

358 2749 402 2828 3)
437 2779 590 2830 quidem
620 2791 671 2817 ex
703 2756 765 2817 his
796 2777 877 2817 Vat.

351 2833 396 2882 4)
428 2839 464 2873 et
496 2833 608 2873 deest
636 2833 676 2872 in
708 2833 791 2872 Vat.

1272 2779 1600 2829 grahnissstatten
1630 2780 1711 2819 und
1742 2780 1965 2822 hesonders
1999 2783 2063 2823 die
2095 2784 2214 2825 Kata-

1271 2835 1441 2874 komben
1480 2848 1526 2873 zu
1559 2835 1706 2885 Neapel
1749 2836 1820 2875 mit
1859 2837 1974 2877 ihren
2014 2838 2215 2890 Wandge—

349 2887 392 2936 5)
422 2888 479 2928 Ita
514 2888 611 2937 Vat„
644 2894 677 2926 et
703 2889 916 2939 parabolas
945 2889 1042 2938 Pal.,
1075 2890 1120 2928 de
1152 2890 1211 2930 si-

270 2944 488 2983 militudine
518 2943 621 2993 vulg.

354 2998 400 3046 6)
429 3000 523 3039 mihi
556 3011 632 3038 om.
667 2998 771 3048 Vat.,
815 2999 884 3038 uhi
925 3011 1014 3038 esse
1055 2999 1211 3039 videtur

271 3055 374 3094 nolui
402 3066 442 3105 p.
471 3055 566 3094 noli.

358 3109 402 3157 7)
433 3109 544 3160 Vulg.
574 3111 616 3148 in
647 3115 736 3149 ante
754 3111 920 3161 petendo
944 3110 1060 3150 omisi
1081 3110 1207 3153 c.Vat.

270 3163 376 3204 Editi
391 3165 635 3214 importunus
651 3176 692 3215 p.
714 3166 924 3216 improbus.
959 3166 1084 3205 Oxon.
1117 3166 1210 3205 Gal-

271 3218 436 3259 licciolli
466 3220 606 3259 vertit:
637 3220 696 3259 Ma
727 3226 769 3259 tu
798 3233 880 3261 non
910 3221 1037 3260 finisci
1067 3221 1145 3260 mai
1170 3221 1210 3260 di

272 3273 457 3314 chiedere
484 3274 728 3325 rivelazioni,
761 3289 781 3315 e
812 3276 870 3315 sei
897 3276 1140 3316 insaziabile.

355 3328 398 3378 8)
428 3342 495 3380 eqo
534 3331 695 3369 ecclesia
738 3344 824 3370 sum
856 3332 939 3370 Vat.
1005 3333 1210 3371 Structura

271 3384 488 3433 Ecclesiae,
520 3384 648 3435 qualis
679 3385 768 3425 heic
799 3386 988 3435 graphice
1015 3386 1211 3427 describi-

273 3445 336 3477 tur
367 3439 406 3477 in
438 3438 648 3489 primaevis
690 3446 865 3480 veterum
897 3441 1212 3481 Christianorum

275 3494 435 3543 cryptis,
468 3506 567 3545 quae
585 3495 753 3545 Neapoli
779 3502 882 3545 sunt,
913 3498 1013 3537 sucis
1033 3497 1213 3537 colorum

279 3548 449 3596 effigiata
482 3548 667 3588 cernitur.
698 3549 781 3589 vid.
805 3550 949 3591 Christ.
974 3553 1037 3592 Fr.
1061 3551 1214 3591 Beller-

275 3612 411 3641 mann:
447 3592 551 3643 liber
582 3603 646 3643 die
676 3604 842 3646 altesten
866 3606 1123 3647 christlichen
1137 3606 1213 3645 Be-

1270 2890 1442 2929 malden.
1477 2890 1679 2940 Hamburg
1699 2891 1817 2932 1839.
1849 2904 1889 2942 p.
1912 2893 1979 2932 77.
2026 2894 2215 2936 Eiusdem

1268 2946 1448 2996 picturae
1489 2945 1642 2994 insigne
1684 2947 1946 2996 fragmentum
1974 2949 2143 2990 vidimus
2174 2951 2215 3001 in

1270 3007 1407 3052 crypta
1440 3000 1610 3052 quadam
1640 3002 1843 3052 cymeterii
1874 3003 1914 3044 S.
1946 3003 2106 3055 Calixti,
2148 3006 2212 3046 lo-

1269 3056 1359 3095 culo
1395 3055 1491 3096 Sixti
1533 3056 1714 3107 episcopi
1755 3058 1909 3108 vicina,
1956 3059 2061 3100 inter
2107 3061 2209 3102 viam

1265 3112 1432 3162 Appiam
1475 3117 1513 3150 et
1538 3111 1792 3153 Ardeatinam
1821 3126 1843 3152 a
1875 3114 1924 3155 cl.
1969 3115 2010 3154 P.
2039 3116 2213 3168 Iosepho

1269 3166 1443 3207 Marchio
1486 3179 1615 3217 prope
1648 3167 1793 3208 Urbem
1833 3182 1962 3221 nuper
2003 3171 2212 3212 detectum.

1270 3222 1444 3262 Secundi
1477 3228 1607 3262 autem
1667 3223 1818 3263 saeculi
1857 3237 1930 3274 ego
1977 3237 2066 3264 cum
2108 3226 2210 3276 aliis,

1270 3277 1412 3328 quibus
1455 3277 1571 3317 huius
1601 3278 1659 3317 rei
1690 3278 1879 3318 iudicium
1911 3285 1996 3329 est,
2041 3280 2083 3320 id
2123 3294 2211 3321 esse

1270 3344 1370 3382 opus
1416 3332 1664 3372 crediderim.
1724 3334 1767 3372 In
1809 3339 1971 3384 cryptae
2011 3335 2211 3376 Romanae

1267 3387 1423 3437 pictura
1443 3387 1562 3427 'etiam
1586 3387 1753 3427 candida
1770 3394 1808 3427 et
1821 3388 1959 3438 ingens
1980 3396 2094 3440 petra
2111 3404 2211 3444 qua-

1272 3442 1383 3480 drata
1415 3448 1593 3492 apparet,
1625 3455 1669 3481 ea
1692 3443 1852 3493 quidem
1882 3450 2006 3494 vetuS,
2028 3446 2102 3492 sed
2121 3459 2210 3487 cum

1268 3508 1370 3535 nova
1400 3503 1538 3547 porta,
1579 3509 1702 3548 super
1743 3509 1818 3548 qua
1857 3499 1976 3538 turris
2007 3500 2210 3547 aedificari

1268 3551 1419 3590 iussum
1451 3557 1546 3589 erat.
1587 3550 1665 3590 Csr.
1697 3552 1792 3591 Sim.
1824 3553 1862 3603 9,
1896 3554 1935 3594 2.
1965 3555 2004 3595 3.

1354 3605 1398 3656 9)
1427 3617 1520 3656 erya
1551 3605 1633 3644 Vat.
