2340 3900
375 227 584 281 leNATn
619 198 892 276 EPISTOLA
924 228 997 276 AD
1038 228 1326 279 EPHESIOS.
1380 230 1471 279 xn.
1508 225 1619 279 xm.
1651 230 1762 291 xiv.
1800 229 1888 278 XV.
2023 227 2122 279 133

143 371 465 430 sanctificatuS,
500 368 765 433 martyrium
801 375 1098 428 consecutuS,
1137 377 1184 419 et
1214 371 1348 434 digne
1371 371 1532 421 beatus
1569 377 1654 428 est,
1688 370 1745 420 ad
1770 371 1901 422 cuius
1935 373 2125 436 vestigia

141 445 376 505 contingat
407 441 519 488 mihi
565 445 618 487 ut
662 439 890 498 inveniar,
945 441 1126 501 quando
1164 441 1243 504 Dei
1280 443 1511 506 particeps
1548 442 1635 501 fio,
1685 443 1764 505 qui
1801 449 1895 492 tota
1930 445 2124 507 epistola

139 526 317 562 memor
349 511 491 558 vestri
526 516 599 559 est
633 510 681 557 in
718 510 900 557 Christo
940 509 1056 558 Iesn.

140 633 188 674 et
221 621 534 672 testimonium
580 630 856 670 consecutus
894 629 979 681 est,
1016 622 1274 684 meritoque
1309 623 1602 672 beatissimus
1639 624 1947 687 praedicatur,
1986 627 2118 674 cuius

138 698 184 744 in
219 693 422 755 vestigiis
459 693 636 740 utinam
671 707 758 754 ego
784 718 786 720 -
809 693 1029 747 inveniar,
1069 706 1173 740 cum
1208 693 1350 740 Deum
1388 702 1547 741 nactus
1584 695 1745 754 fuero,
1784 698 1863 758 qui
1899 697 1946 744 in
1980 697 2121 746 omni-

136 765 223 812 bus
261 762 469 826 epistolis
505 764 602 810 suis
635 769 838 810 vestrum
874 763 1082 811 meminit
1116 762 1164 810 in
1199 762 1379 810 Christo
1419 764 1539 811 lesu.

578 888 690 938 xm.
765 890 1013 938 Conuenite
1047 891 1238 952 saepius
1275 891 1341 938 ad
1379 891 1555 937 cultum
1592 892 1697 939 Dei.

276 980 384 1029 Date
422 981 575 1043 itaque
616 994 818 1044 operam,
854 987 908 1028 ut
944 979 1157 1028 crebrius
1195 980 1540 1043 congregemini
1578 981 1634 1028 ad
1662 982 1830 1043 gratias
1858 982 1952 1031 Deo
1987 997 2121 1046 agen-

137 1053 244 1110 daS‚
293 1057 340 1098 et
376 1052 433 1099 ad
470 1066 575 1099 eum
608 1051 901 1101 laudandum.
975 1051 1163 1109 Quando
1221 1051 1341 1097 enim
1393 1051 1576 1112 saepius
1633 1052 1680 1098 in
1728 1053 1924 1100 eundem
1970 1054 2122 1100 locum

135 1122 400 1180 convenitiS‚
438 1121 773 1169 labefactantur
807 1122 930 1169 vires
961 1120 1170 1178 Satanae,
1207 1126 1254 1167 et
1290 1121 1540 1168 concordia
1575 1128 1752 1176 vestrae
1791 1121 1899 1169 fidei
1931 1123 2121 1170 solvitur

134 1193 330 1250 exitium,
369 1193 495 1253 quod
530 1192 606 1239 ille
642 1192 796 1239 infert.
842 1191 962 1239 Nihil
998 1190 1306 1254 praestantius
1341 1205 1455 1254 pace
1493 1198 1576 1249 est,
1615 1207 1703 1254 qua
1738 1191 1952 1239 aboletur
1983 1207 2118 1240 omne

133 1263 302 1311 bellum
341 1262 608 1310 coelestium
646 1268 693 1309 et
726 1268 1032 1310 terrenorum.

273 1385 422 1437 *X111.
473 1389 582 1437 Date
620 1390 774 1452 itaque
800 1403 1003 1453 operam,
1038 1395 1091 1436 ut
1114 1388 1325 1436 crebrius
1349 1389 1693 1450 congregemini
1717 1388 1774 1436 ad
1793 1388 2124 1437 Eucharistiam

134 1461 419 1524 gloriamque
455 1460 548 1507 Dei.
602 1460 791 1518 Quando
828 1461 950 1508 enim
987 1460 1256 1522 frequenter
1291 1460 1339 1506 in
1375 1473 1517 1506 unum
1539 1459 1807 1517 convenitiS‚
1844 1459 2120 1506 labefactan-

136 1539 210 1580 tur
242 1532 364 1578 vires
402 1530 623 1588 Satanae,
672 1537 719 1577 et
755 1531 940 1578 exitium
986 1544 1039 1578 ac
1074 1530 1306 1592 pernicies
1357 1530 1455 1576 eius
1492 1535 1646 1576 vestro
1685 1529 1732 1576 in
1766 1529 1858 1576 fide
1894 1543 2125 1576 consensu

136 1601 415 1650 dissolvitur.
484 1601 606 1647 Nihil
641 1602 950 1664 praestantius
987 1607 1060 1648 est
1091 1614 1223 1663 pace,
1265 1614 1355 1661 qua
1393 1613 1528 1646 omne
1565 1598 1740 1647 bellum
1778 1598 1993 1647 oboletur
2022 1613 2125 1648 coe-

133 1673 316 1720 lestium
349 1679 396 1718 et
430 1672 733 1719 terrestrium.

131 1799 241 1848 XIV.
282 1800 495 1848 Teneatis
529 1798 670 1861 fidem
707 1803 750 1846 et
788 1797 1077 1853 charitalem,
1116 1804 1158 1846 et
1192 1798 1409 1860 operibus
1432 1811 1515 1845 vos
1540 1796 1829 1845 Christianos
1844 1797 2126 1859 praebeatis.

272 1897 475 1956 Quorum
510 1897 624 1944 nihil
670 1910 753 1944 vos
789 1895 927 1954 latet,
979 1897 1020 1943 si
1063 1894 1270 1958 perfecte
1317 1895 1572 1943 habueritis
1626 1896 1672 1942 in
1708 1894 1860 1941 Iesum
1897 1894 2125 1942 Christum

137 1968 275 2016 fidem
313 1975 357 2014 et
394 1968 675 2023 charitatem,
713 1981 830 2028 quae
867 1966 1045 2013 initium
1082 1967 1198 2013 vitae
1235 1972 1281 2012 et
1315 1965 1420 2013 finis
1459 1971 1578 2013 sunt.
1627 1965 1909 2026 Principium
1937 1965 2121 2025 quidem

137 2038 278 2095 fides,
334 2038 438 2084 finis
485 2051 595 2084 vero
634 2037 847 2083 charitas,
919 2035 1044 2082 Haec
1080 2042 1230 2082 autem
1269 2036 1358 2082 duo
1409 2037 1454 2082 in
1509 2049 1651 2081 unum
1705 2035 1918 2080 coeuntia
1965 2048 1991 2079 a
2027 2035 2120 2080 Deo

137 2114 273 2167 sunt3
321 2108 472 2153 omnia
517 2120 626 2153 vero
673 2106 759 2152 alia
810 2106 868 2152 ad
910 2105 1187 2166 probitatem
1238 2111 1541 2151 consectanea
1595 2109 1714 2150 sunt.
1787 2103 1946 2150 Nullus
1983 2103 2122 2150 fidem

138 2176 365 2239 profitens
400 2182 585 2238 peccat,
623 2189 774 2236 neque
812 2175 1082 2221 charitatem
1119 2174 1366 2236 possidens
1406 2175 1517 2221 odit.
1589 2173 1829 2220 Manifesta
1871 2179 1942 2220 est
1987 2173 2124 2219 arbor

139 2260 194 2293 ex
230 2246 382 2293 fructu
418 2260 531 2302 suo3
569 2245 790 2301 similiter,
827 2245 905 2307 qui
940 2243 1218 2307 profitentur
1251 2258 1302 2290 se
1348 2244 1631 2290 Christianos
1658 2257 1778 2298 esse,
1819 2257 1875 2289 ex
1898 2243 1968 2300 iis,
2009 2256 2124 2303 quae

138 2316 323 2372 faciunt,
365 2322 630 2363 cernentur.
700 2315 801 2362 Non
840 2315 960 2362 enim
1009 2328 1130 2362 nunc
1165 2313 1457 2376 professione
1497 2328 1614 2375 opus
1653 2319 1750 2370 est,
1799 2313 1883 2360 sed
1929 2312 1968 2359 si
2017 2312 2122 2373 quis

139 2387 186 2433 in
222 2387 386 2433 virtute
423 2385 532 2432 fidei
569 2385 824 2432 inveniatur
855 2398 1004 2446 usque
1042 2384 1099 2430 ad
1135 2382 1288 2430 finem.

277 2507 300 2532 ¹⁶
333 2510 442 2557 XIV.
514 2511 719 2570 Quorum
766 2510 881 2558 nihil
932 2524 1012 2557 vos
1061 2509 1192 2566 latet,
1243 2510 1283 2556 si
1319 2508 1570 2571 perfectam
1607 2509 1653 2555 in
1691 2508 1843 2555 Iesum
1894 2506 2125 2555 Christum

139 2580 314 2629 habetis
351 2580 490 2629 fidem
527 2589 574 2629 et
610 2582 860 2638 caritatem,
887 2594 1016 2642 ,quae
1054 2580 1235 2626 initium
1273 2579 1389 2626 vitae
1428 2585 1500 2627 est
1537 2586 1583 2626 et
1606 2578 1725 2625 finis,
1806 2578 1988 2626 Initium
2026 2579 2121 2640 qui·
2196 2584 2205 2586 ’

142 2652 245 2701 dem
282 2651 412 2710 fides,
449 2651 553 2700 finis
590 2658 739 2700 autem
778 2652 966 2708 caritas3
1021 2650 1111 2699 duo
1150 2656 1301 2697 autem
1337 2650 1423 2697 ista
1462 2651 1644 2711 quoties
1683 2649 1729 2695 in
1770 2663 1911 2696 unum
1940 2654 2125 2704 coeunt,

140 2722 221 2769 nei
258 2728 391 2779 sunt,
442 2729 596 2770 cetera
643 2727 792 2770 autem
830 2721 981 2768 omnia
1019 2721 1075 2767 ad
1111 2720 1386 2782 probitatem
1427 2724 1736 2767 consentanea
1787 2724 1907 2765 sunt.
1982 2719 2124 2765 Nemo

140 2791 276 2839 fidem
312 2790 554 2854 professus
594 2799 784 2856 peccat3
820 2805 908 2839 nec
950 2791 1185 2838 caritatem
1224 2790 1470 2851 possidens
1510 2790 1617 2837 odit.
1667 2789 1963 2851 Dignoscitur
1986 2789 2126 2835 arbor

140 2876 197 2909 ex
231 2862 383 2909 fructu
420 2876 530 2920 suo;
567 2863 637 2910 sic
673 2862 752 2925 qui
789 2876 841 2909 se
881 2861 1167 2909 Christianos
1205 2874 1309 2907 esse
1347 2860 1650 2922 profitentur,
1691 2874 1746 2906 ex
1782 2859 1864 2914 iis,
1904 2872 2020 2919 quae
2061 2858 2123 2904 fa-

141 2932 282 2987 ciunt,
318 2933 676 2993 perspiciuntur.
744 2931 836 2979 Res
872 2946 965 2978 non
1002 2933 1090 2978 iam
1128 2931 1175 2977 in
1212 2930 1507 2992 professione
1544 2929 1782 2986 consistit,
1820 2928 1903 2976 sed
1941 2929 1980 2975 si
2019 2927 2121 2989 quis

143 3000 190 3047 in
226 3000 391 3047 virtute
429 2999 536 3048 fidei
573 3001 832 3049 inveniatur
862 3014 1012 3062 usque
1049 3000 1107 3047 ad
1144 2999 1299 3047 finem.

240 3125 328 3172 XV·
400 3126 507 3174 Non
541 3126 778 3188 loquentes
813 3125 980 3181 solum,
1016 3127 1100 3173 sed
1135 3131 1176 3172 et
1212 3127 1397 3174 silentes
1433 3127 1688 3174 Dominum
1715 3123 2033 3187 profiteamur.

281 3224 441 3271 Melius
480 3230 563 3280 est,
601 3230 754 3271 tacere
791 3230 838 3270 et
874 3236 1004 3281 esse,
1042 3236 1178 3283 quam
1215 3223 1480 3284 loquentem
1517 3239 1609 3271 non
1646 3236 1765 3270 esse.
1839 3220 2016 3267 Bonum
2054 3225 2125 3266 est

144 3294 341 3351 docere,
379 3294 446 3352 si,
486 3293 564 3355 qui
602 3293 739 3351 dicit,
791 3292 938 3340 saciat.
1009 3290 1135 3339 Unus
1174 3292 1311 3354 igitur
1347 3293 1536 3351 doctor,
1579 3293 1657 3355 qui
1696 3291 1835 3348 dixit,
1874 3296 1920 3336 et
1956 3289 2122 3336 factum

281 3414 411 3466 *XV.
481 3421 688 3469 Praestat
722 3426 875 3467 tacere
914 3425 959 3466 et
990 3432 1111 3478 esse,
1151 3433 1283 3480 quam
1322 3418 1553 3480 loquendo
1593 3431 1682 3465 non
1719 3431 1834 3464 esse.
1880 3414 2126 3464 Pulchrum

145 3495 218 3536 est
252 3488 445 3548 docere,
494 3490 535 3537 si
584 3490 663 3551 qui
701 3489 836 3547 dicit,
891 3489 1008 3537 idem
1047 3490 1196 3537 faciat.
1269 3487 1392 3536 Unus
1441 3504 1552 3550 ergo
1604 3488 1843 3548 magister,
1882 3485 1959 3546 qui
2001 3485 2122 3542 dixit,

233 3624 277 3677 2)
309 3623 513 3666 Sententia
554 3623 746 3666 cohaeret
793 3635 882 3665 cum
927 3629 1103 3665 extremo
1164 3634 1250 3661 esse
1286 3620 1550 3663 Christianum
1593 3622 1679 3661 sine
1724 3621 1891 3673 strepitu
1917 3621 2123 3664 verborum

146 3695 179 3721 c.
215 3681 279 3722 14.
335 3680 491 3722 idcirco
531 3693 614 3723 non
642 3692 763 3722 seusu
801 3679 977 3733 generali
1016 3692 1104 3721 cum
1164 3678 1477 3730 interpretanda.

144 3737 253 3780 Italis
283 3736 568 3789 intelligenda,
613 3736 686 3779 sed
718 3736 875 3779 Smitho
919 3742 1106 3778 monente
1244 3736 1288 3788 3)
1323 3734 1404 3774 Csr.
1432 3734 1544 3775 Rom.
1576 3733 1614 3783 2,
1652 3732 1719 3777 21.
