2340 3900
695 181 767 231 DE
802 182 1031 232 HERMAE
1068 184 1156 235 GR.
1195 182 1336 232 LlPS.
1375 181 1575 233 FONTE.
1990 193 2126 235 xm

293 320 424 370 Haec
457 318 605 384 igitur
638 323 808 368 contra
841 317 1228 383 probabilitatem
1265 320 1700 386 argumentationis
1735 319 1787 370 in
1822 320 1895 370 ed.
1920 336 1992 386 pr.
2022 322 2125 372 col-

155 389 266 441 latis
312 389 441 438 inter
484 403 539 438 se
583 387 769 438 Latinis
815 394 865 437 et
907 387 1103 437 Graecis
1147 390 1429 454 propositae
1476 389 1604 440 dicta
1651 395 1779 439 sunt.
1848 389 2031 440 Tamen
2065 406 2128 441 ne

156 457 334 524 iniquis
366 456 758 507 aestimatoribus
801 456 930 506 iusto
966 456 1076 521 plus
1111 457 1289 508 dixisse
1314 459 1572 522 videamur,
1601 458 1754 524 probe
1777 457 1959 508 scimus
1979 474 2128 524 posse

155 528 301 578 etiam
337 525 482 576 talem
516 525 967 591 interpretationem
990 525 1212 575 Latinam
1250 527 1466 592 cogitari,
1501 544 1620 595 quae
1644 543 1833 578 summa
1856 527 1952 578 fide
1975 528 2126 579 Grae-

157 612 267 647 cum
302 595 473 646 reddat
505 594 844 660 archetypum,
887 594 1016 644 unde
1055 594 1095 644 si
1138 595 1245 660 quis
1283 596 1462 647 Graeca
1498 596 1752 663 interpreti
1786 596 1951 662 potius
1983 613 2126 663 quam

154 663 571 784 :pictonimlpeeberi
630 663 907 725 concludat,
974 678 1126 729 nugas
1184 664 1275 729 agi.
1368 666 1545 717 Nostra
1604 682 1717 717 vero
1767 682 1935 717 caussa
1983 666 2127 732 longe

292 803 457 868 Neque
499 817 614 852 vero
661 801 815 867 magis
864 801 1269 867 acquiescendum
1316 803 1367 852 in
1416 819 1474 853 eo
1524 804 1748 854 existimo
1766 845 1777 867 ,
1825 805 1955 871 quod
2000 804 2129 855 inter

156 878 378 938 excerpta
412 877 572 922 vetera
607 877 658 921 et
683 870 923 921 Graecum
959 876 1140 921 textum
1176 878 1401 922 nostrum
1438 872 1642 936 insignis
1678 873 1869 924 inventa
1907 881 1983 924 est
2005 890 2128 925 con-

155 941 333 993 sensio.
414 940 542 1002 Quid
588 940 744 1002 enim,
793 955 995 1006 quaeso,
1045 940 1207 991 obstat
1242 941 1503 1007 quominus
1538 942 1854 1006 interpretem
1892 943 2129 994 Graecum

155 1010 302 1062 medii
349 1009 451 1060 aevi
504 1017 729 1075 excerpta
775 1015 935 1059 vetera
980 1008 1104 1059 bene
1153 1026 1303 1060 nosse
1351 1010 1648 1075 collectaque
1682 1010 1909 1062 habuisse
1945 1019 2128 1064 statua-

155 1077 307 1131 mus?
377 1078 429 1129 Si
476 1077 553 1128 cui
586 1095 614 1129 e
649 1078 809 1129 doctis
846 1077 1041 1128 illorum
1077 1085 1355 1144 temporum
1391 1078 1673 1129 hominibus
1709 1079 1759 1129 in
1796 1088 2009 1131 mentem
2044 1098 2128 1132 ve—

154 1149 283 1200 nerit
308 1148 485 1199 librum
519 1149 727 1198 Hermae
759 1163 817 1198 ex
853 1163 1042 1197 summa
1075 1148 1360 1214 antiquitate
1395 1147 1670 1198 Christiana
1706 1149 1885 1199 clarum
1906 1151 1966 1200 ad
1989 1166 2129 1201 com-

155 1218 454 1286 pensandum
502 1216 808 1284 deperditum
853 1217 1167 1283 archetypum
1214 1217 1395 1268 Graece
1442 1218 1672 1268 reddere:
1719 1219 1834 1285 quid
1868 1218 2049 1269 mirum
2086 1221 2128 1270 si

154 1304 265 1339 eum
306 1294 418 1339 ante
464 1286 866 1353 circumspexisse
912 1285 1212 1336 inveniamus
1259 1286 1429 1338 Graeci
1471 1285 1581 1337 libri
1616 1285 1926 1352 fragmenta?
1995 1289 2130 1339 Hanc

155 1357 207 1408 in
249 1373 355 1409 rem
405 1373 527 1423 quae
571 1372 599 1406 a
646 1356 704 1406 cl.
749 1357 943 1422 Angero
981 1353 1032 1420 (l.
1067 1356 1097 1406 1.
1133 1371 1237 1422 pag.
1272 1355 1371 1421 XI.)
1417 1355 1597 1421 scripta
1631 1356 1798 1406 video:
1854 1356 2012 1419 „illico
2048 1373 2129 1408 res

156 1444 217 1478 eo
267 1427 545 1490 conficitur,
590 1425 746 1492 quod,
799 1440 948 1492 quum
994 1424 1074 1475 illa
1121 1425 1303 1491 scripta
1350 1425 1448 1476 sint
1494 1425 1577 1475 diu
1623 1431 1879 1492 antequam
1927 1441 2127 1491 graecae

158 1497 302 1548 buius
342 1496 453 1547 libri
497 1494 758 1562 particulae
805 1511 862 1545 ex
898 1501 1115 1545 veterum
1164 1494 1393 1560 operibus
1427 1494 1587 1560 colligi
1625 1502 1825 1560 coeptae
1863 1501 2001 1558 sunt,
2055 1502 2128 1545 ta-

158 1581 270 1617 men
316 1581 427 1616 cum
473 1565 553 1616 his
598 1564 839 1630 excerptis
884 1563 1075 1630 egregie
1123 1564 1487 1626 consentiunt“,
1538 1563 1652 1630 quid
1702 1563 1795 1614 sibi
1847 1564 1995 1615 velint
2030 1580 2131 1615 non

157 1635 278 1686 satis
320 1650 569 1702 assequor.
638 1633 766 1695 Quid
801 1633 932 1700 enim
969 1633 1166 1683 tandem
1198 1633 1258 1683 ad
1295 1634 1516 1684 codicem
1550 1633 1708 1699 quarti
1745 1633 1920 1683 decimi
1957 1634 2044 1697 vel,
2078 1640 2133 1684 ut

157 1705 208 1755 in
243 1705 318 1756 ed.
349 1720 423 1771 pr.
458 1703 711 1765 statuitur,
746 1702 903 1769 quinti
939 1702 1116 1753 decimi
1151 1703 1329 1754 saeculi
1364 1731 1432 1740 ——
1470 1709 1524 1753 ut
1560 1702 1923 1769 acquiescamus
1957 1703 2009 1754 in
2044 1719 2130 1754 co-

157 1773 280 1825 dicis
325 1773 631 1840 antiquitate,
679 1788 826 1839 quam
868 1773 975 1839 ipse
1021 1772 1265 1838 interpres
1312 1773 1455 1838 longe
1493 1778 1689 1838 superet
1720 1787 1921 1823 necesse
1952 1779 2028 1823 est
2064 1801 2132 1808 --

156 1844 453 1895 recentiores
509 1841 851 1909 particularum
907 1842 1113 1892 Hermae
1166 1842 1457 1892 Graecarum
1519 1841 1831 1892 collectiones
1875 1842 2133 1908 pertinent,

157 1912 548 1979 quandoquidem
595 1911 841 1977 quaeritur
886 1927 948 1962 an
997 1911 1105 1976 quis
1153 1911 1316 1961 medio
1353 1927 1469 1961 aevo
1507 1911 1748 1961 eiusmodi
1783 1911 2046 1977 particulas
2083 1912 2133 1961 in

158 1990 375 2033 veterum
425 1979 654 2047 operibus
695 1987 909 2030 servatas
956 1980 1017 2030 ad
1064 1979 1235 2030 Latina
1283 1980 1464 2030 Graece
1509 1981 1737 2030 vertenda
1773 1980 2004 2031 adhibere
2040 1998 2132 2047 po-

161 2048 353 2102 tuerit?
421 2051 528 2112 Qua
572 2056 729 2100 aetate
777 2049 900 2099 nihil
949 2048 1246 2114 frequentius
1294 2048 1443 2099 fuisse
1494 2048 1676 2101 scimus
1725 2065 1866 2114 quam
1917 2055 2132 2100 veterum

162 2118 587 2186 intepretationes
620 2117 847 2183 colligere
883 2117 1088 2182 indeque
1125 2124 1316 2167 catenas
1354 2117 1570 2183 aliosque
1607 2117 1792 2168 similes
1825 2118 1978 2168 libros
2011 2135 2132 2169 con-

162 2189 330 2248 ticere,
374 2187 542 2238 eadem
576 2187 782 2253 aliquem
817 2201 1021 2252 eumque
1058 2186 1263 2236 Hermae
1299 2186 1648 2252 interpretandi
1687 2187 1959 2238 studiosum
1995 2188 2132 2238 labo-

161 2257 233 2307 ris
278 2257 353 2308 sui
400 2255 614 2307 subsidia
650 2255 680 2306 i.
716 2273 758 2306 e.
793 2256 974 2309 Graeca
1013 2255 1229 2305 eiusdem
1267 2255 1475 2306 Hermae
1511 2257 1779 2321 fragmenta
1811 2273 1868 2306 ex
1903 2257 2132 2324 antiquo—

130 2324 268 2377 ‘rum
304 2325 441 2377 libris
477 2325 743 2391 collegisse,
773 2341 916 2392 quem
954 2324 1147 2374 tandem
1185 2324 1361 2374 mirum
1399 2322 1584 2375 habet?

297 2394 391 2446 Sed
441 2394 599 2461 paullo
645 2393 914 2445 accuratius
961 2392 1219 2443 dicendum
1267 2400 1342 2443 est
1393 2409 1513 2459 quae
1550 2408 1718 2444 revera
1753 2395 2014 2446 consensio
2053 2395 2130 2447 in-

158 2464 373 2515 veniatur
404 2463 532 2513 inter
566 2470 747 2514 textum
785 2469 1006 2514 nostrum
1043 2469 1092 2511 et
1128 2461 1309 2512 Graeca
1344 2468 1557 2512 veterum
1594 2470 1828 2529 excerpta.
1874 2465 1964 2515 Est
2001 2466 2131 2516 enim

158 2533 395 2584 eiusmodi
432 2541 486 2583 ut
519 2532 702 2598 passim
739 2531 880 2582 verba
918 2531 1021 2597 ipsa
1060 2530 1266 2597 singula,
1302 2547 1393 2581 nec
1429 2531 1641 2598 exceptis
1677 2533 1952 2598 particuliS‚
1991 2551 2131 2600 egre-

158 2602 236 2669 gie
270 2601 576 2662 conveniant,
624 2601 807 2669 passim
843 2616 956 2651 vero
995 2606 1070 2651 sat
1101 2601 1247 2650 multa
1283 2600 1520 2651 differant.
1591 2603 1696 2663 Qua
1731 2602 1791 2652 de
1827 2619 1880 2653 re
1915 2603 1981 2654 ita
2018 2619 2131 2654 sen-

161 2671 374 2722 tiendum
430 2669 574 2722 nobis
616 2671 828 2733 videtur,
883 2669 1225 2735 interpretem,
1281 2686 1373 2737 qua
1422 2670 1644 2721 laudabili
1695 2678 1826 2722 esset
1873 2672 2133 2738 diligentia,

161 2742 340 2791 Graeca
385 2740 531 2791 variis
578 2740 701 2791 locis
746 2746 970 2805 excerpta
1022 2755 1120 2789 non
1167 2739 1332 2806 utique
1383 2740 1720 2805 anteposuisse
1769 2741 1942 2792 Latino
1981 2743 2131 2793 textui

159 2827 186 2859 a
222 2826 276 2860 se
308 2809 561 2872 vertendo,
607 2809 702 2860 nisi
738 2810 866 2859 t'orte
913 2808 990 2858 illa
1026 2824 1229 2873 prorsus
1267 2809 1325 2858 ad
1363 2810 1491 2858 hunc
1528 2809 1832 2875 quadrarent.
1903 2810 2130 2860 Ceterum

161 2886 215 2929 ut
263 2878 312 2930 in
357 2878 465 2929 aliis
514 2879 681 2929 multis
727 2878 793 2929 ita
829 2878 888 2928 ab
924 2878 1015 2927 hac
1049 2886 1186 2942 parte
1223 2878 1279 2927 cl.
1315 2878 1493 2943 Angeri
1530 2878 1886 2943 argumentatio
1923 2880 2133 2943 graviter

162 2947 435 2999 labefactata
480 2954 556 2998 est
586 2954 872 3015 recuperato
907 2962 1023 2996 vero
1061 2946 1330 2996 Simonidis
1360 2947 1670 3013 apographo:
1724 2947 1957 2997 nimirum
1994 2948 2132 2998 locos

162 3017 420 3084 plerosque
454 3017 637 3068 Graece
671 3017 766 3068 iam
804 3016 928 3083 apud
964 3022 1155 3065 veteres
1192 3015 1414 3066 inventos
1452 3015 1709 3066 temeraria
1747 3015 1823 3065 illa
1861 3015 2130 3066 Simonidis

164 3086 337 3137 invasit
369 3085 574 3148 licentia,
607 3086 735 3137 unde
770 3092 1026 3151 tantopere
1074 3084 1312 3150 pendebat
1357 3085 1585 3150 princeps
1635 3083 1798 3133 editio.
1868 3084 2026 3134 Instar
2075 3102 2133 3135 o-

164 3155 346 3206 mnium
396 3155 463 3206 sit
506 3155 643 3206 locus
690 3154 903 3205 Visionis
950 3155 1005 3204 ll.
1042 3153 1137 3204 iam
1181 3153 1240 3203 ab
1275 3154 1484 3218 Origene
1521 3153 1570 3202 in
1606 3152 1731 3202 libro
1768 3152 1827 3201 de
1864 3153 2136 3219 PrincipiiS,

165 3224 499 3275 tantummodo
560 3223 843 3291 fragmentis
890 3223 1178 3290 superstite,
1228 3222 1512 3288 exscriptus,
1592 3221 1660 3271 Ibi
1714 3222 1924 3271 Graecus
1975 3229 2134 3272 textus

163 3292 433 3360 Lipsiensis
479 3310 538 3344 ex
578 3309 695 3344 vero
741 3292 942 3343 haustus
978 3292 1259 3359 apographo
1306 3291 1377 3341 sic
1414 3291 1579 3341 habet:
1630 3284 1856 3355 Γράψεις
1892 3278 1993 3341 οὖν
2027 3284 2134 3342 δύο

163 3359 479 3429 βιβλιῦάρια,
514 3358 604 3414 καὶ
636 3355 851 3448 πέμψεις
880 3359 942 3414 ἓν
977 3361 1243 3428 Κλήμεντι
1279 3356 1368 3412 καὶ
1412 3358 1469 3411 ’ἐν
1518 3360 1571 3410 Γ
1565 3358 1750 3426 ραπτῇ.
1799 3353 1986 3424 πέμψει
2033 3350 2133 3411 οὖν

169 3425 387 3499 Κλήμης
433 3430 504 3492 εἷς
548 3429 642 3493 τὰς
692 3429 788 3494 εξω
835 3426 1035 3492 πόλεις·
1072 3429 1246 3500 ἐκείνῳ
1294 3424 1395 3496 γὰρ
1432 3424 1792 3494 ἐπιγέγραπται
1826 3427 2130 3494 (corruptum

169 3501 355 3551 videtur
396 3501 485 3552 levi
532 3502 802 3553 litterarum
852 3501 1207 3567 permutatione
1257 3517 1310 3549 ex
1349 3493 1749 3580 ἐπιτέτραπται)·
1823 3499 1861 3547 Ι
1865 3494 2036 3564 ’ραπτὴ
2060 3493 2134 3549 cte.

166 3565 470 3636 νουθετήσει
517 3569 612 3637 (sic
659 3571 782 3635 sere)
828 3566 922 3630 τὰς
966 3563 1132 3638 χήρας
1177 3565 1264 3619 καὶ
1309 3563 1434 3628 τοὺς
1471 3562 1752 3634 ὀρφανους.
1801 3560 1869 3617 σύ
1920 3561 1975 3618 δὲ
2010 3561 2133 3618 ἀνα-

168 3635 379 3706 γνώσεις
423 3636 495 3700 εἰς
546 3631 714 3707 αὐτὴν
762 3633 861 3707 τὴν
906 3635 1064 3692 πόλιν
1108 3634 1234 3706 peto}
1286 3638 1393 3690 τῶν
1440 3630 1802 3705 πρεσβυτέρων
1846 3635 1955 3692 τῶν
1987 3643 2134 3704 προϊ-

282 3722 436 3764 Pnns
466 3733 607 3764 nost.
1759 3721 1782 3760 (Ι
