2340 3900
191 180 322 219 XLVI
742 169 812 215 DE
849 167 1076 215 HERMAE
1113 169 1197 216 GR.
1233 168 1376 217 LlPS.
1411 170 1604 218 FONTE.

192 313 384 372 praeter
419 321 504 355 eos
540 317 742 370 quorum
779 310 852 351 est
885 302 1149 352 editionem
1183 303 1451 370 principem
1486 304 1743 366 resarcire,
1785 310 1833 354 et
1869 303 1963 370 ipsi
1990 305 2042 355 in
2063 321 2154 356 nos

194 375 547 439 susciperemus
595 371 707 437 quid
755 371 805 420 in
849 386 1016 422 caussa
1064 372 1230 434 fuerit,
1274 372 1484 423 breviter
1529 373 1783 423 dicendum
1833 379 1921 423 est.
1997 374 2154 435 Quum

193 445 320 494 enim
380 442 641 493 editionem
694 441 891 490 Patrum
949 440 1359 505 Apostolicorum,
1415 441 1474 491 ab
1531 442 1727 492 Alberto
1776 442 1993 505 Dressel,
2047 443 2152 493 viro

194 511 478 562 doctissimo
525 511 676 574 deque
727 508 877 558 sacris
913 509 1088 560 litteris
1123 509 1244 560 bene
1278 511 1456 561 merito
1474 551 1486 572 ,
1535 509 1877 575 investigandis
1911 511 2154 562 Romana-

192 596 300 630 rum
336 579 733 628 bibliothecarum
769 577 1008 628 thesauris
1043 579 1187 644 longo
1225 597 1280 630 ex
1316 586 1534 644 tempore
1568 586 1923 644 praeparatam,
1973 579 2152 630 biblio-

192 649 330 714 polae
378 646 618 712 Lipsiensi
670 647 1075 699 aestumatissimo
1112 654 1165 698 ut
1200 649 1325 714 typis
1361 648 1640 713 vulgandam
1677 649 1942 713 susciperet
1980 649 2152 699 suade-

191 718 372 778 bamuS,
408 715 571 781 paucis
607 722 717 765 ante
749 715 916 766 diebus
954 731 1093 782 quam
1129 717 1355 782 princeps
1394 717 1571 766 Graeca
1606 716 1811 767 Hermae
1848 717 1996 768 editio
2032 733 2151 783 pro—

191 786 345 846 dibat,
396 784 552 834 eidem
599 784 745 835 fidem
792 784 1010 835 dedimus
1069 785 1304 835 Graecum
1347 786 1575 835 Hermam
1622 793 1789 836 nostra
1844 802 1991 852 opera
2024 786 2150 837 libro

191 853 494 903 Dresseliano
542 853 779 904 insertum
814 853 888 904 iri.
959 854 1112 914 Quam
1148 855 1293 904 fidem
1330 871 1387 904 eo
1423 854 1648 909 libentius
1685 855 1990 918 servavimus,
2026 871 2149 922 quo-

190 923 319 994 niam
368 938 487 987 quae
537 929 585 972 et
632 922 681 972 in
728 923 882 973 tribus
925 923 1136 988 antiquis
1192 923 1319 973 foliis
1367 931 1414 973 et
1459 923 1509 971 in
1560 924 1838 988 apographo
1886 924 2152 975 Simonidis

192 991 481 1056 scripturam
534 991 717 1042 codicis
757 993 941 1058 passim
988 1007 1089 1042 non
1142 992 1258 1042 satis
1306 992 1513 1043 assecuti
1550 992 1740 1057 legendi
1777 993 2030 1044 difficultas
2064 1000 2153 1056 est,

190 1076 282 1110 nos
331 1061 579 1111 versandis
621 1061 829 1128 antiquis
877 1060 1015 1111 libris
1063 1061 1258 1111 Graecis
1294 1062 1447 1127 iisque
1483 1060 1677 1110 ineditis
1713 1060 1987 1129 assuetos⁸)
2022 1062 2152 1113 exci-

194 1129 309 1179 tavit
357 1136 412 1180 ut
459 1135 641 1179 textum
689 1131 804 1181 viris
852 1130 1009 1180 doctis
1056 1131 1356 1180 traderemus
1393 1145 1533 1196 quam
1569 1130 1850 1182 fidelissime
1886 1147 2152 1182 excussum.

191 1198 295 1248 Hoc
340 1198 583 1249 enimvero
629 1216 718 1250 nec
763 1215 851 1265 per
899 1215 979 1249 eas
1032 1205 1186 1248 textus
1230 1206 1418 1263 partes,
1464 1214 1580 1264 quas
1627 1215 1684 1249 ex
1729 1199 1850 1265 ipsis
1886 1200 2040 1251 trihus
2075 1202 2152 1251 fo-

191 1268 269 1318 liis
315 1267 524 1333 antiquis
570 1268 786 1319 adhibito
834 1269 1031 1333 insuper
1078 1267 1341 1318 Simonidis
1403 1268 1679 1333 apographo
1727 1268 1921 1320 haurire
1967 1269 2154 1332 licebat,

190 1337 369 1386 sactum
405 1353 533 1429 essi,
585 1337 800 1404 diligenti
838 1337 1092 1388 collatione
1129 1336 1346 1388 instituta
1382 1337 1503 1387 locis
1539 1337 1702 1388 multis
1736 1338 2003 1390 luculenter
2034 1354 2153 1405 pro-

191 1405 358 1456 batum
398 1414 484 1456 est.
513 1405 535 1472 )
1767 1414 1769 1417 '

245 1601 400 1654 βλέπω
448 1596 642 1643 ἑδώλιον
693 1600 909 1658 κείμενον
959 1595 1301 1658 ἐλεφάντινον,1
1373 1599 1529 1655 βλέπω
1594 1599 1883 1658 συμψέλλιον
1939 1601 2155 1660 κείμενον

193 1671 271 1713 καὶ
312 1669 391 1712 ἐπὶ
429 1673 512 1713 τοῦ
560 1669 753 1712 ἑδωλίου
793 1668 1173 1728 προσκεφάλαιον
1213 1672 1282 1712 λι-
1317 1666 1646 1727 ἐλεφάντινον,
1679 1669 1758 1711 καὶ
1787 1668 1867 1712 ἐπὶ
1911 1673 1994 1715 τοῦ
2037 1683 2154 1730 συμ-

192 1743 332 1794 νοῦν,
366 1740 444 1782 καὶ
473 1737 632 1784 ἐπάνω
663 1738 811 1782 ἔκειτο
835 1740 1162 1799 ἔξηπλωμένον
1183 1743 1282 1784 λευ-
1312 1741 1506 1796 ψελλίου
1545 1739 1693 1783 ἔκειτο
1746 1739 2041 1801 κερβικάριον
2083 1742 2155 1784 λι·-

190 1809 274 1855 κὸν
304 1807 562 1870 κάρπασον.
621 1810 696 1852 Ed.
731 1823 793 1863 pr.
822 1824 913 1864 pag.
948 1812 1013 1853 10.
1310 1813 1435 1862 νοῦν,
1458 1810 1535 1853 καὶ
1560 1805 1720 1853 ἐπάνω
1744 1811 1925 1854 λεντίου
1945 1810 2156 1867 ἓξηπλω-

1309 1881 1454 1938 μένον
1483 1881 1612 1924 λίνον
1638 1877 1918 1936 καρπάσιον.
1966 1881 2027 1925 Cl'.
2050 1882 2154 1923 infra
2232 1917 2239 1924 .

1309 1951 1389 1991 Vis.
1418 1950 1483 2001 111,
1516 1951 1552 1993 1.

305 2036 352 2088 3)
382 2037 432 2076 Ut
460 2042 755 2088 praetereamus
788 2034 972 2075 codicum
993 2035 1093 2075 Novi
1123 2041 1162 2075 et
1183 2033 1335 2075 Veteris
1359 2034 1602 2074 Testamenti
1630 2034 1996 2088 antiquissimorum
2027 2042 2155 2077 textus

192 2092 458 2134 voluminibus
488 2104 630 2132 novem
662 2105 683 2132 a
723 2091 839 2131 nobis
872 2092 1027 2141 editos,
1068 2092 1108 2131 in
1139 2091 1245 2132 Actia
1273 2091 1369 2142 App.
1403 2091 1633 2143 apocryphis
1677 2091 1824 2143 (1851)
1862 2097 1902 2132 et
1933 2092 2156 2144 Evanyeliis

193 2150 423 2201 apocryphis
454 2148 604 2202 (1853)
638 2148 799 2188 libellos
841 2154 931 2188 ante
974 2147 1147 2188 ineditos
1190 2148 1299 2187 foras
1343 2146 1525 2186 dedimus
1567 2147 1899 2199 quattuordecim.
1953 2148 2158 2189 Accedunt

192 2206 309 2256 plura
343 2217 443 2257 quae
474 2205 576 2244 libro
610 2211 750 2244 nostro
781 2203 1063 2245 Anecdotorum
1096 2217 1297 2244 sacrorum
1325 2208 1362 2243 et
1402 2205 1660 2254 profanorum
1702 2203 1850 2256 (1855)
1889 2203 2156 2255 continentur,

193 2262 287 2301 item
326 2273 426 2312 quae
468 2261 519 2300 ad
558 2261 732 2301 edendas
775 2261 1033 2313 Apocalypses
1073 2261 1308 2312 apocryphas
1351 2259 1697 2311 praeparavimus,
1741 2260 1835 2300 item
1877 2259 2034 2300 scholia
2064 2260 2156 2300 libri

195 2316 428 2368 sexagesimi
457 2317 720 2356 Basilicorum
758 2316 938 2356 ducentis
979 2317 1063 2356 sere
1108 2317 1216 2356 soliis
1251 2329 1273 2356 a
1310 2315 1428 2355 nobis
1458 2328 1479 2355 e
1525 2315 1763 2355 difficillimo
1796 2315 1936 2355 codice
1965 2329 2001 2357 a.
2034 2317 2155 2358 1841.

199 2372 398 2424 descripta
433 2379 472 2412 et
500 2374 548 2412 ab
579 2372 640 2415 lll.
673 2372 715 2412 C.
747 2371 819 2414 Gu.
849 2373 942 2412 Ern.
973 2373 1191 2412 Heimbach
1222 2386 1256 2412 a.
1291 2372 1411 2414 1850.
1444 2371 1595 2423 publici
1621 2371 1719 2412 iuris
1750 2372 1867 2423 sacta,
1896 2371 1991 2412 item
2021 2371 2113 2413 alia.

307 2457 352 2508 4)
382 2456 568 2508 Plerique
601 2455 799 2495 eiusmodi
831 2468 988 2496 errores
1022 2456 1210 2496 editionis
1238 2455 1434 2508 principis
1462 2467 1603 2507 parum
1628 2455 1833 2495 intellecto
1865 2455 2030 2508 antiquo
2050 2456 2154 2497 scri-

196 2513 316 2553 bendi
343 2513 465 2552 modo
497 2512 574 2552 orti
605 2518 708 2551 sunt.
766 2512 948 2552 Potiores
980 2513 1062 2552 fere
1094 2512 1132 2551 hi
1165 2519 1268 2553 sunt.
1328 2512 1401 2552 Ed.
1434 2524 1496 2563 pr.
1533 2523 1623 2563 pag.
1647 2512 1713 2552 52.
1744 2511 1864 2551 habet
1886 2508 2153 2569 ἁμαρτίαις,

194 2570 282 2622 ipse
316 2569 441 2610 codex
470 2567 720 2623 ἁμαρτίαςε
758 2580 848 2620 pag.
881 2569 946 2610 53.
980 2569 1104 2608 codex
1133 2569 1278 2609 dicitur
1306 2563 1570 2624 ἡτοιμάζων
1596 2567 1767 2617 habere,
1796 2567 1869 2607 sed
1911 2580 2050 2608 revera
2079 2568 2154 2608 ha-

195 2626 264 2665 bet
293 2620 549 2681 ἑτοιμάζων
578 2623 715 2674 (simili
738 2624 859 2664 modo
882 2637 902 2664 ε
922 2636 1042 2676 saepe
1070 2625 1110 2664 in
1141 2625 1231 2665 cod.
1260 2625 1453 2676 scriptum
1484 2625 1583 2675 est):
1627 2636 1718 2675 pag.
1744 2625 1811 2665 54.
1842 2623 1904 2663 ed.
1927 2636 1990 2676 pr.
2011 2622 2156 2678 ἀγαλ-

195 2681 423 2739 λιώμενος
449 2680 508 2734 (in
537 2679 779 2731 appendice:
817 2677 1105 2736 -wpce‘voeg?),
1140 2681 1229 2722 cod.
1265 2680 1425 2720 omnino
1471 2680 1591 2720 habet
1629 2678 1988 2747 dyoekhwpte‘vwc
2025 2686 2155 2720 extre-

195 2737 269 2777 mis
322 2737 466 2776 litteris
512 2735 750 2787 compendio
804 2736 1021 2787 expressis:
1081 2737 1229 2776 ibidem
1289 2737 1351 2776 ed.
1402 2748 1464 2788 pr.
1505 2737 1570 2790 τῷ
1614 2748 1668 2778 νο
1712 2748 1746 2790 ῳ
1785 2741 1824 2775 et
1854 2748 1875 2775 e
1924 2735 2153 2776 coniectura

198 2792 280 2836 τὸν
314 2788 482 2849 νόμον,
528 2798 567 2832 at
609 2792 650 2831 in
690 2791 779 2843 ipso
828 2792 917 2831 cod.
962 2804 1006 2831 ex
1036 2793 1100 2846 τῷ
1131 2789 1262 2848 νόμῳ
1292 2799 1515 2833 correctum
1547 2798 1608 2832 est
1637 2750 1720 2834 τέλν
1751 2787 1920 2846 νόμονε
1962 2803 2054 2843 pag.
2085 2793 2152 2833 56.

198 2850 260 2889 ed.
288 2862 349 2901 pr.
380 2848 491 2901 (καὶ)
526 2846 811 2902 εὐχαριστεῖ,
848 2847 936 2887 cod.
968 2845 1279 2904 εὐχαριστῶνε
1327 2849 1475 2888 ibidem
1509 2848 1571 2888 ed.
1608 2860 1669 2900 pr.
1712 2849 1860 2889 συνίει
1890 2847 2000 2899 (cod.
2041 2859 2152 2889 συν-

194 2904 305 2958 ῆει);
353 2911 392 2945 at
434 2905 522 2956 ipse
563 2904 653 2943 cod.
700 2905 894 2955 συνῆκεν
934 2903 1075 2943 habet:
1130 2904 1278 2944 ibidem
1320 2911 1420 2944 teste
1464 2904 1526 2944 ed.
1564 2916 1626 2956 pr.
1657 2904 1747 2944 cod.
1778 2903 1898 2943 habet
1927 2897 2153 2952 συιόντες,

198 2961 307 3013 quod
336 2973 409 3013 per
439 2972 616 3000 errorem
646 2972 721 3011 pro
754 2957 993 3005 συνιόντες
1023 2959 1127 3010 typis
1170 2960 1409 3011 exscriptum
1438 2960 1614 3011 videtur;
1659 2960 1746 3011 ipse
1790 2959 1880 2999 cod.
1915 2971 2010 2999 vero
2042 2968 2153 3002 συν-

198 3018 346 3063 ιέντες
391 3022 543 3057 tuetur:
584 3028 674 3067 pag.
716 3016 782 3056 59.
825 3014 887 3054 ed.
918 3027 979 3066 pr.
1013 3012 1194 3070 ἀγροὺς,
1226 3016 1315 3055 cod.
1345 3014 1512 3072 ἀγρὸνε
1554 3028 1645 3067 pag.
1685 3017 1751 3056 60.
1794 3015 1855 3055 ed.
1893 3027 1954 3067 pr.
1990 3025 2154 3057 συνευ-

200 3069 415 3125 δόκησεν,
448 3072 540 3113 cod.
573 3066 935 3124 συνηυδόκησενῑ
977 3083 1066 3122 pag.
1099 3072 1166 3112 61.
1197 3071 1259 3111 ed.
1291 3083 1353 3123 pr.
1384 3069 1480 3123 τὰς,
1512 3072 1584 3111 sed
1606 3071 1731 3111 codex
1761 3069 1872 3118 σὰς.·
1910 3071 2059 3111 ibidem
2090 3071 2153 3111 ed.

196 3141 259 3181 pr.
290 3128 340 3171 ἐκ
369 3126 461 3182 (δὲ)
487 3129 604 3177 τῶν,
637 3128 726 3167 cod.
756 3127 833 3168 καὶ
863 3124 912 3168 ἐκ
943 3128 1055 3168 τῶνε
1105 3139 1194 3178 pag.
1226 3127 1292 3167 63.
1324 3127 1388 3167 ed.
1415 3139 1477 3179 pr.
1506 3122 1673 3179 ἤκουον
1703 3125 1868 3177 αὐτὰς,
1896 3126 1992 3166 item
2023 3121 2154 3168 σύνιε

200 3183 367 3236 αὐτὰς,
409 3184 498 3225 cod.
546 3197 640 3224 vcro
683 3178 848 3235 ἤκουον
888 3179 1007 3224 αὐτὰ
1046 3189 1086 3222 et
1127 3179 1256 3223 σύνιε
1298 3179 1440 3223 αὐτὰς
1476 3195 1566 3234 pag.
1598 3184 1664 3224 65.
1696 3183 1759 3222 ed.
1786 3194 1848 3234 pr.
1880 3177 2152 3235 ἀποβάλετε,

199 3242 289 3282 cod.
321 3236 626 3294 ἀποβάλλετεε
663 3252 753 3292 pag.
789 3240 856 3280 67.
890 3239 952 3279 ed.
982 3251 1044 3291 pr.
1074 3236 1284 3292 ἔβαλλεν,
1316 3238 1405 3278 cod.
1435 3235 1615 3290 ἕβαλενε
1657 3250 1747 3289 pag.
1777 3239 1843 3278 70.
1883 3237 1945 3279 ed.
1982 3249 2047 3289 pr.
2076 3249 2153 3278 κε·-

198 3292 379 3344 λεὺσεις
415 3303 453 3338 et
496 3309 540 3336 ex
581 3295 856 3336 emendatione
899 3289 1142 3350 κελεύσῃς,
1183 3294 1273 3334 cod.
1321 3293 1480 3333 omnino
1528 3291 1768 3350 κελεύσῃς.·
1810 3292 1959 3333 ibidem
1998 3293 2061 3334 ed.
2090 3305 2151 3344 pr.

199 3353 466 3406 θλίβονται,
498 3352 588 3392 cod.
618 3349 943 3404 θλιβήσονται.·
987 3362 1076 3401 pag.
1107 3350 1174 3390 71.
1209 3350 1270 3389 ed.
1303 3361 1363 3400 pr.
1394 3347 1527 3390 δοκεῖ
1558 3355 1597 3389 et
1625 3362 1646 3390 e
1679 3349 1907 3389 coniectura
1937 3346 2016 3390 δεῖ
2021 3381 2033 3400 ,
2063 3348 2150 3400 ipse

201 3421 295 3448 vero
331 3410 418 3449 cod.
455 3406 548 3449 δεῖς
590 3408 653 3448 ed.
683 3420 744 3459 pr.
775 3403 1040 3456 ἐπεδίδουν,
1070 3405 1159 3446 cod.
1189 3402 1498 3446 ἐπεδίδοσαντ
1537 3417 1628 3456 pag.
1648 3406 1716 3444 75.
1751 3404 1812 3444 ed.
1842 3416 1904 3456 pr.
1933 3405 2151 3460 καρποὺς,

204 3465 292 3505 cod.
325 3463 528 3521 καρπὸνε
568 3464 716 3503 ibidem
747 3464 809 3505 ed.
839 3476 900 3515 pr.
934 3462 1204 3518 περίζωσον,
1228 3460 1317 3500 cod.
1340 3461 1614 3518 περίζωσαιε
1650 3472 1740 3511 pag.
1763 3460 1829 3501 98.
1857 3460 1919 3500 ed.
1952 3473 2013 3512 pr.
2045 3473 2152 3500 ποι-

203 3520 354 3570 κίλαι,
386 3521 476 3562 cod.
510 3519 722 3561 ποικίλας
769 3531 858 3571 pag.
889 3519 955 3560 99.
986 3517 1048 3558 ed.
1077 3530 1138 3569 pr.
1169 3515 1253 3558 τὸν
1280 3513 1409 3565 θεὸν,
1441 3513 1702 3568 οοᾶ.,θεόν.·
1752 3516 1844 3556 101.
1876 3516 1938 3556 ed.
1967 3528 2031 3567 pr.
2061 3513 2153 3569 (τὸ)

200 3570 282 3624 ὄν.,
313 3576 385 3616 sed
412 3576 499 3627 ipse
531 3575 620 3615 cod.
654 3573 706 3616 τὸ
727 3571 820 3617 du:
859 3587 950 3627 pag.
974 3573 1066 3615 105.
1097 3573 1159 3625 ed.
1189 3585 1251 3624 pr.
1281 3567 1592 3623 δεκάτου(οὑ),
1625 3571 1698 3611 sed
1726 3571 1814 3623 ipse
1843 3572 1933 3611 cod.
1955 3567 2154 3614 δεκάτου

203 3631 359 3684 (ultima
401 3633 555 3684 syllaba
587 3631 826 3684 compendio
860 3629 1065 3684 expressa)
1095 3627 1171 3671 01‘1:
1202 3629 1295 3669 item
1324 3640 1415 3681 pag.
1449 3627 1540 3669 107.
1559 3627 1622 3668 ed.
1636 3639 1700 3680 pr.
1731 3623 2001 3670 δωδεκάτου
2028 3625 2150 3681 (τοῦ)
