2340 3900
207 156 305 206 616
932 152 1163 200 HERMAE
1200 152 1428 200 PASTOR.
1484 165 1486 167 ·

208 288 329 356 λέγει
371 285 435 337 Τὸ
474 285 672 352 δένδρον
707 289 848 335 τοῦτο
886 283 983 334 ἰτέα
1020 283 1117 334 ἐστὶ
1151 282 1234 334 καὶ
1270 280 1507 348 φιλόζωον
1541 280 1595 336 τὸ
1632 282 1798 365 γένος·
1838 277 1923 332 ἐὰν
1955 275 2045 333 οὖν
2072 303 2161 346 φυ-

214 360 422 407 τευθῶσι
468 355 552 405 καὶ
579 350 775 442 μικράν
826 350 1004 418 ἰκμάδα
1037 349 1343 418 λαμβάνωσιν
1380 354 1434 404 αἱ
1465 350 1665 419 ῥάβδοι,
1726 348 1948 416 ζήσονται
1995 352 2166 402 πολλαὶ

214 426 262 484 ἐξ
319 421 504 474 αὐτῶν·
554 418 653 473 εἶτα
689 420 740 471 δὲ
809 419 1118 506 πειράσωμεν
1162 421 1245 471 καὶ
1276 419 1411 506 ύδωρ
1449 420 1620 482 αὐταῖς
1654 419 1932 506 παραχέειν·
1969 418 2058 471 ἐάν
2091 440 2163 481 τις

216 489 376 541 αὐτῶν
411 492 622 578 δυνηθῇ
646 493 796 555 ζῆσαι,
836 486 1208 576 συγχαρησομαι
1232 486 1421 550 αὐταῖς·
1459 487 1545 542 ἐὰν
1581 489 1632 540 66
1669 486 1734 555 μὴ
1761 487 1892 575 ζήσῃ,
1928 485 2016 554 οὐχ
2029 485 2168 573 εὗρε-

217 557 436 625 θήσομαι
471 557 562 643 ἐγὼ
598 556 786 628 ἀμελης.
851 555 1103 609 Ἐκέλευσε
1156 556 1208 608 δέ
1257 579 1339 624 μοι
1373 555 1401 610 6
1448 554 1634 625 ποιμὴν
1668 539 1863 609 καλέσαι
1898 555 2068 617 καθως
2099 578 2170 618 τις

218 626 378 679 αὐτῶν
414 626 613 715 ἐστάθη
677 629 872 678 Ἦλθον
917 625 1128 714 τάγματα
1163 623 1405 713 τάγματα,
1439 628 1522 679 καὶ
1556 628 1811 678 ἐπεδίδουν
1840 622 1926 686 τὰς
1939 624 2172 711 ῥάβδους

218 702 284 766 τῷ
303 696 522 780 ποιμένι.
564 693 856 783 Ἐλάμβανε
906 695 957 747 δὲ
1005 693 1033 746 6
1052 693 1260 780 ποιμὴν
1305 693 1390 757 τὰς
1426 693 1671 781 ῥάβδους,
1724 695 1807 745 καὶ
1840 690 1962 746 κατὰ
1995 693 2170 782 τάγμα3

221 749 482 829 ἐφύτευσεν
519 762 693 828 αὐτάς,
739 764 821 815 καὶ
870 762 985 828 μετὰ
1020 762 1073 815 τὸ
1107 770 1343 830 φυτεῦσαι
1392 762 1523 850 ὕδωρ
1571 761 1740 824 αὐταῖς
1769 760 1892 815 πολυ
1917 763 2171 850 παρέχεεν,

223 833 345 885 ὥστε
382 830 476 885 ἀπὸ
513 836 602 886 τοῦ
636 833 812 894 ύδατος
848 853 913 898 μη
951 835 1218 897 φαίνεσθαι
1251 831 1337 895 τὰς
1373 831 1602 919 ῥάβδους.
1675 832 1774 882 Καὶ
1822 830 1936 918 μετὰ
1982 830 2035 884 τό
2084 852 2170 884 πο-

222 904 350 953 τίσαι
386 900 535 955 αὐτὸν
570 899 656 963 τὰς
691 899 917 986 ῥάβδους,
955 901 1076 970 λέγει
1106 922 1221 990 μοι.
1235 902 1306 955 ..⁴
1341 902 1423 953 καὶ
1459 898 1561 985 μετ’
1616 898 1780 985 ὀλίγας
1817 897 2016 985 ἡμέρας
2056 901 2174 953 ἐπα-

225 972 474 1037 νέλθωμεν
509 971 590 1023 καὶ
644 968 1024 1037 ἐπισκεψώμεθα
1068 971 1153 1033 τὰς
1202 968 1427 1056 ῥάβδους
1469 967 1654 1029 πάσας·
1703 965 1732 1018 6
1776 966 1866 1035 γὰρ
1909 970 2074 1029 κτίσας
2119 967 2174 1021 τὸ

225 1040 424 1107 δένδρον
459 1045 599 1092 τοῦτο
635 1040 768 1091 θέλει
802 1038 986 1100 πάντας
1022 1045 1108 1105 ζῆν
1136 1037 1248 1099 τοὺς
1283 1036 1522 1104 λαβόντας
1559 1037 1612 1088 ἐκ
1646 1041 1734 1088 τοῦ
1763 1035 1966 1103 δένδρου
2001 1035 2175 1089 τούτου

222 1108 445 1169 κλάδους.
508 1107 713 1171 Ἐλπίζω
757 1107 810 1160 66
858 1106 1022 1194 κάγὼ
1037 1109 1111 1160 ὅτι
1145 1105 1352 1173 λαβόντα
1386 1105 1444 1157 τά
1481 1107 1658 1193 ῥαβδία
1692 1109 1843 1157 ταῦτα
1879 1103 2058 1173 ἰκμάδα
2091 1127 2174 1158 και

222 1177 512 1229 ποτισθέντα
548 1177 688 1229 ὕδατι
723 1175 945 1244 ζήσονται
977 1175 1030 1229 τὸ
1066 1183 1287 1229 πλεῖστον
1320 1175 1464 1243 μέρος
1500 1174 1672 1227 αὐτῶν.

369 1308 441 1353 ΙΙΙ.
513 1301 655 1386 Λέγω
692 1299 823 1388 αὐτῷ
843 1299 1029 1387 Κύριε,
1057 1297 1109 1352 τὸ
1151 1298 1353 1381 δένδρον
1387 1304 1529 1351 τοῦτο
1564 1295 1805 1386 γνώρισόν
1837 1318 1926 1384 μοι
1955 1299 2046 1350 τί’
2025 1315 2170 1350 εστιν·

224 1367 499 1455 ἀποροῦμαι
533 1368 621 1438 γὰρ
657 1370 766 1457 περὶ
798 1368 963 1433 αὐτοῦ,
1001 1368 1074 1422 ’ὅτι
1110 1366 1351 1421 τοσούτων
1386 1365 1578 1421 κλάδων
1613 1367 1858 1420 κοπέντων
1893 1364 2026 1453 ὖγιές
2076 1368 2174 1419 ἐστι

225 1436 278 1489 τὸ
321 1438 521 1507 δένδρον
556 1439 637 1490 καὶ
672 1438 815 1490 οὐδὲν
852 1441 1075 1503 φαίνεται
1109 1437 1402 1504 κεκομμένον
1439 1435 1524 1489 ἀπ’
1583 1435 1762 1489 αὐτοῦ·
1813 1437 1865 1488 ἐν
1897 1433 2051 1507 τούτῳ
2085 1430 2177 1489 οὖν

226 1505 517 1591 ἀποροῦμαι
573 1505 773 1567 ’Ἀκουε,
813 1510 958 1573 φησί·
994 1506 1048 1558 τὸ
1068 1508 1286 1592 δένδρον
1321 1512 1461 1558 τοῦτο
1497 1503 1552 1558 τὸ
1589 1506 1709 1592 μέγα
1743 1504 1797 1557 τὸ
1835 1492 2069 1568 σκεπάζον
2095 1526 2174 1558 πε-

229 1576 310 1626 δία
347 1577 429 1627 καὶ
467 1574 556 1643 ὅρη
593 1597 675 1627 και
710 1581 872 1627 πᾶσαν
907 1574 994 1660 τὴν
1029 1581 1122 1644 γῆν
1157 1576 1308 1641 νόμος
1342 1581 1467 1627 θεοῦ
1504 1576 1633 1627 ἐστὶν
1670 1572 1699 1626 6
1734 1574 1905 1636 δοθεὶς
1950 1576 2019 1636 εἰς
2062 1573 2176 1627 ὅλον

227 1641 313 1695 τὸν
348 1643 553 1739 κόσμον·
593 1642 622 1695 6
658 1643 709 1695 66
745 1645 892 1710 νόμος
927 1641 1067 1705 οὗτος
1102 1642 1210 1705 υἱὸς
1245 1649 1371 1695 θεοῦ
1407 1644 1504 1695 ἐστὶ
1536 1644 1800 1731 κηρυχθεὶς
1827 1645 1898 1705 εἰς
1917 1641 1977 1694 τὰ
1995 1644 2177 1730 πέρατα

227 1717 314 1778 τῆς
349 1719 467 1781 γῆς·
515 1713 566 1764 οἵ
599 1712 650 1763 66
685 1711 780 1764 ὑπὸ
817 1711 905 1779 τὴν
942 1714 1121 1777 σκέπην
1156 1713 1264 1764 λαοὶ
1307 1709 1442 1774 ὅντες
1493 1714 1544 1764 οἱ
1575 1710 1868 1773 ἀκούσαντες
1906 1716 1994 1764 τοῦ
2030 1710 2177 1781 κηρύ-

228 1802 405 1867 γματος
439 1782 520 1832 καὶ
555 1778 890 1841 πιστεύσαντες
926 1783 993 1842 εἰς
1029 1778 1203 1832 αὐτόν
1241 1780 1270 1832 6
1306 1781 1358 1831 66
1393 1780 1590 1849 άγγελος
1627 1779 1657 1833 6
1693 1781 1838 1850 μέγας
1870 1782 1953 1832 και
1984 1781 2177 1868 ἔνδοξος

231 1848 434 1931 Μιχαὴλ
471 1847 500 1900 6
536 1849 653 1914 ε’χων
687 1846 774 1934 τὴν
809 1850 1031 1910 ἐξουσίαν
1066 1847 1240 1901 τούτου
1273 1854 1360 1900 τοῦ
1391 1856 1512 1901 λαοῦ
1534 1850 1617 1901 καὶ
1641 1851 1997 1916 διακυβερνῶν·
2034 1844 2175 1912 οὗτος

226 1913 318 1984 γάρ
356 1919 481 1968 ἐστιν
516 1915 544 1968 6
580 1914 746 1977 διδοὺς
794 1915 960 1979 αὐτοῖς
1006 1915 1091 1969 τὸν
1141 1914 1293 1984 νόμον
1341 1918 1408 1980 εἰς
1442 1916 1541 2004 τὰς,
1541 1920 1764 2003 καρδίας
1801 1923 1896 1969 τῶν
1930 1917 2174 1972 πιστευόν-

226 2006 335 2037 των.
401 1983 764 2037 Ἐπισκέπτεται
800 1989 889 2038 οὐν
925 1985 1071 2048 αὐτὸς
1107 1983 1182 2047 οἷς
1233 1986 1411 2039 ἔδωκεν
1444 1985 1541 2039 εἶ’
1523 1985 1618 2056 άρα
1637 1984 1966 2073 τετηρήκασιν
2011 1987 2176 2041 αὐτόν.

229 2053 427 2116 Βλέπεις
463 2054 515 2106 66
550 2053 657 2116 6v69
692 2055 894 2108 ἑκάστου
929 2053 1016 2116 τὰς
1053 2054 1291 2123 ῥάβδους·
1350 2057 1406 2107 αἱ
1446 2054 1536 2126 γὰρ
1565 2053 1762 2139 ῥάβδοι
1817 2053 1846 2108 6
1881 2055 2030 2143 νόμος
2065 2058 2176 2110 ἐστί.

229 2123 431 2184 Βλέπεις
469 2125 558 2176 οὐν
612 2122 790 2186 πολλὰς
838 2122 1051 2213 ῥάβδους
1084 2123 1431 2213 ἠχρειωμένας,
1470 2141 1641 2214 γνωσῃ
1677 2125 1730 2178 66
1765 2123 1945 2187 αὐτοὺς
1978 2125 2176 2192 πάντας,

228 2189 343 2252 τοὺς
379 2190 464 2279 μὴ
478 2191 776 2278 τηρήσαντας
809 2194 894 2246 τὸν
929 2192 1104 2259 νόμον,
1139 2194 1223 2246 καὶ
1258 2190 1374 2257 ὄψει
1409 2193 1518 2256 6v69
1551 2194 1758 2247 ἑκάστου
1793 2215 1883 2261 την
1912 2198 2174 2252 κατοικίαν.

227 2260 370 2329 Λέγω
407 2259 538 2331 αὐτῷ
575 2260 751 2329 Κύριε,
805 2261 886 2314 διὰ
920 2265 965 2314 τί
1001 2261 1088 2324 069
1123 2262 1208 2329 μὲν
1241 2260 1478 2315 ἀπέλυσεν
1514 2266 1584 2325 εἰς
1615 2262 1700 2316 τὸν
1735 2262 1948 2353 πύργον,
2002 2264 2090 2326 069
2125 2265 2178 2318 66

228 2330 305 2380 σοὶ
339 2314 650 2395 κατέλειψεν·
636 2372 650 2395 ,
708 2331 868 2396 ““Ὀσοι,
905 2334 1051 2398 φησί,
1107 2331 1417 2419 παρέβησαν
1435 2331 1521 2384 τὸν
1572 2332 1721 2399 νόμον
1757 2331 1816 2385 ὃν
1850 2333 2022 2400 ἔλαβον
2051 2332 2171 2400 παρ’

228 2395 400 2460 αὐτοῦ,
438 2401 506 2459 εἰς
540 2397 627 2464 τὴν
663 2398 783 2466 ἐμὴν
819 2402 1040 2463 ἐξουσίαν
1074 2401 1322 2452 κατέλιπεν
1359 2399 1538 2463 αὐτοὺς
1573 2404 1641 2463 εἰς
1676 2400 1955 2489 μετάνοιαν·
1993 2401 2102 2454 όσοι
2123 2403 2176 2456 δὲ

226 2463 322 2531 ήδη
366 2464 685 2555 εὐηρέστησα,ν
726 2475 793 2553 τῷ
844 2468 976 2539 νόμω
1024 2471 1105 2520 καὶ
1150 2467 1466 2557 τετηρήκασιν
1514 2470 1686 2532 αὐτόν,
1745 2469 1844 2523 ὑπὸ
1903 2469 1990 2537 τὴν
2044 2474 2174 2524 ἰδίαν

228 2533 500 2595 ἐξουσίαν’
481 2535 575 2620 ε’χει
606 2533 797 2596 αὐτούς.
876 2540 1014 2597 Τίνες
1049 2558 1154 2605 ovv,
1193 2540 1336 2623 φημί,
1373 2538 1524 2606 κύριε,
1562 2541 1681 2591 εἰσιν
1718 2541 1768 2590 οἱ
1793 2540 2173 2624 ἐστεφανωμένοι

227 2603 309 2652 καὶ
345 2603 412 2663 είς
446 2600 531 2654 τὸν
565 2602 751 2670 πύργον
785 2602 1076 2691 ὑπάγοντες,
1144 2582 1304 2655 Οὗτοί
1351 2608 1471 2657 εἰσιν
1520 2609 1570 2658 οἱ
1614 2607 1734 2674 ὑπὲρ
1770 2613 1858 2658 τοῦ
1893 2607 2048 2692 νόμου
2083 2630 2172 2661 πα-

228 2668 426 2731 θόντες
475 2672 526 2722 οἷ
558 2671 674 2723 66‘'
646 2692 795 2754 ετεροι
831 2695 910 2725 και
943 2671 1082 2724 αὐτοὶ
1113 2671 1302 2759 χλωρὰς
1335 2671 1419 2734 τὰς
1454 2673 1669 2741 ῥάβδους
1714 2673 2055 2738 ἐπιδεδωκότες
2091 2679 2174 2730 καὶ

175 2805 178 2808 Δ
228 2737 554 2806 παραφυάδας
589 2738 798 2806 ἐχούσας,
836 2740 1039 2830 καρπὸν1
1078 2740 1130 2792 δὲ
1164 2739 1230 2807 μὴ
1267 2740 1479 2807 ἐχούσας,
1517 2745 1569 2795 οἱ
1594 2742 1716 2829 υπὲρ
1751 2749 1837 2796 τοῦ
1873 2743 2028 2811 νόμου
2064 2754 2172 2798 θλι-

226 2807 407 2872 βέντες,
454 2807 519 2874 μὴ
554 2810 799 2871 παθόντες
847 2810 899 2862 66
944 2810 1065 2877 μηδὲ
1100 2808 1423 2876 ἀρνησάμενοι
1468 2810 1554 2863 τὸν
1594 2811 1744 2879 νόμον
1787 2811 1971 2864 αὐτῶν·
2026 2816 2078 2866 οἷ
2122 2815 2175 2867 66

226 2874 408 2943 χλωρὰς
441 2876 780 2939 ἐπιδεδωκότες
815 2880 923 2940 οἵας
953 2880 1147 2964 ἔλαβον,
1179 2880 1343 2945 σεμνοὶ
1377 2881 1460 2931 καὶ
1507 2883 1688 2934 δίκαιοι
1734 2882 1815 2933 καὶ
1860 2884 1969 2934 λίαν
2003 2904 2175 2972 πορευ-

225 2944 394 3006 θέντες
429 2946 481 2997 ἐν
515 2953 734 3033 καθαρᾷ
759 2950 935 3018 καρδία
982 2948 1066 3000 καὶ
1099 2945 1184 3008 τὰς
1230 2946 1423 3009 ἐντολάς
1469 2952 1641 3034 κυρίου
1685 2948 2026 3015 πεφυλακότες.
2105 2952 2177 3005 Τὰ

228 3012 278 3064 66
315 3011 459 3066 λοιπὰ
491 3012 668 3086 γνώση,
706 3015 823 3068 όταν
856 3016 1140 3083 κατανοήσω
1176 3014 1260 3077 τὰς
1305 3015 1519 3084 ῥάβδους
1552 3017 1728 3080 ταύτας
1762 3017 1849 3080 τὰς
1881 3023 2174 3089 πεφυτευμέ·

227 3102 316 3143 νας
349 3083 432 3134 καὶ
464 3085 825 3150 πεποτισμένας.

363 3204 433 3249 1V.
509 3201 607 3250 Καὶ
642 3198 757 3265 μετὰ
775 3198 972 3287 ἡμέρας
1008 3198 1172 3270 ὀλίγας
1206 3199 1427 3268 ἤλθομεν
1463 3203 1531 3264 εἰς
1565 3200 1649 3256 τὸν
1683 3202 1859 3256 τόπον·
1897 3225 1979 3256 και
2005 3203 2172 3258 ἐκάθι-

225 3281 305 3316 σεν
342 3264 372 3317 6
406 3263 589 3333 ποιμὴν
626 3270 694 3329 εἰς
741 3267 826 3321 τὸν
870 3269 1021 3322 τόπον
1067 3275 1153 3322 τοῦ
1203 3269 1427 3339 ἀγγέλου,
1475 3270 1607 3340 κάγω
1653 3269 1966 3340 παρεστάθην
2022 3272 2170 3346 αὐτῷ.

309 3460 353 3512 3)
375 3458 572 3525 scimea:
605 3463 662 3502 sic
695 3464 845 3513 codex,
891 3477 970 3503 non
1011 3463 1072 3516 (ut
1103 3466 1165 3505 ed.
1312 3465 1511 3515 Cap.111.
1574 3465 1613 3514 1)
1656 3463 1840 3532 καρπὸν
1881 3466 1920 3505 in
1963 3468 2052 3508 cod.
2097 3474 2168 3519 est,

220 3513 738 3620 pr.)4r)a{2[,lc{gcuzsa.nonnihss
772 3573 882 3614 deest
1244 3533 1322 3559 non
1355 3519 1414 3571 (Ut
1443 3520 1504 3559 ed.
1535 3520 1613 3571 pr)
1644 3518 1861 3572 καρποὺς
