2340 3900
131 177 232 226 400
507 176 837 225 MARTYRIUM
877 176 922 222 S.
959 154 1286 224 POLYCA'RPI.
1331 179 1422 226 XII.
1454 179 1569 226 xm.
1603 179 1712 227 XIV.

128 329 291 379 γοντες
324 305 542 393 ἐπεβόων
579 308 661 359 καὶ
693 304 894 396 ἠρώτων
927 305 1015 359 τὸν
1042 305 1323 376 Ἀσιοῖρχην3
1361 312 1608 363 Φίλιππον
1627 352 1641 374 ,
1689 311 1772 362 ινα
1782 309 1987 397 ἕπαφῃ
2022 315 2118 383 τῷ“

132 375 447 473 Πολυκάρπῳ
479 377 660 428 λέοντα.
730 376 788 428 Ὁ
824 376 876 428 δὲ
916 379 1159 439 Φίλιππος
1194 379 1306 447 εφη,
1319 378 1407 466 μὴ
1429 402 1450 433 ε
1454 378 1554 433 ἶναι
1590 379 1700 443 ἐξὸν
1736 377 1886 467 αὐτῷ,
1923 363 2090 448 ἐπειδὴ

127 447 447 534 πεπληρώκει4
482 444 540 498 τὰ
576 446 853 514 κυνηγέσια.
933 446 1053 499 Τότε
1077 449 1239 510 ἔδοξεν
1273 447 1440 512 αὐτοῖς
1464 447 1791 538 ὁμοθυμαδὸν
1816 433 2090 518 έπιβοῆσαι,

128 516 247 568 ὥστε
281 515 366 568 τὸν
407 514 738 582 Πολύκαρπον
774 517 945 578 ζῶντα5
980 524 1368 607 κατακαυθῆναι.
1425 518 1568 572 ’Ἑδει
1601 517 1692 588 γὰρ
1723 517 1778 571 τὸ
1821 525 1910 606 τῆς
1944 539 2092 608 φανε-

126 588 369 670 ρωθείσης
405 587 483 638 ε’πὶ
517 592 604 637 τοῦ
639 589 1036 671 προσκεφαλαίου
1073 585 1307 649 ὀπτασίας
1341 595 1680 658 πληρωθῆναι,
1720 588 1798 641 ότε
1827 586 1947 641 ι’δῶν
1969 586 2090 641 αὗτὸ

123 653 385 722 καιόμενον
430 654 840 724 προσευχόμενος,
891 653 1022 709 εἶπεν
1071 657 1377 726 ἐπιστραφεὶς
1419 666 1522 721 τοῖς
1569 659 1659 711 σὺν
1714 656 1848 731 αὐτῷ
1903 665 2092 722 πιστοῖς

123 731 462 796 προφητικῶς·
500 728 595 790 ,δεῖ
626 746 683 793 με
719 730 870 789 ζῶντα
903 733 1309 795 κατακαυθῆναιέ

782 859 892 905 ΧΙΙΙ.
965 861 1121 920 Roqus
1159 863 1426 908 exstruitur.

271 953 437 1000 Ταῦτα
474 941 565 1001 οῦν
600 945 718 1016 μετὰ
764 946 997 1002 τοσούτου
1031 947 1206 1017 τάχους
1241 950 1446 1019 ε’γίνετο,
1482 955 1666 1001 θᾶττον
1711 953 1799 1001 τοῦ
1839 953 2088 1016 λεχθῆναι,

121 1039 220 1070 των
255 1016 408 1103 όχλων
442 1025 734 1109 παραχρῆμα
779 1017 1085 1107 συναγόντων
1134 1021 1187 1071 ἐκ
1221 1040 1271 1071 τε
1306 1026 1402 1072 τῶν
1447 1020 1772 1106 ἐργαστηρίων
1814 1018 1898 1070 καὶ
1941 1021 2090 1107 βαλα-

121 1090 265 1140 νείων
301 1086 420 1151 ξύλα
451 1091 536 1141 καὶ
555 1088 803 1176 φρύγανα·
841 1089 1042 1156 μάλιστα
1070 1087 1324 1140 Ἰουδαίων
1348 1089 1634 1176 προθύμως,
1673 1110 1739 1150 ως
1762 1090 1882 1150 ἔθος
1901 1086 2087 1151 αὐτοῖς,

123 1160 190 1219 εἰς
223 1164 374 1210 ταῦτα
409 1155 801 1247 ύπουργουντων.
858 1157 980 1210 ’Ὀτε
1015 1156 1067 1210 δὲ
1107 1156 1151 1243 ἡ
1176 1156 1392 1242 πυρκαϊὰ
1426 1157 1730 1246 ἦτοιμάσθη,
1781 1155 2089 1246 ἀποθέμενος

123 1229 277 1280 ἕαυτω
313 1226 468 1281 πάντα
501 1227 560 1282 τὰ
571 1227 776 1316 ἱμάτια,
815 1230 897 1280 καὶ
931 1227 1080 1288 λύσας
1101 1224 1190 1294 τὴν
1223 1224 1380 1314 ζώνην
1402 1226 1572 1290 αὐτοῦ,
1609 1228 1829 1295 ἐπειρᾶτο
1852 1228 1935 1280 καὶ
1967 1225 2088 1281 «ino-

119 1282 255 1350 λύειν
288 1297 485 1351 ἑαυτόν·
523 1296 588 1366 μὴ
626 1297 861 1386 πρότερον
895 1303 1037 1349 τοῦτο
1072 1301 1259 1360 ποιῶν,
1298 1294 1380 1348 διὰ
1412 1294 1465 1349 τὸ
1502 1295 1577 1349 ἀεὶ
1625 1297 1826 1350 εκαστον
1869 1301 1968 1349 τῶν
2010 1318 2089 1350 m-

123 1374 248 1420 στῶν
284 1366 600 1458 6n0v66gew‘,
638 1368 768 1430 όστις
803 1367 968 1435 τάχιον
1017 1372 1105 1419 τοῦ
1141 1363 1321 1453 χρωτὸς
1352 1364 1504 1419 αὐτοῦ
1540 1366 1754 1434 ἅψηται
1799 1366 1962 1419 παντὶι
1995 1363 2088 1437 γὰρ

120 1444 280 1507 καλῷ,
317 1437 514 1526 ἀγαθῆς
567 1439 728 1491 ένεκεν
763 1440 1031 1501 πολιτείας,
1068 1437 1151 1488 καὶ
1197 1434 1292 1523 πρὸ
1335 1442 1422 1504 τῆς
1466 1438 1731 1525 μαρτυρίας
1779 1433 2087 1523 ἐκεκόσμητο.

122 1479 335 1568 Εὐθέως
370 1501 459 1560 οὗν
496 1506 627 1559 αὐτῶ
662 1509 960 1576 περιετίθετο
995 1504 1053 1558 τὰ
1087 1505 1210 1575 πρὸς
1238 1504 1330 1581 τὴν
1377 1505 1540 1574 πυρὰν
1574 1503 1918 1593 ηρμοσμὲνα”
1883 1527 2087 1602 οργανα.

124 1575 420 1629 Μελλόντων
456 1577 508 1628 δὲ
545 1560 707 1629 αύτῶν
743 1577 824 1629 καὶ
859 1576 1175 1660 προσηλοῦν,2
1212 1572 1365 1628 εἶπεν·
1407 1575 1571 1643 ,ἄφετέ
1615 1597 1672 1643 με
1717 1574 1894 1638 οὕτως·
1932 1597 1960 1628 ο
1959 1598 2087 1663 γαρ

121 1645 240 1708 δούς
274 1667 356 1714 μοι
391 1645 650 1713 ὑπομεῖναι
685 1644 738 1699 τὸ
775 1652 891 1714 πῦρ,
930 1643 1074 1698 δώσει
1106 1667 1188 1698 και
1225 1647 1367 1716 χωρὶς
1397 1652 1484 1714 τῆς
1516 1644 1747 1716 ύμετέρας
1763 1645 1819 1699 ἐκ
1838 1650 1935 1698 τῶν
1953 1643 2087 1714 ηλων

120 1714 398 1784 ἀσφαλείας,
438 1715 704 1769 ἀσάλευτον
741 1717 981 1784 ἐπιμεῖναι
1013 1722 1072 1788 τῇ
1108 1721 1272 1788 πυρᾷέ

761 1849 867 1895 XlV.
937 1851 1186 1910 Polycarpi
1212 1851 1438 1910 precatio.

263 1939 328 1991 Οἱ
361 1939 413 1991 δὲ
461 1935 521 1991 οὗ
572 1935 870 2005 καθήλωσαν
922 1937 1036 2024 μὲν,
1072 1938 1253 2005 ἔδησαν
1304 1939 1355 1990 δὲ
1393 1936 1557 1991 αὐτόν.
1626 1936 1684 1990 Ὁ
1716 1937 1771 1991 δὲ
1808 1936 1967 1993 ὀπίσω
2000 1962 2086 2004 τας

116 2014 275 2077 χεῖρας
309 2007 517 2076 ποιήσας
551 2008 635 2060 καὶ
656 2009 973 2095 προσδεθεὶς,
1009 2006 1169 2076 ὥσπερ
1205 2006 1343 2096 κριὸς
1376 2009 1625 2094 ἐπίσημος1
1666 2008 1719 2060 ἐκ
1747 2006 1957 2079 μεγάλου
1980 2030 2086 2063 ποι-

118 2081 260 2146 μνίου
298 2081 367 2140 εἰς
418 2077 705 2146 προσφορὰν
725 2076 1088 2166 ὅλοκάρπωμαΩ
1120 2077 1290 2131 δεκτὸν
1325 2100 1392 2130 τω
1434 2081 1543 2165 Θεῷ
1573 2075 1939 2165 ητοιμασμένον,
1948 2077 2086 2166 ,ἄνα-

115 2149 304 2216 βλέψας
339 2150 408 2211 εἰς
439 2147 524 2201 τὸν
560 2145 798 2215 οὐρανὸν,
835 2145 958 2200 εἶπε·
1010 2145 1161 2217 ,κύριε
1195 2146 1225 2200 6
1265 2132 1416 2213 Θεὸς,
1453 2146 1482 2201 6
1528 2147 1895 2237 παντοκράτωρ,
1933 2145 1965 2202 6
1997 2155 2087 2203 τοῦ

119 2217 394 2309 ἀγαπητοῦ
408 2219 491 2271 ’καὶ
527 2216 787 2288 εὐλογητοῦ
835 2214 1012 2279 παιδός
1058 2234 1148 2270 σου
1191 2216 1355 2306 Ἰησοῦ
1407 2223 1622 2286 Χριστοῦ
1657 2216 1848 2307 πατὴρ,
1898 2216 1967 2271 δι’
2022 2212 2086 2274 οὗ

119 2310 208 2355 την
239 2289 349 2357 περὶ
386 2293 475 2340 σοῦ
512 2289 770 2357 ἐπίγνωσιν
807 2286 1087 2374 εἰληφαμεν,
1125 2285 1154 2340 6
1195 2286 1320 2350 Θεὸς
1355 2286 1564 2358 ἀγγέλων
1595 2289 1677 2340 καὶ
1695 2287 1966 2357 δυνάμεων,
2000 2290 2085 2343 καὶ

116 2356 274 2445 πάσης
310 2360 398 2426 τῆς
432 2359 642 2423 κτίσεως,
679 2359 763 2410 καὶ
796 2355 978 2418 παντὸς
1013 2363 1100 2410 τοῦ
1135 2358 1307 2427 γένους
1341 2365 1438 2411 τῶν
1461 2360 1678 2421 δικαίων,
1716 2361 1765 2411 οἳ
1799 2363 1944 2423 ζωσιν
1969 2356 2084 2414 ἕνῶ-

118 2426 233 2479 πιόν
270 2444 384 2480 σου·
426 2425 608 2496 εὐλογῶ
656 2445 730 2491 σε,
770 2426 845 2480 ότι
880 2424 1091 2495 ἠξίωσας
1126 2449 1182 2494 με
1218 2434 1304 2495 τῆς
1350 2425 1532 2514 ημέρας
1578 2428 1662 2480 καὶ
1714 2450 1844 2496 ωρας
1888 2425 2080 2497 ταύτης,

116 2502 203 2548 τοῦ
238 2500 404 2564 λαβεῖν
449 2516 506 2562 με
557 2498 699 2564 μέρος
734 2497 787 2548 έν
823 2496 1028 2583 ἀριθμῷ
1077 2503 1174 2549 τῶν
1209 2497 1463 2567 μαρτύρων
1499 2514 1619 2560 σου,
1655 2497 1708 2549 ἐν
1744 2503 1813 2569 τῷ
1845 2499 2080 2583 ποτηρίω3

116 2572 205 2618 τοῦ
244 2570 458 2632 Χριστοῦ
495 2581 599 2634 σου,
639 2568 707 2626 εἰς
743 2565 1005 2618 ἀνάστασιν
1042 2568 1166 2631 ζωῆς
1204 2569 1420 2630 αἰωνίου,
1458 2572 1624 2634 ψυχῆς
1658 2587 1708 2618 τε
1728 2551 1811 2619 uolt
1845 2563 2080 2634 σωματος,

115 2636 170 2688 ἐν
205 2633 464 2704 ἀφθαρσία
496 2611 767 2702 πνεύματος
803 2633 966 2704 ἆγίου*
1002 2635 1055 2687 έν
1090 2633 1166 2697 οἷς
1199 2638 1550 2726 προσδεχθείην
1584 2634 1792 2688 ἐνωπιόν
1827 2653 1884 2689 σο
1904 2635 2080 2706 υσήμε-

117 2726 205 2772 ρον
247 2706 298 2757 έν
333 2707 490 2757 θυσία
522 2706 657 2756 πίονι
690 2705 771 2756 καὶ
787 2707 1092 2800 προσδεκτῇ,
1121 2706 1293 2767 καθὼς
1319 2707 1690 2793 προητοίμασας
1735 2706 1818 2758 καὶ
1865 2726 2079 2794 προεφα-

116 2776 340 2864 νέρωσας
364 2775 447 2827 καὶ
489 2772 806 2841 ε’πληρωσας,4
853 2772 883 2826 6
918 2757 1141 2841 ἀψευδὴς
1187 2776 1270 2827 καὶ
1308 2773 1547 2842 ἀληθινὸς
1588 2773 1724 2836 Θεός
1795 2773 1895 2827 Διὰ
1937 2782 2078 2830 τοῦτο

116 2845 200 2896 καὶ
234 2845 346 2913 περὶ
378 2843 573 2896 πάντων
610 2845 730 2895 αι’νω
765 2859 840 2908 σε,
881 2843 1062 2930 εὐλογῶ
1099 2861 1178 2908 σε,
1217 2843 1398 2908 δοξάζω
1435 2862 1512 2909 σε,
1551 2842 1642 2896 σὺν
1661 2849 1744 2932 τῷ
1780 2846 1963 2898 αἰωνίω
1995 2847 2079 2899 καὶ

117 2915 391 3002 ἐπουρανίω
418 2912 580 3001 Ἰησοῦ
619 2918 831 2983 Χριστω,
868 2911 1098 3004 ἀγαπητῷ
1136 2931 1224 2966 σου
1260 2917 1423 2966 παιδί·
1461 2911 1579 2981 μεθ’
1621 2907 1683 2966 06
1710 2898 1796 2967 σοὶ
1830 2899 1942 2967 καὶ
1935 2914 2079 2969 πνεύ-

115 3005 228 3051 ματι
264 2981 385 3056 ἆγίω
420 3006 452 3051 η
490 2981 621 3048 δόξα,
655 2983 738 3035 καὶ
774 2988 866 3035 νῦν
901 2985 983 3036 καὶ
1019 2986 1088 3046 εἷς
1119 2981 1234 3046 τοὺς
1269 2985 1523 3051 μέλλοντας
1559 2985 1755 3068 αἰῶνας.
1785 2981 1976 3053 Ἀμην.ι

199 3154 244 3207 3)
276 3154 489 3195 Asiarchae
521 3158 646 3202 erant,
679 3152 745 3205 qui
778 3152 895 3192 ludos
926 3165 1065 3193 saeros
1124 3159 1341 3205 propterea
1373 3154 1482 3206 quod
1527 3154 1612 3194 eius
1659 3153 1771 3194 urbis
1815 3153 1920 3194 cives
1949 3152 2072 3195 totius

117 3208 157 3250 in
188 3210 383 3251 honorem
412 3208 587 3250 Deorum
615 3220 691 3260 pro
732 3208 859 3248 salute
900 3209 1065 3260 provin·
1121 3209 1236 3250 Asiae
1270 3210 1564 3261 opulentissimi
1597 3215 1744 3250 essent.
1794 3209 2071 3277 Υσξεε.1ᾱοιῐι

117 3267 202 3306 ciae
233 3279 328 3306 suae
359 3266 471 3306 statis
505 3265 752 3316 temporibus
779 3265 1062 3315 procurabant.
1121 3265 1196 3305 iste
1240 3265 1450 3317 Philippus
1495 3266 1599 3305 infra
1645 3278 1679 3304 o.
1710 3264 1789 3305 21.
1834 3261 2072 3322 ἀρχιερεὺς

117 3322 232 3370 Quod
263 3335 356 3362 vero
387 3321 632 3373 spectacula,
665 3333 765 3373 quae
797 3321 844 3360 ab
878 3320 959 3360 illis
992 3322 1063 3361 da-

114 3378 270 3428 bantur,
300 3391 414 3418 sacra
448 3383 572 3427 erant,
606 3377 698 3417 inde
720 3378 940 3417 sacerdotes
970 3383 1062 3416 sunt

114 3433 320 3485 appellati.
361 3434 504 3473 Mader.
555 3433 678 3473 Valde
718 3445 947 3472 onerosum⁴
976 3438 1061 3473 erat

114 3489 191 3528 hoe
223 3489 514 3538 sacerdotium,
569 3495 686 3540 atque
715 3488 870 3528 idcirco
900 3488 1059 3528 nonnisi

116 3545 389 3594 opulentiores
421 3546 472 3584 ad
496 3545 537 3584 id
558 3545 775 3595 gerendum
798 3544 1058 3594 eligebantur.

115 3599 215 3638 Hine
247 3607 327 3649 est,
361 3601 469 3653 quod
503 3600 648 3640 Strabo
682 3601 887 3649 observat,
920 3599 1059 3639 Asiar-

113 3654 210 3695 chas
241 3657 325 3696 fere
355 3669 401 3697 ex
432 3655 644 3697 Trallianis
684 3656 889 3697 desumtos
918 3653 1055 3704 fuisse,

1124 3320 1415 3378 Τραλλιανὸς
1445 3321 1684 3373 appellatur.
1727 3320 1810 3360 Iac.

1207 3376 1252 3427 4)
1281 3377 1338 3416 Ita
1353 3377 1538 3426 Codices,
1550 3382 1650 3416 teste
1661 3375 1899 3425 Iacobsono‚
1918 3375 2067 3427 omisso

1119 3438 1330 3482 augmento
1343 3430 1741 3484 plusquamperfflcfi,
1776 3431 1883 3483 quod
1905 3431 2066 3483 saepius

1118 3487 1203 3526 fieri
1234 3493 1402 3527 testatur
1432 3488 1570 3527 Winer
1597 3486 1768 3527 Gramm.
1802 3489 1839 3538 ξ.
1866 3488 1930 3528 12.
1961 3486 2007 3527 Ν.
2027 3487 2065 3528 8.

1115 3555 1155 3594 p.
1187 3543 1254 3583 69.
1292 3543 1354 3583 ed.
1387 3543 1448 3582 IV.
1481 3543 1528 3582 H.

1191 3597 1234 3649 5)
1245 3597 1276 3636 Ε
1289 3597 1532 3638 Codd.Vind.
1544 3604 1583 3638 et
1593 3597 1886 3651 Paris.reposui
1901 3598 2062 3648 ζῶντα,

1116 3665 1233 3705 quam
1263 3666 1401 3694 vocem
1431 3653 1606 3704 Eusebii‚
1638 3654 1780 3706 Rufini,
1811 3659 1850 3696 et
1876 3654 1952 3696 Int.
1977 3653 2061 3695 Vet.
