<?xml version="1.0" encoding="UTF-8"?>
<!DOCTYPE html PUBLIC "-//W3C//DTD XHTML 1.0 Transitional//EN"
    "http://www.w3.org/TR/xhtml1/DTD/xhtml1-transitional.dtd">
<html xmlns="http://www.w3.org/1999/xhtml" xml:lang="en" lang="en">
 <head>
  <title>
</title>
<meta http-equiv="Content-Type" content="text/html;charset=utf-8" />
  <meta name='ocr-system' content='tesseract 3.04.00' />
  <meta name='ocr-capabilities' content='ocr_page ocr_carea ocr_par ocr_line ocrx_word'/>
</head>
<body>
  <div class='ocr_page' id='page_1' title='image "./patrumapostolico00dresuoft_0151.png"; bbox 0 0 2340 3900; ppageno 0'>
   <div class='ocr_carea' id='block_1_1' title="bbox 794 120 2156 171">
    <p class='ocr_par' dir='ltr' id='par_1_1' title="bbox 794 120 2156 171">
     <span class='ocr_line' id='line_1_1' title="bbox 794 120 2156 171; baseline 0.001 -2"><span class='ocrx_word' id='word_1_1' title='bbox 794 121 1085 170; x_wconf 83' lang='lat' dir='ltr'>BARNABAE</span> <span class='ocrx_word' id='word_1_2' title='bbox 1118 122 1404 171; x_wconf 79' lang='lat' dir='ltr'>EPISTOLA.</span> <span class='ocrx_word' id='word_1_3' title='bbox 1452 122 1562 170; x_wconf 80' lang='lat' dir='ltr'>xxl.</span> <span class='ocrx_word' id='word_1_4' title='bbox 2089 120 2156 170; x_wconf 88' lang='lat'>45</span> 
     </span>
    </p>
   </div>
   <div class='ocr_carea' id='block_1_2' title="bbox 187 259 2161 1506">
    <p class='ocr_par' dir='ltr' id='par_1_2' title="bbox 187 259 2161 1506">
     <span class='ocr_line' id='line_1_2' title="bbox 198 259 2158 324; baseline -0.002 -15"><span class='ocrx_word' id='word_1_5' title='bbox 198 262 347 324; x_wconf 81' lang='lat' dir='ltr'>gloria</span> <span class='ocrx_word' id='word_1_6' title='bbox 381 259 710 318; x_wconf 84' lang='lat' dir='ltr'>cumulabitur3</span> <span class='ocrx_word' id='word_1_7' title='bbox 746 261 825 322; x_wconf 87' lang='lat' dir='ltr'>qui</span> <span class='ocrx_word' id='word_1_8' title='bbox 858 273 968 307; x_wconf 81' lang='lat' dir='ltr'>vero</span> <span class='ocrx_word' id='word_1_9' title='bbox 1011 260 1097 306; x_wconf 89' lang='lat' dir='ltr'>alia</span> <span class='ocrx_word' id='word_1_10' title='bbox 1133 262 1336 323; x_wconf 87' lang='lat' dir='ltr'>elegerit,</span> <span class='ocrx_word' id='word_1_11' title='bbox 1373 261 1511 309; x_wconf 91' lang='lat' dir='ltr'>simul</span> <span class='ocrx_word' id='word_1_12' title='bbox 1532 274 1637 308; x_wconf 90' lang='lat' dir='ltr'>cum</span> <span class='ocrx_word' id='word_1_13' title='bbox 1674 259 1768 307; x_wconf 93' lang='lat' dir='ltr'>suis</span> <span class='ocrx_word' id='word_1_14' title='bbox 1796 259 2013 321; x_wconf 88' lang='lat' dir='ltr'>operibus</span> <span class='ocrx_word' id='word_1_15' title='bbox 2039 261 2158 321; x_wconf 89' lang='lat' dir='ltr'>peri·</span> 
     </span>
     <span class='ocr_line' id='line_1_3' title="bbox 196 329 2156 392; baseline -0.002 -14"><span class='ocrx_word' id='word_1_16' title='bbox 196 331 277 378; x_wconf 85' lang='lat' dir='ltr'>hit.</span> <span class='ocrx_word' id='word_1_17' title='bbox 348 330 599 392; x_wconf 81' lang='lat' dir='ltr'>Propterea</span> <span class='ocrx_word' id='word_1_18' title='bbox 635 329 943 386; x_wconf 88' lang='lat' dir='ltr'>resurrectio,</span> <span class='ocrx_word' id='word_1_19' title='bbox 980 336 1228 391; x_wconf 88' lang='lat' dir='ltr'>propterea</span> <span class='ocrx_word' id='word_1_20' title='bbox 1264 330 1520 380; x_wconf 80' lang='lat' dir='ltr'>retributio.</span> <span class='ocrx_word' id='word_1_21' title='bbox 1593 330 1721 392; x_wconf 84' lang='lat' dir='ltr'>Rogo</span> <span class='ocrx_word' id='word_1_22' title='bbox 1757 342 1867 386; x_wconf 78' lang='lat' dir='ltr'>voS,</span> <span class='ocrx_word' id='word_1_23' title='bbox 1919 342 2156 391; x_wconf 82' lang='lat' dir='ltr'>proceres,</span> 
     </span>
     <span class='ocr_line' id='line_1_4' title="bbox 196 397 2156 461; baseline -0.001 -16"><span class='ocrx_word' id='word_1_24' title='bbox 196 401 236 447; x_wconf 91' lang='lat' dir='ltr'>si</span> <span class='ocrx_word' id='word_1_25' title='bbox 272 400 419 447; x_wconf 86' lang='lat' dir='ltr'>honae</span> <span class='ocrx_word' id='word_1_26' title='bbox 453 399 697 447; x_wconf 83' lang='lat' dir='ltr'>voluntatis</span> <span class='ocrx_word' id='word_1_27' title='bbox 732 412 860 446; x_wconf 87' lang='lat' dir='ltr'>meae</span> <span class='ocrx_word' id='word_1_28' title='bbox 898 398 1139 445; x_wconf 90' lang='lat' dir='ltr'>consilium</span> <span class='ocrx_word' id='word_1_29' title='bbox 1187 401 1397 461; x_wconf 87' lang='lat' dir='ltr'>accipere</span> <span class='ocrx_word' id='word_1_30' title='bbox 1433 400 1613 447; x_wconf 84' lang='lat' dir='ltr'>velitis:</span> <span class='ocrx_word' id='word_1_31' title='bbox 1664 398 1868 446; x_wconf 88' lang='lat' dir='ltr'>habeatis</span> <span class='ocrx_word' id='word_1_32' title='bbox 1906 397 2156 457; x_wconf 88' lang='lat' dir='ltr'>vobiscum,</span> 
     </span>
     <span class='ocr_line' id='line_1_5' title="bbox 194 467 2158 531; baseline -0.001 -15"><span class='ocrx_word' id='word_1_33' title='bbox 194 484 280 531; x_wconf 91' lang='lat' dir='ltr'>pro</span> <span class='ocrx_word' id='word_1_34' title='bbox 316 469 481 531; x_wconf 88' lang='lat' dir='ltr'>quibus</span> <span class='ocrx_word' id='word_1_35' title='bbox 514 469 783 526; x_wconf 86' lang='lat' dir='ltr'>laborastis3</span> <span class='ocrx_word' id='word_1_36' title='bbox 835 481 892 514; x_wconf 90' lang='lat' dir='ltr'>ne</span> <span class='ocrx_word' id='word_1_37' title='bbox 939 481 1020 514; x_wconf 89' lang='lat' dir='ltr'>eos</span> <span class='ocrx_word' id='word_1_38' title='bbox 1069 467 1409 528; x_wconf 80' lang='lat' dir='ltr'>derelinquatis,</span> <span class='ocrx_word' id='word_1_39' title='bbox 1484 470 1633 531; x_wconf 83' lang='lat' dir='ltr'>Prope</span> <span class='ocrx_word' id='word_1_40' title='bbox 1680 469 1798 516; x_wconf 91' lang='lat' dir='ltr'>enim</span> <span class='ocrx_word' id='word_1_41' title='bbox 1836 474 1908 515; x_wconf 89' lang='lat' dir='ltr'>est</span> <span class='ocrx_word' id='word_1_42' title='bbox 1944 467 2067 526; x_wconf 87' lang='lat' dir='ltr'>dies,</span> <span class='ocrx_word' id='word_1_43' title='bbox 2112 468 2158 514; x_wconf 90' lang='lat' dir='ltr'>in</span> 
     </span>
     <span class='ocr_line' id='line_1_6' title="bbox 195 535 2155 600; baseline 0 -15"><span class='ocrx_word' id='word_1_44' title='bbox 195 553 285 600; x_wconf 87' lang='lat' dir='ltr'>qua</span> <span class='ocrx_word' id='word_1_45' title='bbox 318 538 469 586; x_wconf 89' lang='lat' dir='ltr'>omnia</span> <span class='ocrx_word' id='word_1_46' title='bbox 519 553 623 585; x_wconf 92' lang='lat' dir='ltr'>cum</span> <span class='ocrx_word' id='word_1_47' title='bbox 670 537 790 585; x_wconf 86' lang='lat' dir='ltr'>malo</span> <span class='ocrx_word' id='word_1_48' title='bbox 840 535 1074 599; x_wconf 88' lang='lat' dir='ltr'>peribunt.</span> <span class='ocrx_word' id='word_1_49' title='bbox 1146 537 1296 598; x_wconf 89' lang='lat' dir='ltr'>Prope</span> <span class='ocrx_word' id='word_1_50' title='bbox 1349 545 1420 584; x_wconf 90' lang='lat' dir='ltr'>est</span> <span class='ocrx_word' id='word_1_51' title='bbox 1456 539 1670 585; x_wconf 86' lang='lat' dir='ltr'>Dominus</span> <span class='ocrx_word' id='word_1_52' title='bbox 1717 546 1763 585; x_wconf 94' lang='lat' dir='ltr'>et</span> <span class='ocrx_word' id='word_1_53' title='bbox 1810 551 1991 585; x_wconf 87' lang='lat' dir='ltr'>merces</span> <span class='ocrx_word' id='word_1_54' title='bbox 2040 538 2155 587; x_wconf 80' lang='lat' dir='ltr'>eiuS.</span> 
     </span>
     <span class='ocr_line' id='line_1_7' title="bbox 193 606 2155 668; baseline -0.001 -13"><span class='ocrx_word' id='word_1_55' title='bbox 193 607 338 655; x_wconf 84' lang='lat' dir='ltr'>Etiam</span> <span class='ocrx_word' id='word_1_56' title='bbox 371 615 507 668; x_wconf 86' lang='lat' dir='ltr'>atque</span> <span class='ocrx_word' id='word_1_57' title='bbox 544 608 676 655; x_wconf 89' lang='lat' dir='ltr'>etiam</span> <span class='ocrx_word' id='word_1_58' title='bbox 712 620 828 668; x_wconf 83' lang='lat' dir='ltr'>rogo</span> <span class='ocrx_word' id='word_1_59' title='bbox 862 620 970 653; x_wconf 82' lang='lat' dir='ltr'>vos:</span> <span class='ocrx_word' id='word_1_60' title='bbox 1007 612 1156 653; x_wconf 84' lang='lat' dir='ltr'>estote</span> <span class='ocrx_word' id='word_1_61' title='bbox 1180 606 1309 652; x_wconf 87' lang='lat' dir='ltr'>vobis</span> <span class='ocrx_word' id='word_1_62' title='bbox 1347 606 1456 653; x_wconf 89' lang='lat' dir='ltr'>boni</span> <span class='ocrx_word' id='word_1_63' title='bbox 1478 607 1777 668; x_wconf 79' lang='lat' dir='ltr'>legislatoreS,</span> <span class='ocrx_word' id='word_1_64' title='bbox 1813 606 1940 654; x_wconf 88' lang='lat' dir='ltr'>vobis</span> <span class='ocrx_word' id='word_1_65' title='bbox 1976 614 2155 654; x_wconf 82' lang='lat' dir='ltr'>manete</span> 
     </span>
     <span class='ocr_line' id='line_1_8' title="bbox 194 674 2158 738; baseline 0 -14"><span class='ocrx_word' id='word_1_66' title='bbox 194 677 446 725; x_wconf 89' lang='lat' dir='ltr'>consiliarii</span> <span class='ocrx_word' id='word_1_67' title='bbox 482 676 658 734; x_wconf 82' lang='lat' dir='ltr'>fideles,</span> <span class='ocrx_word' id='word_1_68' title='bbox 697 675 842 723; x_wconf 90' lang='lat' dir='ltr'>tollite</span> <span class='ocrx_word' id='word_1_69' title='bbox 879 690 935 723; x_wconf 86' lang='lat' dir='ltr'>ex</span> <span class='ocrx_word' id='word_1_70' title='bbox 967 674 1100 722; x_wconf 87' lang='lat' dir='ltr'>vobis</span> <span class='ocrx_word' id='word_1_71' title='bbox 1138 689 1319 723; x_wconf 90' lang='lat' dir='ltr'>omnem</span> <span class='ocrx_word' id='word_1_72' title='bbox 1356 676 1653 738; x_wconf 82' lang='lat' dir='ltr'>hypocrisim.</span> <span class='ocrx_word' id='word_1_73' title='bbox 1725 677 1845 724; x_wconf 92' lang='lat' dir='ltr'>Deus</span> <span class='ocrx_word' id='word_1_74' title='bbox 1882 683 2045 735; x_wconf 89' lang='lat' dir='ltr'>autem,</span> <span class='ocrx_word' id='word_1_75' title='bbox 2081 677 2158 738; x_wconf 90' lang='lat' dir='ltr'>qui</span> 
     </span>
     <span class='ocr_line' id='line_1_9' title="bbox 192 744 2154 809; baseline -0.001 -15"><span class='ocrx_word' id='word_1_76' title='bbox 192 748 406 794; x_wconf 83' lang='lat' dir='ltr'>universo</span> <span class='ocrx_word' id='word_1_77' title='bbox 437 747 606 794; x_wconf 91' lang='lat' dir='ltr'>mundo</span> <span class='ocrx_word' id='word_1_78' title='bbox 633 745 904 803; x_wconf 79' lang='lat' dir='ltr'>dominatur,</span> <span class='ocrx_word' id='word_1_79' title='bbox 943 744 1021 792; x_wconf 90' lang='lat' dir='ltr'>det</span> <span class='ocrx_word' id='word_1_80' title='bbox 1043 744 1172 792; x_wconf 87' lang='lat' dir='ltr'>vobis</span> <span class='ocrx_word' id='word_1_81' title='bbox 1194 745 1474 807; x_wconf 81' lang='lat' dir='ltr'>sapientiam,</span> <span class='ocrx_word' id='word_1_82' title='bbox 1513 746 1762 803; x_wconf 90' lang='lat' dir='ltr'>scientiam,</span> <span class='ocrx_word' id='word_1_83' title='bbox 1799 746 2154 809; x_wconf 83' lang='lat' dir='ltr'>intelligentiam,</span> 
     </span>
     <span class='ocr_line' id='line_1_10' title="bbox 194 815 2157 878; baseline -0.001 -14"><span class='ocrx_word' id='word_1_84' title='bbox 194 817 499 878; x_wconf 83' lang='lat' dir='ltr'>cognitionem</span> <span class='ocrx_word' id='word_1_85' title='bbox 534 816 847 863; x_wconf 88' lang='lat' dir='ltr'>mandatorum</span> <span class='ocrx_word' id='word_1_86' title='bbox 882 828 1097 871; x_wconf 89' lang='lat' dir='ltr'>suorum,</span> <span class='ocrx_word' id='word_1_87' title='bbox 1149 829 1251 861; x_wconf 90' lang='lat' dir='ltr'>cum</span> <span class='ocrx_word' id='word_1_88' title='bbox 1287 816 1635 877; x_wconf 78' lang='lat' dir='ltr'>perseverantia.</span> <span class='ocrx_word' id='word_1_89' title='bbox 1706 815 1970 863; x_wconf 84' lang='lat' dir='ltr'>Efficiamini</span> <span class='ocrx_word' id='word_1_90' title='bbox 2009 823 2157 863; x_wconf 85' lang='lat' dir='ltr'>autem</span> 
     </span>
     <span class='ocr_line' id='line_1_11' title="bbox 193 884 2160 947; baseline 0 -14"><span class='ocrx_word' id='word_1_91' title='bbox 193 886 317 933; x_wconf 87' lang='lat' dir='ltr'>docti</span> <span class='ocrx_word' id='word_1_92' title='bbox 359 902 385 933; x_wconf 90' lang='lat' dir='ltr'>a</span> <span class='ocrx_word' id='word_1_93' title='bbox 419 887 541 943; x_wconf 92' lang='lat' dir='ltr'>Deo,</span> <span class='ocrx_word' id='word_1_94' title='bbox 592 885 883 947; x_wconf 79' lang='lat' dir='ltr'>exquirentes</span> <span class='ocrx_word' id='word_1_95' title='bbox 921 884 1032 945; x_wconf 89' lang='lat' dir='ltr'>quid</span> <span class='ocrx_word' id='word_1_96' title='bbox 1068 899 1093 930; x_wconf 92' lang='lat' dir='ltr'>a</span> <span class='ocrx_word' id='word_1_97' title='bbox 1129 884 1259 931; x_wconf 88' lang='lat' dir='ltr'>vohis</span> <span class='ocrx_word' id='word_1_98' title='bbox 1301 884 1504 945; x_wconf 84' lang='lat' dir='ltr'>requirat</span> <span class='ocrx_word' id='word_1_99' title='bbox 1539 884 1780 943; x_wconf 82' lang='lat' dir='ltr'>Dominus3</span> <span class='ocrx_word' id='word_1_100' title='bbox 1818 892 1863 932; x_wconf 92' lang='lat' dir='ltr'>et</span> <span class='ocrx_word' id='word_1_101' title='bbox 1900 885 2069 934; x_wconf 83' lang='lat' dir='ltr'>efficite</span> <span class='ocrx_word' id='word_1_102' title='bbox 2109 892 2160 933; x_wconf 90' lang='lat' dir='ltr'>ut</span> 
     </span>
     <span class='ocr_line' id='line_1_12' title="bbox 192 952 2156 1015; baseline 0 -12"><span class='ocrx_word' id='word_1_103' title='bbox 192 956 302 1003; x_wconf 82' lang='lat' dir='ltr'>salvi</span> <span class='ocrx_word' id='word_1_104' title='bbox 339 957 440 1002; x_wconf 90' lang='lat' dir='ltr'>sitis</span> <span class='ocrx_word' id='word_1_105' title='bbox 470 956 518 1002; x_wconf 92' lang='lat' dir='ltr'>in</span> <span class='ocrx_word' id='word_1_106' title='bbox 555 955 629 1003; x_wconf 90' lang='lat' dir='ltr'>die</span> <span class='ocrx_word' id='word_1_107' title='bbox 667 954 838 1002; x_wconf 89' lang='lat' dir='ltr'>iudicii.</span> <span class='ocrx_word' id='word_1_108' title='bbox 907 953 956 1000; x_wconf 91' lang='lat' dir='ltr'>Si</span> <span class='ocrx_word' id='word_1_109' title='bbox 992 968 1083 1015; x_wconf 88' lang='lat' dir='ltr'>qua</span> <span class='ocrx_word' id='word_1_110' title='bbox 1117 968 1227 1001; x_wconf 89' lang='lat' dir='ltr'>vero</span> <span class='ocrx_word' id='word_1_111' title='bbox 1265 960 1336 1001; x_wconf 88' lang='lat' dir='ltr'>est</span> <span class='ocrx_word' id='word_1_112' title='bbox 1371 955 1416 1000; x_wconf 93' lang='lat' dir='ltr'>in</span> <span class='ocrx_word' id='word_1_113' title='bbox 1454 952 1581 999; x_wconf 87' lang='lat' dir='ltr'>vobis</span> <span class='ocrx_word' id='word_1_114' title='bbox 1609 953 1718 1001; x_wconf 89' lang='lat' dir='ltr'>boni</span> <span class='ocrx_word' id='word_1_115' title='bbox 1756 955 2028 1013; x_wconf 83' lang='lat' dir='ltr'>recordatio,</span> <span class='ocrx_word' id='word_1_116' title='bbox 2066 970 2156 1003; x_wconf 88' lang='lat' dir='ltr'>me·</span> 
     </span>
     <span class='ocr_line' id='line_1_13' title="bbox 189 1023 2159 1086; baseline -0.001 -14"><span class='ocrx_word' id='word_1_117' title='bbox 189 1031 390 1072; x_wconf 90' lang='lat' dir='ltr'>mentote</span> <span class='ocrx_word' id='word_1_118' title='bbox 428 1025 533 1082; x_wconf 88' lang='lat' dir='ltr'>mei,</span> <span class='ocrx_word' id='word_1_119' title='bbox 570 1025 685 1071; x_wconf 89' lang='lat' dir='ltr'>haec</span> <span class='ocrx_word' id='word_1_120' title='bbox 720 1023 859 1071; x_wconf 86' lang='lat' dir='ltr'>verba</span> <span class='ocrx_word' id='word_1_121' title='bbox 894 1037 996 1070; x_wconf 88' lang='lat' dir='ltr'>mea</span> <span class='ocrx_word' id='word_1_122' title='bbox 1031 1025 1327 1081; x_wconf 86' lang='lat' dir='ltr'>meditantes,</span> <span class='ocrx_word' id='word_1_123' title='bbox 1365 1030 1415 1069; x_wconf 90' lang='lat' dir='ltr'>ut</span> <span class='ocrx_word' id='word_1_124' title='bbox 1454 1029 1500 1069; x_wconf 90' lang='lat' dir='ltr'>et</span> <span class='ocrx_word' id='word_1_125' title='bbox 1534 1023 1812 1070; x_wconf 84' lang='lat' dir='ltr'>desiderium</span> <span class='ocrx_word' id='word_1_126' title='bbox 1850 1031 1896 1071; x_wconf 89' lang='lat' dir='ltr'>et</span> <span class='ocrx_word' id='word_1_127' title='bbox 1932 1025 2159 1086; x_wconf 86' lang='lat' dir='ltr'>vigilantia</span> 
     </span>
     <span class='ocr_line' id='line_1_14' title="bbox 190 1093 2159 1155; baseline 0 -13"><span class='ocrx_word' id='word_1_128' title='bbox 190 1110 291 1143; x_wconf 86' lang='lat' dir='ltr'>mea</span> <span class='ocrx_word' id='word_1_129' title='bbox 326 1095 372 1142; x_wconf 87' lang='lat' dir='ltr'>in</span> <span class='ocrx_word' id='word_1_130' title='bbox 408 1094 594 1155; x_wconf 86' lang='lat' dir='ltr'>aliquod</span> <span class='ocrx_word' id='word_1_131' title='bbox 632 1093 804 1141; x_wconf 92' lang='lat' dir='ltr'>bonum</span> <span class='ocrx_word' id='word_1_132' title='bbox 840 1093 1013 1140; x_wconf 84' lang='lat' dir='ltr'>evadat.</span> <span class='ocrx_word' id='word_1_133' title='bbox 1084 1093 1210 1153; x_wconf 76' lang='lat' dir='ltr'>Rogo</span> <span class='ocrx_word' id='word_1_134' title='bbox 1247 1108 1342 1149; x_wconf 71' lang='grc' dir='ltr'>νος,</span> <span class='ocrx_word' id='word_1_135' title='bbox 1379 1093 1569 1154; x_wconf 83' lang='lat' dir='ltr'>gratiam</span> <span class='ocrx_word' id='word_1_136' title='bbox 1605 1093 1861 1154; x_wconf 62' lang='lat' dir='ltr'>postulans</span> <span class='ocrx_word' id='word_1_137' title='bbox 1936 1094 2046 1141; x_wconf 92' lang='lat' dir='ltr'>Cum</span> <span class='ocrx_word' id='word_1_138' title='bbox 2084 1095 2159 1142; x_wconf 86' lang='lat' dir='ltr'>ad-</span> 
     </span>
     <span class='ocr_line' id='line_1_15' title="bbox 190 1160 2160 1226; baseline -0.001 -14"><span class='ocrx_word' id='word_1_139' title='bbox 190 1165 282 1212; x_wconf 87' lang='lat' dir='ltr'>huc</span> <span class='ocrx_word' id='word_1_140' title='bbox 316 1167 362 1212; x_wconf 91' lang='lat' dir='ltr'>in</span> <span class='ocrx_word' id='word_1_141' title='bbox 398 1165 490 1211; x_wconf 88' lang='lat' dir='ltr'>hoc</span> <span class='ocrx_word' id='word_1_142' title='bbox 526 1163 720 1226; x_wconf 87' lang='lat' dir='ltr'>pulchro</span> <span class='ocrx_word' id='word_1_143' title='bbox 755 1177 862 1210; x_wconf 87' lang='lat' dir='ltr'>vase</span> <span class='ocrx_word' id='word_1_144' title='bbox 900 1164 1027 1221; x_wconf 88' lang='lat' dir='ltr'>estis,</span> <span class='ocrx_word' id='word_1_145' title='bbox 1066 1163 1110 1209; x_wconf 90' lang='lat' dir='ltr'>in</span> <span class='ocrx_word' id='word_1_146' title='bbox 1150 1164 1275 1210; x_wconf 88' lang='lat' dir='ltr'>nullo</span> <span class='ocrx_word' id='word_1_147' title='bbox 1304 1160 1808 1210; x_wconf 60' lang='lat' dir='ltr'>liorum‘mandatorum</span> <span class='ocrx_word' id='word_1_148' title='bbox 1845 1162 2038 1221; x_wconf 85' lang='lat' dir='ltr'>deficite,</span> <span class='ocrx_word' id='word_1_149' title='bbox 2077 1165 2160 1211; x_wconf 89' lang='lat' dir='ltr'>sed</span> 
     </span>
     <span class='ocr_line' id='line_1_16' title="bbox 190 1232 2159 1294; baseline -0.001 -13"><span class='ocrx_word' id='word_1_150' title='bbox 190 1235 503 1283; x_wconf 87' lang='lat' dir='ltr'>indesinenter</span> <span class='ocrx_word' id='word_1_151' title='bbox 543 1234 658 1280; x_wconf 86' lang='lat' dir='ltr'>haec</span> <span class='ocrx_word' id='word_1_152' title='bbox 694 1233 932 1294; x_wconf 80' lang='lat' dir='ltr'>exquirite,</span> <span class='ocrx_word' id='word_1_153' title='bbox 972 1239 1018 1279; x_wconf 92' lang='lat' dir='ltr'>et</span> <span class='ocrx_word' id='word_1_154' title='bbox 1054 1233 1296 1294; x_wconf 87' lang='lat' dir='ltr'>adimplete</span> <span class='ocrx_word' id='word_1_155' title='bbox 1334 1246 1467 1279; x_wconf 91' lang='lat' dir='ltr'>omne</span> <span class='ocrx_word' id='word_1_156' title='bbox 1489 1232 1774 1289; x_wconf 83' lang='lat' dir='ltr'>mandatum3</span> <span class='ocrx_word' id='word_1_157' title='bbox 1813 1233 1926 1280; x_wconf 88' lang='lat' dir='ltr'>haec</span> <span class='ocrx_word' id='word_1_158' title='bbox 1961 1247 2159 1293; x_wconf 90' lang='lat' dir='ltr'>namque</span> 
     </span>
     <span class='ocr_line' id='line_1_17' title="bbox 190 1301 2158 1367; baseline -0.002 -15"><span class='ocrx_word' id='word_1_159' title='bbox 190 1303 328 1367; x_wconf 78' lang='lat' dir='ltr'>digna</span> <span class='ocrx_word' id='word_1_160' title='bbox 361 1309 481 1351; x_wconf 85' lang='lat' dir='ltr'>sunt.</span> <span class='ocrx_word' id='word_1_161' title='bbox 551 1303 702 1360; x_wconf 87' lang='lat' dir='ltr'>Quare</span> <span class='ocrx_word' id='word_1_162' title='bbox 744 1302 817 1350; x_wconf 85' lang='lat' dir='ltr'>vel</span> <span class='ocrx_word' id='word_1_163' title='bbox 861 1302 1054 1349; x_wconf 82' lang='lat' dir='ltr'>maxime</span> <span class='ocrx_word' id='word_1_164' title='bbox 1091 1302 1137 1349; x_wconf 92' lang='lat' dir='ltr'>id</span> <span class='ocrx_word' id='word_1_165' title='bbox 1172 1316 1359 1364; x_wconf 87' lang='lat' dir='ltr'>operam</span> <span class='ocrx_word' id='word_1_166' title='bbox 1398 1301 1527 1359; x_wconf 89' lang='lat' dir='ltr'>dedi,</span> <span class='ocrx_word' id='word_1_167' title='bbox 1580 1310 1798 1363; x_wconf 90' lang='lat' dir='ltr'>quantum</span> <span class='ocrx_word' id='word_1_168' title='bbox 1849 1304 1893 1348; x_wconf 92' lang='lat' dir='ltr'>in</span> <span class='ocrx_word' id='word_1_169' title='bbox 1938 1317 2009 1349; x_wconf 91' lang='lat' dir='ltr'>me</span> <span class='ocrx_word' id='word_1_170' title='bbox 2059 1303 2158 1357; x_wconf 85' lang='lat' dir='ltr'>fuit,</span> 
     </span>
     <span class='ocr_line' id='line_1_18' title="bbox 187 1370 2161 1434; baseline -0.002 -13"><span class='ocrx_word' id='word_1_171' title='bbox 187 1380 242 1421; x_wconf 88' lang='lat' dir='ltr'>ut</span> <span class='ocrx_word' id='word_1_172' title='bbox 295 1372 548 1421; x_wconf 83' lang='lat' dir='ltr'>scriberem</span> <span class='ocrx_word' id='word_1_173' title='bbox 592 1371 720 1419; x_wconf 84' lang='lat' dir='ltr'>vobis</span> <span class='ocrx_word' id='word_1_174' title='bbox 770 1385 864 1434; x_wconf 90' lang='lat' dir='ltr'>quo</span> <span class='ocrx_word' id='word_1_175' title='bbox 912 1371 1206 1419; x_wconf 82' lang='lat' dir='ltr'>exhilararem</span> <span class='ocrx_word' id='word_1_176' title='bbox 1251 1386 1348 1419; x_wconf 92' lang='lat' dir='ltr'>vos.</span> <span class='ocrx_word' id='word_1_177' title='bbox 1422 1370 1623 1428; x_wconf 87' lang='lat' dir='ltr'>Salvete,</span> <span class='ocrx_word' id='word_1_178' title='bbox 1672 1371 1753 1418; x_wconf 88' lang='lat' dir='ltr'>filii</span> <span class='ocrx_word' id='word_1_179' title='bbox 1804 1371 2060 1418; x_wconf 87' lang='lat' dir='ltr'>dilectionis</span> <span class='ocrx_word' id='word_1_180' title='bbox 2116 1378 2161 1418; x_wconf 90' lang='lat' dir='ltr'>et</span> 
     </span>
     <span class='ocr_line' id='line_1_19' title="bbox 187 1439 2158 1506; baseline 0.001 -16"><span class='ocrx_word' id='word_1_181' title='bbox 187 1444 331 1506; x_wconf 85' lang='lat' dir='ltr'>pacis.</span> <span class='ocrx_word' id='word_1_182' title='bbox 401 1443 618 1490; x_wconf 81' lang='lat' dir='ltr'>Dominus</span> <span class='ocrx_word' id='word_1_183' title='bbox 653 1441 827 1504; x_wconf 83' lang='lat' dir='ltr'>gloriae</span> <span class='ocrx_word' id='word_1_184' title='bbox 863 1447 911 1489; x_wconf 90' lang='lat' dir='ltr'>et</span> <span class='ocrx_word' id='word_1_185' title='bbox 946 1442 1093 1490; x_wconf 92' lang='lat' dir='ltr'>omnis</span> <span class='ocrx_word' id='word_1_186' title='bbox 1130 1443 1299 1504; x_wconf 81' lang='lat' dir='ltr'>gratiae</span> <span class='ocrx_word' id='word_1_187' title='bbox 1339 1443 1396 1490; x_wconf 91' lang='lat' dir='ltr'>sit</span> <span class='ocrx_word' id='word_1_188' title='bbox 1434 1455 1537 1488; x_wconf 90' lang='lat' dir='ltr'>cum</span> <span class='ocrx_word' id='word_1_189' title='bbox 1577 1441 1740 1504; x_wconf 90' lang='lat' dir='ltr'>spiritu</span> <span class='ocrx_word' id='word_1_190' title='bbox 1763 1439 1944 1488; x_wconf 84' lang='lat' dir='ltr'>vestro!</span> <span class='ocrx_word' id='word_1_191' title='bbox 2000 1442 2158 1491; x_wconf 81' lang='lat' dir='ltr'>Amen.</span> 
     </span>
    </p>
   </div>
   <div class='ocr_carea' id='block_1_3' title="bbox 184 1564 535 1575">
    <p class='ocr_par' dir='ltr' id='par_1_3' title="bbox 184 1564 535 1575">
     <span class='ocr_line' id='line_1_20' title="bbox 184 1564 535 1575; baseline 0 2325"><span class='ocrx_word' id='word_1_192' title='bbox 184 1564 535 1575; x_wconf 95' lang='lat' dir='ltr'> </span> 
     </span>
    </p>
   </div>
   <div class='ocr_carea' id='block_1_4' title="bbox 185 1629 2160 2082">
    <p class='ocr_par' dir='ltr' id='par_1_4' title="bbox 185 1629 2160 2082">
     <span class='ocr_line' id='line_1_21' title="bbox 272 1629 1583 1687; baseline -0.003 -10"><span class='ocrx_word' id='word_1_193' title='bbox 272 1634 320 1687; x_wconf 82' lang='lat'>7)</span> <span class='ocrx_word' id='word_1_194' title='bbox 349 1636 514 1683; x_wconf 76' lang='grc' dir='ltr'><em>σκεῦος</em></span> <span class='ocrx_word' id='word_1_195' title='bbox 537 1650 598 1671; x_wconf 90' lang='grc'><em>·.-..</em></span> <span class='ocrx_word' id='word_1_196' title='bbox 625 1645 783 1687; x_wconf 72' lang='lat' dir='ltr'>corpus.</span> <span class='ocrx_word' id='word_1_197' title='bbox 853 1632 985 1685; x_wconf 84' lang='lat' dir='ltr'>Supra</span> <span class='ocrx_word' id='word_1_198' title='bbox 1039 1646 1073 1673; x_wconf 86' lang='lat' dir='ltr'>c.</span> <span class='ocrx_word' id='word_1_199' title='bbox 1103 1633 1143 1673; x_wconf 88' lang='lat'>7.</span> <span class='ocrx_word' id='word_1_200' title='bbox 1290 1631 1359 1684; x_wconf 89' lang='lat'>10)</span> <span class='ocrx_word' id='word_1_201' title='bbox 1392 1629 1451 1674; x_wconf 81' lang='grc' dir='ltr'>τὰ</span> <span class='ocrx_word' id='word_1_202' title='bbox 1482 1633 1583 1673; x_wconf 83' lang='lat' dir='ltr'>Men.</span> 
     </span>
     <span class='ocr_line' id='line_1_22' title="bbox 186 1683 1707 1744; baseline -0.003 -10"><span class='ocrx_word' id='word_1_203' title='bbox 186 1692 237 1734; x_wconf 82' lang='lat' dir='ltr'>de</span> <span class='ocrx_word' id='word_1_204' title='bbox 283 1704 458 1744; x_wconf 80' lang='lat' dir='ltr'>corpore</span> <span class='ocrx_word' id='word_1_205' title='bbox 500 1690 675 1732; x_wconf 83' lang='lat' dir='ltr'>Christi:</span> <span class='ocrx_word' id='word_1_206' title='bbox 729 1687 839 1732; x_wconf 74' lang='grc' dir='ltr'>ἐπεὶ</span> <span class='ocrx_word' id='word_1_207' title='bbox 876 1688 955 1730; x_wconf 77' lang='grc' dir='ltr'>καὶ</span> <span class='ocrx_word' id='word_1_208' title='bbox 1003 1686 1146 1736; x_wconf 84' lang='grc' dir='ltr'><strong><em>αὐτὸς</em></strong></span> <span class='ocrx_word' id='word_1_209' title='bbox 1289 1687 1359 1740; x_wconf 92' lang='lat' dir='ltr'>ll)</span> <span class='ocrx_word' id='word_1_210' title='bbox 1393 1683 1634 1738; x_wconf 74' lang='grc' dir='ltr'>σώζεσθαι</span> <span class='ocrx_word' id='word_1_211' title='bbox 1664 1688 1707 1729; x_wconf 90' lang='grc' dir='ltr'>Β.</span> 
     </span>
     <span class='ocr_line' id='line_1_23' title="bbox 185 1739 2160 1805; baseline 0 -15"><span class='ocrx_word' id='word_1_212' title='bbox 185 1745 308 1803; x_wconf 71' lang='grc' dir='ltr'>ὑπὲρ</span> <span class='ocrx_word' id='word_1_213' title='bbox 339 1750 436 1790; x_wconf 72' lang='grc' dir='ltr'>τῶν</span> <span class='ocrx_word' id='word_1_214' title='bbox 448 1744 690 1805; x_wconf 77' lang='grc' dir='ltr'>ἡμετέρων</span> <span class='ocrx_word' id='word_1_215' title='bbox 710 1742 958 1804; x_wconf 75' lang='grc' dir='ltr'>ἁμαρτιῶν</span> <span class='ocrx_word' id='word_1_216' title='bbox 975 1739 1143 1802; x_wconf 72' lang='grc' dir='ltr'><em>ἤμελλε</em></span> <span class='ocrx_word' id='word_1_217' title='bbox 1288 1744 1359 1798; x_wconf 86' lang='grc'>12)</span> <span class='ocrx_word' id='word_1_218' title='bbox 1391 1745 1621 1797; x_wconf 85' lang='lat' dir='ltr'>Epigraphe</span> <span class='ocrx_word' id='word_1_219' title='bbox 1638 1742 1892 1799; x_wconf 77' lang='grc' dir='ltr'>Ἐπιστολὴ</span> <span class='ocrx_word' id='word_1_220' title='bbox 1908 1742 2160 1802; x_wconf 81' lang='grc' dir='ltr'><em>Βαρνάβου</em></span> 
     </span>
     <span class='ocr_line' id='line_1_24' title="bbox 188 1796 2159 1861; baseline 0.001 -15"><span class='ocrx_word' id='word_1_221' title='bbox 188 1802 243 1846; x_wconf 71' lang='grc' dir='ltr'>τὸ</span> <span class='ocrx_word' id='word_1_222' title='bbox 272 1805 436 1852; x_wconf 69' lang='grc' dir='ltr'><em>σκεῦος</em></span> <span class='ocrx_word' id='word_1_223' title='bbox 452 1806 537 1846; x_wconf 75' lang='grc' dir='ltr'>τοῦ</span> <span class='ocrx_word' id='word_1_224' title='bbox 558 1797 830 1861; x_wconf 71' lang='grc' dir='ltr'><em>πνεύματος</em></span> <span class='ocrx_word' id='word_1_225' title='bbox 851 1802 1144 1861; x_wconf 78' lang='grc' dir='ltr'><strong><em>προσφέρειν</em></strong></span> <span class='ocrx_word' id='word_1_226' title='bbox 1200 1802 1283 1843; x_wconf 82' lang='grc' dir='ltr'>τοῦ</span> <span class='ocrx_word' id='word_1_227' title='bbox 1320 1796 1590 1843; x_wconf 78' lang='grc' dir='ltr'><em>ἀποστόλου</em></span> <span class='ocrx_word' id='word_1_228' title='bbox 1637 1797 1932 1860; x_wconf 77' lang='grc' dir='ltr'><em>συνεκδήμου</em></span> <span class='ocrx_word' id='word_1_229' title='bbox 1962 1799 2159 1847; x_wconf 79' lang='grc' dir='ltr'><strong><em>Παύλου</em></strong></span> 
     </span>
     <span class='ocr_line' id='line_1_25' title="bbox 187 1854 2158 1913; baseline 0.001 -12"><span class='ocrx_word' id='word_1_230' title='bbox 187 1861 378 1903; x_wconf 72' lang='grc' dir='ltr'><strong><em>θυσίαν.</em></strong></span> <span class='ocrx_word' id='word_1_231' title='bbox 434 1859 517 1900; x_wconf 75' lang='lat' dir='ltr'>Cfr.</span> <span class='ocrx_word' id='word_1_232' title='bbox 547 1859 726 1900; x_wconf 54' lang='lat' dir='ltr'>{Thena</span> <span class='ocrx_word' id='word_1_233' title='bbox 754 1859 799 1909; x_wconf 77' lang='lat'>4,</span> <span class='ocrx_word' id='word_1_234' title='bbox 821 1858 862 1901; x_wconf 76' lang='lat'>4.</span> <span class='ocrx_word' id='word_1_235' title='bbox 1199 1859 1283 1899; x_wconf 75' lang='grc' dir='ltr'>τοῦ</span> <span class='ocrx_word' id='word_1_236' title='bbox 1312 1854 1450 1913; x_wconf 78' lang='grc' dir='ltr'><em>ἁγίου</em></span> <span class='ocrx_word' id='word_1_237' title='bbox 1489 1854 1758 1900; x_wconf 80' lang='grc' dir='ltr'><em>ἀποστόλου</em></span> <span class='ocrx_word' id='word_1_238' title='bbox 1793 1866 1853 1900; x_wconf 89' lang='lat' dir='ltr'>est</span> <span class='ocrx_word' id='word_1_239' title='bbox 1881 1860 1922 1900; x_wconf 90' lang='lat' dir='ltr'>in</span> <span class='ocrx_word' id='word_1_240' title='bbox 1952 1860 2007 1911; x_wconf 87' lang='lat' dir='ltr'>B,</span> <span class='ocrx_word' id='word_1_241' title='bbox 2052 1858 2158 1903; x_wconf 74' lang='grc' dir='ltr'>ἔπι-</span> 
     </span>
     <span class='ocr_line' id='line_1_26' title="bbox 270 1910 2160 1985; baseline 0.001 -27"><span class='ocrx_word' id='word_1_242' title='bbox 270 1917 316 1969; x_wconf 84' lang='grc'>8)</span> <span class='ocrx_word' id='word_1_243' title='bbox 345 1914 479 1959; x_wconf 71' lang='grc' dir='ltr'>ἔστιν</span> <span class='ocrx_word' id='word_1_244' title='bbox 510 1915 545 1956; x_wconf 89' lang='grc'>0</span> <span class='ocrx_word' id='word_1_245' title='bbox 572 1916 617 1955; x_wconf 77' lang='lat' dir='ltr'>V.</span> <span class='ocrx_word' id='word_1_246' title='bbox 683 1914 836 1956; x_wconf 83' lang='lat' dir='ltr'>Deinde</span> <span class='ocrx_word' id='word_1_247' title='bbox 877 1914 1024 1966; x_wconf 78' lang='lat' dir='ltr'>scripsi</span> <span class='ocrx_word' id='word_1_248' title='bbox 1066 1911 1141 1955; x_wconf 73' lang='grc' dir='ltr'>ἐλ-</span> <span class='ocrx_word' id='word_1_249' title='bbox 1199 1912 1338 1981; x_wconf 44' lang='lat' dir='ltr'>croti)</span> <span class='ocrx_word' id='word_1_250' title='bbox 1367 1910 1595 1981; x_wconf 62' lang='grc' dir='ltr'><strong><em>Βαρνάβα</em></strong></span> <span class='ocrx_word' id='word_1_251' title='bbox 1628 1917 1711 1956; x_wconf 81' lang='grc' dir='ltr'>τοῦ</span> <span class='ocrx_word' id='word_1_252' title='bbox 1722 1912 2012 1985; x_wconf 34' lang='lat' dir='ltr'>„argentost-ov</span> <span class='ocrx_word' id='word_1_253' title='bbox 2048 1927 2160 1985; x_wconf 57' lang='lat' dir='ltr'>ams-</span> 
     </span>
     <span class='ocr_line' id='line_1_27' title="bbox 187 1967 2159 2036; baseline 0.001 -22"><span class='ocrx_word' id='word_1_254' title='bbox 187 1973 381 2026; x_wconf 67' lang='lat' dir='ltr'>lelnqtt</span> <span class='ocrx_word' id='word_1_255' title='bbox 418 1971 559 2036; x_wconf 57' lang='lat'>⁶2⁸⁶</span> <span class='ocrx_word' id='word_1_256' title='bbox 578 1971 607 2011; x_wconf 67' lang='lat'>1?</span> <span class='ocrx_word' id='word_1_257' title='bbox 626 1970 727 2020; x_wconf 62' lang='grc' dir='ltr'>ΟΥ,</span> <span class='ocrx_word' id='word_1_258' title='bbox 762 1967 1006 2035; x_wconf 57' lang='lat' dir='ltr'>{nutante</span> <span class='ocrx_word' id='word_1_259' title='bbox 1036 1970 1141 2020; x_wconf 78' lang='lat' dir='ltr'>vulg.</span> <span class='ocrx_word' id='word_1_260' title='bbox 1200 1967 1406 2036; x_wconf 68' lang='grc' dir='ltr'>εκδημου</span> <span class='ocrx_word' id='word_1_261' title='bbox 1436 1971 1631 2012; x_wconf 81' lang='grc' dir='ltr'><em>Παυλου</em></span> <span class='ocrx_word' id='word_1_262' title='bbox 1661 1984 1743 2035; x_wconf 64' lang='grc' dir='ltr'>τοι)</span> <span class='ocrx_word' id='word_1_263' title='bbox 1779 1973 1915 2026; x_wconf 82' lang='grc' dir='ltr'><em>αγίου</em></span> <span class='ocrx_word' id='word_1_264' title='bbox 1948 1983 2159 2015; x_wconf 81' lang='grc' dir='ltr'><em>αποστο-</em></span> 
     </span>
     <span class='ocr_line' id='line_1_28' title="bbox 272 2025 1994 2082; baseline 0 -11"><span class='ocrx_word' id='word_1_265' title='bbox 272 2029 319 2082; x_wconf 77' lang='grc'>9)</span> <span class='ocrx_word' id='word_1_266' title='bbox 346 2027 426 2070; x_wconf 71' lang='grc' dir='ltr'>καὶ</span> <span class='ocrx_word' id='word_1_267' title='bbox 459 2040 501 2069; x_wconf 83' lang='grc' dir='ltr'>ιιι</span> <span class='ocrx_word' id='word_1_268' title='bbox 530 2033 639 2068; x_wconf 78' lang='lat' dir='ltr'>texui</span> <span class='ocrx_word' id='word_1_269' title='bbox 667 2038 786 2080; x_wconf 71' lang='lat' dir='ltr'>posin</span> <span class='ocrx_word' id='word_1_270' title='bbox 819 2038 866 2067; x_wconf 82' lang='lat' dir='ltr'>ex</span> <span class='ocrx_word' id='word_1_271' title='bbox 895 2038 1019 2078; x_wconf 77' lang='lat' dir='ltr'>marg.</span> <span class='ocrx_word' id='word_1_272' title='bbox 1051 2026 1093 2067; x_wconf 88' lang='lat' dir='ltr'>B.</span> <span class='ocrx_word' id='word_1_273' title='bbox 1203 2025 1284 2067; x_wconf 72' lang='grc' dir='ltr'>λου</span> <span class='ocrx_word' id='word_1_274' title='bbox 1311 2039 1352 2067; x_wconf 83' lang='grc' dir='ltr'>ιη</span> <span class='ocrx_word' id='word_1_275' title='bbox 1383 2026 1436 2077; x_wconf 85' lang='lat' dir='ltr'>V;</span> <span class='ocrx_word' id='word_1_276' title='bbox 1465 2026 1616 2067; x_wconf 86' lang='lat' dir='ltr'>nullam</span> <span class='ocrx_word' id='word_1_277' title='bbox 1647 2026 1833 2068; x_wconf 82' lang='lat' dir='ltr'>exhibent</span> <span class='ocrx_word' id='word_1_278' title='bbox 1862 2027 1994 2071; x_wconf 88' lang='lat' dir='ltr'>CFO.</span> 
     </span>
    </p>
   </div>
  </div>
 </body>
</html>
