2340 3900
277 203 372 254 178
553 203 758 251 lGNATll
798 200 1066 248 EPISTOLA
1102 201 1170 247 AD
1206 197 1738 249 PfflLAnELPHENSES.
1783 198 1830 243 V.
1868 196 1936 241 Vl.

277 383 323 433 V.
400 381 539 428 Orate
568 394 655 441 pro
696 394 791 436 me,
828 381 908 439 qui
944 379 1159 440 confuqio
1205 382 1269 427 ad
1303 380 1612 440 Evanqelium
1659 385 1698 424 et
1732 374 1982 437 Apostolos.
2052 372 2210 419 Hono-

881 467 981 508 rate
1019 462 1155 508 etiam
1186 462 1429 523 prophetas
1470 461 1517 511 V.
1561 462 1608 506 T.

407 549 637 616 Ἀδελφοί
672 571 784 617 μου,
820 550 929 602 λίαν
963 549 1214 618 ἐκκέχυμαι
1250 548 1450 620 ἀγαπῶν
1483 547 1625 615 ὑμᾶς,
1662 547 1744 599 καὶ
1778 539 2218 615 ὗπεραγαλλόμενος

276 618 595 687 ἀσφαλίζομαι
629 617 776 686 ὑμᾶς·
813 616 906 672 οὐκ
941 617 1032 688 ἐγώ
1067 618 1140 685 δὲ,
1175 617 1277 672 ἀλλ’
1310 618 1500 686 Ἰησοῦς
1538 613 1771 685 Χριστὸς,
1809 614 1860 665 ἐν
1894 615 1933 684 ᾧ
1966 612 2216 679 δεδεμένος

276 692 523 757 φοβοῦμαι
560 695 762 756 μᾶλλον,
802 686 868 750 ὥς
903 689 986 740 ἔτι1
1029 686 1098 741 ὦν
1145 687 1459 758 ἀνάρπαστος.
1526 685 1659 738 Ἀλλ’
1712 681 1747 750 ἦ
1793 680 2030 750 προσευχὴ
2078 679 2216 749 ὑμῶν

277 761 345 820 εἰς
385 757 510 811 Θεόν
541 762 600 825 με’
634 756 909 828 ἀπαρτίσει,
946 759 1054 823 ἵνα,
1092 759 1143 810 ἐν
1180 753 1218 830 ᾦ
1253 757 1413 830 κλήρῳ
1446 754 1692 824 ἠλεήθην,
1726 750 1956 839 ἑπιτύζω,
1999 767 2215 821 προσφυ-

275 826 374 897 γὼν
406 834 476 894 ,τῶ
513 826 768 898 εὐαγγελίω
804 825 869 889 ὥς
902 828 1041 898 σαρκὶ
1065 825 1245 895 Ἰησοῦ,
1281 829 1362 879 καὶ
1398 833 1499 887 τοῖς
1533 821 1814 882 ἀποστόλοις
1851 842 1916 883 ως
1961 824 2216 890 πρεσβυτε-

274 899 362 970 ρίῳ
398 882 686 964 ἑαίκλησίας.2
735 882 851 949 ’Καὶ
887 895 1000 959 τοὺς
1034 895 1287 966 προφήτας
1323 896 1374 948 δὲ
1410 895 1680 965 ἀγαπῶμεν,
1720 889 1800 942 διὰ
1834 888 1888 942 τὸ
1923 893 2005 942 καὶ
2037 889 2216 952 αὐτοὺς

275 968 344 1028 εἰς
391 965 444 1019 τὸ
491 965 762 1037 εὐαγγέλιον
796 967 1186 1037 κατηγγελκέναι,
1224 968 1306 1019 καὶ
1342 968 1408 1027 εἰς
1446 963 1595 1017 αὐτὸν
1648 963 1848 1023 ἐλπίζειν
1861 961 1893 1023 ,³
1941 960 2024 1012 καὶ
2068 957 2217 1012 αὐτὸν

274 1034 552 1102 ἀναμένειν·
589 1038 641 1089 ἐν
676 1030 716 1108 ᾧ
765 1038 845 1089 καὶ
890 1034 1225 1097 πιστεύσαντες
1272 1034 1549 1101 ἐσώθησαν,
1588 1036 1639 1087 ἐν
1685 1029 1871 1096 ἓνότητι
1898 1026 2061 1096 Ἰησοῦ
2098 1034 2217 1098 Χρι-

274 1111 413 1170 στοῦ,
463 1103 597 1168 ὄντες
644 1104 958 1176 ἀξιαγαπητοὶ
1003 1107 1083 1159 καὶ
1136 1104 1519 1172 ἀξιοθαύμαστοι
1562 1101 1715 1172 ἅγιοι,
1769 1096 1866 1151 ὑπὸ
1897 1096 2060 1166 Ἰησοῦ
2097 1103 2217 1167 Χρι-

271 1180 408 1297 Ξτοῗδ
421 1177 846 1246 μεμαρτυρημένοι,
882 1177 965 1229 καὶ
997 1175 1410 1246 συνηριθμημένοι
1447 1174 1497 1226 ἕν
1532 1178 1597 1244 τῷ
1635 1169 1890 1241 εὐαγγελίῳ
1924 1174 2013 1237 τῆς
2047 1174 2218 1236 κοινῆς

295 1250 358 1297 λπ
410 1265 476 1307 ος.

733 1376 800 1422 Vl.
869 1378 962 1425 Nee
1000 1383 1150 1424 tamen
1186 1377 1478 1423 Iudaismum
1513 1374 1749 1422 admittite.

402 1462 524 1517 Ἐὰν
560 1464 612 1516 δέ
647 1485 718 1526 τις
746 1463 1049 1533 Ἰουδαϊσμὸν
1084 1461 1319 1535 ἕρμηνεύῃ
1341 1462 1490 1530 ὑμῖν,1
1509 1461 1574 1531 μὴ
1604 1458 1800 1515 ἀκούετε
1831 1458 1996 1513 αὐτοῦ.
2051 1455 2216 1547 ’Ἀμει-

273 1554 359 1586 νον
392 1532 484 1604 γάρ
519 1535 643 1586 ἔστιν
676 1532 808 1603 παρὰ
841 1533 1020 1604 ἀνδρὸς
1053 1532 1316 1603 περιτομὴν
1351 1535 1538 1601 ἔχοντος
1570 1527 1969 1602 Χριστιανισμὸν’
2005 1526 2214 1593 ἀκονειν,

270 1602 307 1670 ἢ
339 1602 472 1672 παρὰ
505 1601 807 1671 ἀκροβύστου
836 1603 1178 1672 Ἰουδαϊσμόν,3
1237 1601 1360 1655 Ἐὰν
1396 1604 1449 1655 δέ
1482 1600 1744 1672 ἀμφότεροι
1779 1598 2064 1671 περὶἸησοῦ
2097 1601 2215 1669 Χρι-

273 1678 387 1725 στοῦ
423 1670 488 1740 μὴ
525 1678 756 1743 λαλῶσιν,
796 1668 930 1726 οὗτοι
964 1675 1068 1742 ἐμοὶ
1103 1676 1271 1740 στῆλαί
1306 1675 1424 1726 εἰσιν
1461 1673 1543 1725 καὶ
1576 1670 1726 1739 τάφοι
1762 1671 1984 1740 maiouim*
2021 1667 2102 1736 ἐφ’
2141 1665 2216 1732 οἷς

269 1742 529 1812 γέγραπται
574 1740 725 1809 μόνον
775 1741 989 1810 ὀνόματα
1035 1741 1325 1813 ἀνθρώπων.
1405 1741 1609 1811 Φεύγετε
1658 1733 1749 1794 οὗν
1791 1738 1878 1802 τὰς
1911 1741 2217 1807 κακοτεχνίας

268 1812 352 1864 καὶ
398 1812 592 1899 ἐνέδρας
635 1817 723 1864 τοῦ
767 1810 995 1882 ἄρχοντος
1036 1820 1123 1866 τοῦ
1173 1816 1349 1874 αἰῶνος
1394 1810 1590 1876 τούτου,
1639 1809 1821 1878 μήποτε
1871 1810 2118 1878 θλιβέντες
2154 1814 2215 1881 τῇ

268 1878 433 1952 γνώμῃ
470 1885 620 1932 αυτοῦ
657 1880 1016 1949 ἐξασθενήσετε5
1053 1884 1105 1935 ἐν
1137 1889 1195 1953 τῇ
1231 1881 1407 1953 ἀγάπῃ.
1473 1879 1619 1933 Ἀλλὰ
1652 1878 1828 1941 πάντες
1859 1879 1939 1932 ἐπὶ
1985 1876 2037 1931 τὸ
2095 1876 2214 1932 αὐτὸ

267 1951 464 2018 γίνεσθε
499 1950 550 2001 ἐν
587 1946 819 2022 ἀμερίστῳ
851 1954 1042 2023 καρδίᾳ.
1113 1952 1401 2020 Εὐχαριστῶ
1437 1950 1488 2003 δὲ
1523 1956 1589 2023 τῷ
1631 1953 1737 2022 Θεῷ
1772 1970 1892 2017 μου,
1929 1946 2004 2002 ὅτι
2048 1946 2216 2001 εὐσυν-

354 2144 449 2198 Cap.
480 2146 522 2186 V.
574 2142 802 2200 1)ώ’ςέστι
823 2160 862 2200 p.
882 2145 944 2193 ὠς
966 2144 1034 2188 ἔτι
1047 2147 1088 2188 C.
1118 2148 1215 2189 Dein

270 2196 572 2258 ἀνάρπαστος
595 2216 627 2243 c.
648 2202 675 2242 C
694 2203 745 2253 L,
779 2198 1131 2259 ἀναπάρτιστος
1160 2216 1235 2239 :z'

266 2260 512 2309 imperfectus
527 2259 731 2311 Interpol.,
755 2259 903 2301 Int.vet.
924 2266 962 2300 et
975 2260 1093 2310 Arm.,
1115 2273 1215 2312 quae

270 2312 429 2364 quidem
470 2313 588 2354 lectio
633 2315 750 2354 facile
794 2329 838 2355 ex
869 2329 928 2368 sq.
961 2313 1215 2372 ἀπαρτίσει

270 2367 365 2407 oriri
376 2367 525 2418 'potuit
575 2370 719 2410 Vocem
739 2367 1042 2427 ἀνάρπαστος
1061 2372 1213 2421 Ignatio

267 2423 365 2462 satis
408 2424 644 2474 convenire,
690 2426 854 2467 Vossius
904 2434 942 2467 et
988 2427 1211 2467 Pearsonus

270 2478 541 2519 ostenderunt.
601 2481 760 2521 Veteres
815 2488 943 2522 autem
996 2478 1212 2537 ἀναρπά-

268 2543 406 2580 στους
441 2542 737 2586 nuncuparunt,
789 2538 855 2589 qui
902 2550 946 2578 ex
993 2539 1210 2589 provinciis

260 2587 398 2629 ‘vocati
427 2603 507 2630 non
537 2591 623 2631 sine
654 2591 690 2631 vi
720 2605 740 2632 a
770 2593 900 2644 patria
938 2594 1099 2645 suisque
1138 2595 1208 2633 ab-

269 2645 525 2686 ducebantur.
592 2646 658 2687 Sic
698 2648 893 2699 Iosephus
947 2649 1076 2701 Antiq.
1124 2649 1209 2689 Iud.

265 2700 358 2740 xlv.
391 2701 428 2751 8,
447 2702 486 2741 4.
515 2713 554 2753 p.
575 2702 669 2742 622.
702 2703 763 2742 ed.
794 2705 975 2744 Hudsou.
1002 2705 1210 2751 Δικαίως

265 2753 319 2797 δὲ
347 2753 501 2810 ἔλεγεν
518 2753 863 2815 Ἀριστόβουλον
892 2759 982 2816 μὲν
1012 2761 1078 2806 εἰς
1100 2757 1209 2802 Ῥώ-

266 2824 362 2868 μην
396 2807 702 2870 ἀνάρπαστον
747 2817 998 2869 γεγονέναι.
1058 2816 1207 2856 Gallic-

265 2866 397 2908 ciolli:
431 2873 537 2908 temo
569 2869 891 2922 maggiormente,
923 2884 1035 2912 come
1065 2884 1206 2911 senon

265 2936 412 2979 ancora
441 2923 541 2963 fossi
570 2925 807 2966 strascinato
835 2927 909 2967 via.
969 2928 1088 2967 Forte
1118 2940 1206 2968 cum

264 2978 362 3019 Cod.
401 2978 656 3021 casanatensi
692 2982 966 3023 scribendum:
1007 2979 1070 3030 ὥς
1106 2981 1206 3024 ἐστι

264 3031 331 3076 (ὃν
384 3030 685 3094 ἀνάρπαστος
713 3054 768 3073 =
800 3035 863 3085 ὠς
914 3035 1007 3093 ἔχει
1063 3035 1205 3094 ἀνάρ-

263 3099 456 3137 παστος.

348 3146 392 3197 2)
422 3147 469 3187 H.
483 3146 525 3187 A.
549 3147 809 3200 Niemeyerin
831 3149 942 3189 Fries
967 3156 1005 3189 et
1028 3150 1201 3190 Schroe-

264 3209 324 3242 ter
351 3201 757 3254 Oppositionsschrist
786 3205 820 3255 1,
853 3206 889 3246 2.
922 3218 961 3256 p.
996 3205 1058 3246 14.
1098 3205 1202 3245 hunc

262 3257 396 3298 locum
435 3258 488 3298 ita
518 3258 705 3310 explicat:
746 3257 1013 3316 εὐαγγέλιον
1059 3257 1118 3301 est
1147 3277 1202 3296 =

263 3326 411 3353 summa
439 3315 541 3354 vitae
570 3319 605 3354 et
642 3320 813 3357 actorum
844 3318 961 3365 Iesu;
1001 3311 1204 3358 ἀπόστο·

262 3368 336 3408 λοι
349 3385 405 3404 =
417 3371 664 3411 narrationes
684 3371 953 3423 Apostolorum
972 3374 1018 3412 de
1041 3372 1205 3412 Christo.

261 3423 436 3465 Sensus:
468 3426 667 3469 adhaereo
688 3426 750 3478 iis,
768 3440 868 3480 quae
884 3428 1061 3468 Christus
1081 3440 1201 3480 prae-

208 3518 215 3524 ,
261 3478 407 3521 dicavit
436 3487 475 3521 et
506 3482 620 3531 fecit,
657 3483 769 3534 quasi
797 3484 926 3527 adhuc
955 3484 1042 3535 ipse
1071 3484 1198 3524 vivat:

260 3534 539 3588 adh-aereoque
575 3538 867 3581 narrationibus
903 3539 1198 3591 Apostolorum,

261 3591 374 3641 quasi
402 3591 480 3643 ipsi
532 3593 662 3634 adhuc
705 3601 748 3634 ut
784 3596 983 3647 quondam
1027 3595 1196 3647 presby-

261 3645 400 3687 terium
432 3647 627 3691 ecclesiae
684 3650 936 3694 constituant.
1017 3651 1097 3693 Sed
1157 3656 1196 3693 et

1273 2146 1495 2198 Prophetas
1536 2146 1577 2185 V.
1625 2145 1669 2186 T.
1717 2145 1891 2197 recipio,
1949 2143 2098 2197 quippe
2149 2144 2214 2198 qui

1273 2203 1403 2243 Iesum
1421 2201 1749 2243 annuntiaverint.
1808 2200 1888 2242 Csr.
1909 2213 2068 2254 quoque
2086 2201 2214 2241 Bothe

1270 2259 1355 2300 Ans.
1386 2271 1424 2310 p.
1456 2258 1551 2299 732.
1594 2264 1633 2298 et
1663 2257 1866 2307 Gieseler,
1897 2257 2073 2301 Versuch
2115 2257 2217 2298 tiber

1272 2315 1309 2354 d.
1351 2315 1598 2365 Entstehung
1646 2313 1716 2354 der
1759 2313 2035 2354 schristlichen
2080 2312 2213 2355 Evan-

1270 2370 1400 2420 gelien
1432 2383 1471 2421 p.
1494 2370 1586 2420 157,
1618 2370 1684 2422 qui
1715 2376 1804 2410 ante
1829 2369 2103 2421 Niemeyerum
2124 2381 2213 2410 mo-

1269 2432 1420 2475 nuerat,
1454 2422 1721 2479 εὐαγγέλιον
1749 2425 1876 2464 nostri
1918 2424 1999 2464 loci
2037 2437 2118 2464 non
2161 2425 2210 2464 de

1269 2483 1412 2532 scripto
1445 2481 1645 2531 evanyelio
1679 2492 1766 2520 esse
1787 2479 2074 2531 accipiendum.
2113 2480 2211 2520 Les·

1266 2536 1416 2586 singius
1459 2535 1588 2588 (Opp.
1643 2535 1704 2575 ed.
1750 2535 1988 2576 Lachmann.
2060 2535 2104 2575 T.
2133 2533 2210 2576 'XL

1265 2604 1304 2643 p.
1337 2591 1450 2642 567.)
1511 2591 1564 2630 ita
1624 2591 1879 2631 scribendum
1936 2603 2023 2632 esse
2075 2597 2208 2643 putat:

1266 2644 1556 2702 προσφυγὼν
1586 2648 1649 2701 τῷ
1687 2643 1933 2700 ἐπισκόπῳ
1974 2643 2038 2694 ὥς
2075 2645 2210 2702 σαρκὶ

1259 2700 1412 2754 Ἰησοῦ
1454 2703 1686 2755 Χριστοῦ,
1746 2702 1824 2743 καὶ
1865 2704 1963 2749 τοῖς
2005 2705 2210 2759 πρεσβυ-

1265 2759 1412 2814 τέροις
1442 2756 1684 2811 ἐκκλησίας
1713 2755 1775 2804 ὠς
1801 2753 2093 2805 ἀποστόλοις.
2131 2758 2207 2799 Alii

1264 2812 1533 2868 εὐαγγέλιον
1562 2814 1609 2854 de
1639 2813 1799 2865 scriptis
1821 2813 2058 2864 EvangeliiS,
2089 2810 2208 2855 ἀπό-

1265 2869 1418 2911 στολοι
1465 2870 1513 2909 de
1554 2869 1714 2921 scriptis
1740 2869 2047 2921 Apostolorum,
2088 2882 2205 2926 προ-

1261 2927 1406 3021 &mim
1431 2925 2124 3032 afflssipifflffstssi‘gpssissiffinffi
2155 2925 2205 3021 ἐξ

1260 3038 1471 3088 Prophetis
1508 3038 1601 3077 novi
1650 3036 1824 3077 foederis
1863 3049 1932 3078 seu
1971 3037 2203 3078 doctoribus

1261 3093 1488 3133 christianis
1518 3093 1700 3133 somniat.
1738 3093 1784 3132 H.

1342 3148 1386 3200 3)
1415 3149 1496 3190 Vet.
1542 3150 1614 3189 Int.
1663 3148 1802 3189 vertit:
1854 3155 1889 3190 et
1928 3151 1970 3190 in
2011 3149 2202 3191 Christum

1259 3217 1427 3257 sperare.

1343 3259 1438 3312 Cap.
1454 3260 1515 3301 vl.
1557 3258 1598 3311 1)
1618 3256 1733 3316 ἡμῖν
1754 3259 1786 3299 Cv
1803 3259 1848 3308 L,
1877 3272 1954 3313 pro
1986 3273 2066 3313 quo
2087 3261 2199 3302 Voss.

1257 3322 1365 3356 recte
1397 3316 1506 3356 dedit
1534 3315 1660 3371 ὑμῖν.

1342 3369 1388 3423 2)
1420 3372 1594 3420 Quaere,
1644 3383 1692 3409 an
1730 3376 1772 3410 ut
1799 3368 2029 3411 Antiochiae
2065 3370 2196 3422 primo

1257 3439 1402 3467 nomen
1451 3423 1764 3484 Χριστιανὸς,
1819 3426 1870 3466 ita
1935 3426 1984 3466 ab
2029 3426 2196 3478 Ignatio,

1254 3482 1486 3523 Antiochiae
1528 3481 1742 3533 episeopo,
1794 3481 1965 3533 primum
2001 3487 2191 3534 usurpata

1254 3551 1327 3579 vox
1355 3532 1757 3594 Χριστιανισμόςῖ
1785 3537 1966 3578 Pearson.

1337 3592 1384 3645 3)
1416 3593 1444 3632 C
1474 3593 1514 3633 in
1543 3604 1666 3644 marg.
1683 3605 1786 3634 man.
1806 3593 2053 3636 recentiore:
2095 3592 2192 3635 Con-

1252 3655 1314 3691 tra
1340 3649 1520 3690 Rabinos.
