2340 3900
146 738 633 850 ΒΑΡΝΑΒΑ
648 770 869 846 TOY
883 767 1531 844 ΑΠΟΣΤΟΑΟΥ
1553 775 2123 853 ΕΠΙΣἹῸΑΗ.1

378 1015 861 1091 BARNABAE
907 1012 1369 1090 APOSTOLI
1426 1013 1896 1095 EPISTOLA.

147 1246 181 1292 I·
252 1248 359 1295 Post
392 1249 725 1296 salutationem
770 1247 968 1308 scriptor
1014 1261 1114 1293 sese
1150 1260 1255 1292 cum
1298 1245 1529 1305 fratribus
1577 1259 1636 1291 ew
1673 1260 1725 1292 eo
1773 1248 1958 1309 aliquid
1995 1265 2118 1297 com-

522 1333 871 1378 municaturum
905 1331 1170 1383 annuntiat,
1205 1330 1329 1390 quod
1363 1329 1461 1389 ipse
1500 1331 1740 1390 acceperit.

285 1435 459 1500 Avete‚²
492 1435 593 1489 fitii³
630 1449 677 1490 et
711 1441 844 1498 filiae,
882 1442 926 1487 in
963 1441 1149 1488 nomine
1173 1441 1352 1487 Domini
1389 1441 1539 1486 nostri
1572 1441 1676 1488 Iesu
1697 1441 1879 1500 Christi,
1919 1444 1997 1504 qui
2035 1459 2119 1492 nos

148 1511 315 1569 dilexit,
351 1513 397 1558 in
435 1527 565 1575 pace.
634 1513 895 1574 Magnarum
933 1518 979 1558 et
1013 1511 1311 1558 honestarum
1348 1511 1428 1557 Dei
1464 1505 1762 1571 aequitatum⁴
1799 1513 2120 1562 abundantiam

148 1582 301 1629 sciens
338 1596 442 1630 esse
480 1583 527 1629 in
563 1582 708 1636 vohis,
749 1597 888 1644 supra
923 1581 1110 1629 modum
1147 1573 1398 1628 exhilaror⁵
1434 1580 1581 1627 beatis
1617 1589 1663 1628 et
1698 1583 1948 1643 praeclaris
1988 1586 2120 1646 spiri·

149 1651 269 1698 tibus
315 1653 508 1709 vestris,
562 1653 687 1714 quod
736 1653 804 1700 sic
850 1645 1136 1699 naturalem⁶

1181 1651 1369 1712 gratiam
1417 1652 1678 1712 accepistis,
1743 1653 1948 1714 Propter
1996 1657 2122 1716 quod

145 1721 389 1783 plurimum
425 1722 627 1784 gratulor
664 1723 790 1780 mihi,
829 1716 1042 1784 sperans⁷
1079 1722 1290 1778 liberari,
1343 1721 1449 1782 quia
1485 1735 1591 1768 vere
1627 1722 1758 1769 video
1804 1723 1851 1769 in
1887 1723 2017 1771 vobis
2055 1726 2120 1772 in·

145 1791 296 1838 fusum
333 1792 542 1854 spiritum
579 1792 635 1840 ab
668 1786 885 1839 honesto⁸
923 1792 1048 1839 fonte
1087 1793 1180 1849 Dei,
1213 1784 1335 1838 cum⁹
1371 1806 1643 1853 persuasum
1680 1793 1791 1838 mihi
1829 1793 1888 1839 sit
1924 1794 2038 1852 hoc,
2077 1802 2123 1841 et

238 1923 284 1981 1¹)
313 1927 621 1979 inscriptionem
669 1927 782 1968 illam
821 1929 876 1969 H
915 1927 1106 1968 ΦΕΡΟ-

153 1985 357 2026 ΜΕΝΗ
391 1985 529 2026 ΤΟΥ
559 1985 768 2028 ΛΓΙΟΥ
795 1985 1107 2025 BAPNABA

149 2041 567 2084 ΑΠΟΣΤΟΛΟῩ
599 2040 958 2082 ΕΠΙΣΤΟΛΗ
996 2042 1107 2080 ΚΛ-

156 2097 419 2140 ΘΟΛΙΚΗ
450 2097 492 2137 in
530 2097 707 2138 editione
746 2094 970 2148 (principe)
1007 2096 1107 2146 Hug.

154 2153 332 2195 nonanti
359 2153 574 2206 praeviam,
607 2153 674 2206 qui
703 2153 898 2206 scriptum
924 2152 1106 2192 Bernaba

152 2209 390 2263 acephalum
430 2210 666 2262 evulgarunt
706 2216 801 2262 post
841 2222 951 2259 eum,
997 2209 1106 2250 varie

152 2273 413 2307 mutaverunt.
470 2266 585 2318 Apud
616 2266 762 2307 Euseb.
792 2267 840 2307 Η.
873 2266 917 2306 Ε.
947 2266 1011 2315 III,
1039 2266 1106 2307 25.

150 2329 211 2363 est
258 2319 284 2376 ἡ
321 2323 559 2379 φερομένη
596 2318 824 2380 Βαρνάβα
868 2318 1106 2375 ἐπιστολή.

152 2379 345 2430 Origenes
394 2379 555 2431 quidem
600 2379 785 2432 reliquit:
835 2380 1107 2433 Γέγραπται

148 2432 208 2488 δὴ
236 2433 289 2478 ἐν
306 2436 362 2476 t?
379 2430 605 2489 Βαρνάβα
621 2435 851 2492 καθολικῇ
882 2435 1106 2493 ἐπιστολῇ

150 2499 288 2532 contra
358 2491 430 2532 ets.
459 2492 496 2541 1,
530 2492 597 2533 63.
632 2492 744 2532 Tom.
770 2493 899 2534 XVIII.
932 2493 974 2533 P.
1005 2492 1033 2532 I.
1066 2505 1105 2544 p.

155 2549 246 2591 116.
278 2548 341 2588 ed.
373 2548 415 2588 C.
446 2548 494 2589 H.
528 2549 572 2589 E.
604 2549 896 2600 Lommatzseh,
927 2548 1105 2590 Berolini

152 2604 443 2648 1831-1848.
491 2605 657 2646 Etiamsi
688 2605 819 2647 obiter
846 2613 998 2647 tautum
1030 2604 1105 2645 ali-

149 2662 239 2715 quis
288 2661 438 2702 indolis
485 2669 605 2715 atque
657 2662 806 2714 ingenii
865 2663 1105 2715 lineamenta

150 2718 268 2759 liuius
280 2718 486 2771 Epistulae
496 2722 907 2778 φυσιογνωμονεῖν
920 2718 1105 2769 voluerit,

149 2788 237 2816 eam
275 2775 327 2816 ad
365 2777 567 2830 proprium
604 2776 875 2830 definitumque
919 2778 1106 2818 lectorum

150 2837 313 2882 coetum,
347 2845 422 2873 nec
450 2832 501 2872 ad
532 2834 793 2875 universalem
813 2833 945 2874 datam
965 2832 1104 2882 ruisse,

149 2888 267 2930 facile
287 2888 363 2929 sihi
381 2889 655 2942 persuadebit.
684 2889 962 2931 Verumtamen
982 2902 1105 2941 posse

149 2958 235 2986 eam
267 2957 343 2997 pro
376 2952 494 2998 captu
528 2945 713 2997 origenis
744 2946 886 2988 eodem
918 2946 1003 2987 iure
1035 2959 1103 2986 ca-

146 3002 326 3044 tholicam
358 3001 638 3052 denominare,
676 3015 756 3056 quo
796 3003 970 3044 cuiusvis
1002 3002 1105 3043 alius

96 3065 103 3071 ·
148 3058 401 3099 Alexandrini
432 3058 640 3111 scriptum,
671 3072 788 3100 nemo
820 3066 928 3101 certe
958 3059 1105 3100 infitias

148 3114 232 3155 ibit.
291 3114 463 3156 Codices
497 3114 686 3156 Biblioth.
726 3116 989 3166 Barberinae,
1029 3115 1106 3155 Ca-

147 3171 386 3221 sarlatensis,
399 3171 667 3222 florentinae,
679 3172 988 3222 ottobonianae,
1000 3172 1106 3212 Vati-

147 3241 291 3277 canae,
334 3241 437 3281 quos
482 3229 657 3280 contuli,
690 3229 898 3282 epitheton
935 3229 1038 3269 illud
1067 3228 1106 3268 in

147 3284 447 3337 subscriptione
487 3298 567 3326 non
606 3292 843 3338 agnoscunt.
902 3287 985 3327 Nos
1015 3284 1106 3338 qui-

150 3340 239 3381 dem
275 3339 376 3381 duce
402 3341 503 3382 Cod.
530 3342 722 3383 Vaticano
754 3342 910 3384 titulum
942 3354 1106 3395 expres—

149 3396 286 3437 simus.
345 3395 427 3439 err.
459 3398 562 3439 infra
597 3412 631 3440 c.
663 3400 729 3441 21.
763 3405 845 3440 not.
882 3399 944 3440 12.

237 3452 282 3506 2)
320 3453 440 3495 Vetus
480 3455 689 3508 Epistolae
728 3455 1006 3509 interpretatio
1047 3456 1107 3496 la—

151 3507 258 3558 tina,
303 3522 349 3550 ea
399 3510 559 3564 quidem
611 3512 768 3554 mendis
813 3512 1023 3553 almndans
1069 3518 1109 3553 et

153 3576 295 3604 manca
334 3572 438 3607 extat
473 3567 515 3608 iu
547 3568 698 3610 Codice
739 3569 997 3619 Coi-betensi,
1039 3568 1107 3622 qui

151 3627 243 3661 ante
286 3633 394 3662 saec.
432 3622 495 3665 tx.
534 3632 717 3667 exaratus
769 3625 926 3667 dieitur.
992 3624 1109 3666 lllinc

150 3683 342 3729 quattuor
373 3678 501 3731 prima
531 3682 662 3736 capita
682 3688 721 3725 et
740 3681 949 3724 dimidium
969 3681 1111 3734 quinti,

262 3749 415 3790 vitans
447 3763 585 3793 APOST.

1161 1939 1251 1967 cum
1269 1939 1412 1977 graece
1427 1925 1585 1975 2desint,
1609 1926 1888 1968 mutuavimus
1937 1928 2120 1982 Capitum

1162 1989 1293 2023 autem
1326 1982 1511 2022 lemmata
1542 1988 1681 2021 nostra
1711 1989 1816 2024 sunt.

1246 2039 1292 2091 3)
1328 2038 1489 2079 Fideles
1526 2038 1732 2089 evangelio
1778 2041 2003 2091 regenerati
2046 2055 2119 2095 ap-

1161 2095 1366 2149 pellantur
1391 2096 1481 2144 filii,
1515 2100 1650 2147 patres
1668 2102 1799 2136 antem
1820 2097 2019 2149 Apostoli,
2050 2100 2118 2152 qui

1162 2166 1232 2194 eos
1261 2151 1527 2205 spiritualiter
1552 2158 1786 2202 genuerunt.
1833 2152 1914 2194 Cfr.
1943 2155 1971 2196 Ι.
2003 2156 2119 2197 Joan.

1162 2210 1202 2261 2,
1233 2209 1299 2251 28.
1330 2207 1457 2249 ICor.
1492 2208 1532 2258 4,
1568 2208 1631 2248 15.
1667 2209 1732 2250 16.
1765 2209 1829 2250 17.
1865 2210 1951 2252 Gal.
1981 2212 2022 2263 4,
2055 2213 2118 2254 19.

1245 2265 1290 2316 4)
1319 2266 1376 2306 Ita
1401 2265 1567 2304 Vossius
1609 2265 1783 2306 correxit
1806 2265 1905 2307 Cod.
1931 2268 2120 2309 mendum

1166 2323 1377 2376 aequitate.
1444 2320 1575 2361 Veteri
1626 2322 1743 2361 huius
1783 2323 1856 2374 Ep.
1904 2324 2119 2377 Interpreti

1163 2377 1405 2435 δικαίωμα
1425 2383 1486 2418 est
1509 2382 1611 2417 recte
1629 2381 1791 2429 suctum,
1818 2381 2024 2430 rectitudo,
2046 2381 2119 2422 sed

1163 2435 1281 2476 etiam
1293 2435 1684 2485 statutum,z·ustttiae
1699 2442 1963 2488 praeceptum.
2003 2438 2122 2479 Prior

1161 2491 1402 2543 significatio
1436 2491 1522 2541 hic,
1563 2490 1689 2532 altera
1725 2493 1928 2545 reperitur
1959 2494 1999 2534 in
2029 2508 2120 2548 sqq.

1164 2562 1279 2601 capp.
1305 2548 1507 2589 Csr.ins1·a
1537 2561 1570 2587 c.
1595 2547 1657 2589 10.
1683 2549 1744 2590 16.
1764 2550 1831 2590 21.
1863 2550 1976 2592 Rom.
1995 2553 2034 2602 5,
2061 2554 2120 2594 18.

1164 2612 1203 2646 et
1235 2607 1330 2646 Luc.
1370 2607 1402 2655 l,
1432 2604 1471 2646 6.
1502 2605 1615 2645 Rom.
1650 2606 1685 2655 1,
1718 2605 1786 2647 32.
1823 2606 1863 2657 2,
1893 2607 1962 2649 36.

1246 2663 1289 2712 5)
1324 2663 1374 2703 111
1403 2662 1518 2702 Joan.
1553 2662 1591 2701 4.

1249 2722 1293 2772 6)
1325 2719 1408 2759 Vet.
1441 2719 1513 2759 Int.
1558 2718 1664 2758 infra
1696 2733 1728 2768 c.
1760 2719 1799 2761 9.
1843 2717 1927 2771 τὴν
1969 2718 2122 2778 ἔμφυ-

1164 2789 1246 2819 τον
1274 2773 1460 2831 δωρεὰν
1474 2774 1594 2815 vertit
1612 2776 1794 2817 naturale
1814 2778 1972 2819 donum.
2006 2778 2119 2820 Unde

1163 2834 1263 2874 Men.
1309 2845 1399 2873 eum
1430 2831 1519 2872 heic
1559 2829 1775 2888 ἔμφυτον
1802 2832 1971 2884 legisse,
2010 2842 2121 2875 recte

1162 2889 1336 2931 coniecit
1375 2889 1596 2929 adnotans:
1650 2888 1854 2930 Naturalis
1894 2893 2025 2941 ¹qratia
2065 2897 2122 2931 est

1159 2948 1284 2998 firma,
1309 2947 1427 2987 altius
1447 2946 1639 2994 radicata,
1664 2947 1756 2985 bene
1783 2947 1921 2996 insita,
1943 2953 1980 2987 et
2000 2949 2119 2999 plan-

1160 3008 1242 3043 tata
1274 3005 1315 3043 in
1344 3004 1475 3043 anima
1498 3003 1611 3043 iusti.
1671 3001 1824 3042 Eodem
1843 3015 1963 3043 sensu
1993 3003 2033 3043 in
2054 3016 2120 3044 ex-

1163 3060 1280 3100 ordio
1300 3060 1374 3111 Ep.
1392 3059 1532 3110 Ignatii
1565 3058 1616 3098 ad
1643 3059 1844 3111 Ephesios
1870 3055 2122 3107 Ἀποδεξά-

1159 3129 1303 3174 μενος
1335 3114 1386 3158 Eu
1416 3116 1518 3171 Θεῷ
1553 3112 1607 3156 τὸ
1639 3111 2011 3170 πολυαγάπητόν
2039 3126 2124 3158 σου

1162 3170 1330 3230 ὄνομα,
1360 3167 1386 3213 ὃ
1423 3171 1654 3226 κέκτησθε
1684 3168 1828 3227 φύσει
1859 3169 2035 3227 δικαίᾳ.

1245 3232 1290 3280 7)
1324 3230 1351 3270 1.
1396 3243 1430 3269 e.
1471 3241 1641 3282 sperans
1683 3230 1790 3278 sore,
1840 3235 1882 3269 ut
1928 3229 2120 3281 periculis

1162 3286 1460 3327 imminentibus
1484 3284 1762 3337 expediamini.
1810 3285 1891 3325 Csr.
1909 3285 2012 3326 infra
2033 3300 2066 3327 c.
2083 3286 2120 3328 2.

1160 3343 1328 3384 initium.
1389 3342 1542 3382 Forsan
1573 3340 1831 3382 scribendum
1856 3354 2021 3394 sperans
2049 3356 2119 3385 vos

1162 3401 1337 3449 liberari,
1370 3412 1427 3439 sc.
1459 3400 1499 3439 in
1527 3397 1676 3438 Christo
1709 3413 1765 3432 =
1792 3399 1945 3439 redimi.

1249 3457 1293 3509 8)
1332 3456 1451 3495 Forte
1491 3459 1577 3494 erat
1606 3451 1654 3501 ἐξ
1694 3449 1940 3509 ἀξιολόγου
1971 3457 2124 3511 πηγῆς

1163 3514 1291 3555 θεοῦ.
1341 3510 1585 3551 Galliceiolli
1628 3509 1767 3549 vertit:
1816 3510 1980 3561 giacche
2019 3512 2122 3553 vedo

1164 3574 1438 3610 veracemente
1483 3568 1660 3607 trassuso
1713 3565 1752 3605 in
1791 3567 1855 3607 voi
1898 3567 1938 3609 lo
1976 3569 2121 3621 spirito

1165 3624 1259 3666 dall'
1292 3623 1525 3665 antorevole
1557 3624 1665 3662 sonte
1698 3622 1846 3665 divino.

1251 3680 1296 3735 9)
1329 3680 1429 3721 Men.
1471 3680 1584 3721 Voss.
1625 3684 1665 3720 ct
1706 3678 1773 3720 alii
1812 3679 1955 3722 maiori
1996 3680 2122 3723 inter-

1755 3750 1772 3791 1
