2340 3900
208 162 301 211 152
619 161 824 208 lGNATll
865 160 1138 207 EPlSToLA
1171 160 1242 206 AD
1279 158 1639 206 TRALLIANOS.
1690 159 1720 204 l.

545 298 633 347 XV.
705 299 924 346 Saluiam
955 313 1036 345 vos
1072 297 1258 360 Ephesii
1293 305 1334 346 et
1370 305 1544 346 ceterae
1582 298 1814 344 ecclesiae.

340 385 653 449 Ἀσπάζονται
687 385 814 454 ὑμᾶς
839 386 1089 452 Ἐφέσιοι1
1125 383 1221 439 ἀπὸ
1258 385 1510 474 Σμύρνης,
1545 386 1668 438 ’ὅθεν
1702 387 1784 437 καὶ
1805 381 1991 470 γράφω
2022 379 2150 449 ὖμῖν,

206 456 440 525 παρόντες
489 458 558 517 εἰς
607 454 754 518 δόξαν
795 459 949 520 Θεοῦ,
1001 455 1163 542 ὥσπερ
1204 458 1285 510 καὶ
1318 455 1475 524 ὑμεῖς,
1513 459 1561 507 οἳ
1594 454 1715 507 κατὰ
1750 452 1906 506 πάντα
1940 472 1995 518 με
2048 450 2152 503 ἀνέ-

206 545 424 588 παυσαν,
470 524 570 592 ἅμα
607 524 946 614 Πολυκᾶρπῳ,
997 524 1240 599 ἐπισκόπῳ
1265 527 1581 614 Σμυρναίων.

210 595 456 660 ἐκκλησίαι
503 595 554 646 ἐν
615 601 726 667 τιμῇ
771 571 946 662 Ἰησοῦ
985 601 1198 682 Χριστοῦ
1253 593 1542 658 ἆσπαζονται
1592 592 1732 680 υμᾶς.

1653 524 1751 575 Καὶ
1797 524 1851 574 αἱ
1892 521 2056 572 λοιπαὶ
2102 519 2154 572 δὲ

1792 589 2055 658 ’Έρρωσθε
2104 590 2155 641 ἐν

211 662 413 734 ὁμονοία
439 666 580 728 Θεοῦ,
616 665 893 733 κεκτημένοι
929 662 1226 735 ἆδιακριτον2
1248 671 1452 732 πνεῦμα,
1490 662 1546 724 ός
1569 664 1695 714 ἔστιν
1715 659 1904 728 Ἰησοῦς
1930 657 2154 728 Χριστός.

681 1039 1230 1085 ΤΡΑΛΛῙΑΝΟΙΣ
1273 1041 1394 1083 ΙΓΝ
1404 1037 1693 1082 4‘1'1021

363 1147 605 1220 Ιγνάτιος,
643 1173 669 1204 ο
706 1154 787 1205 καὶ
828 1151 1108 1241 Θεοφόρος,
1153 1151 1436 1239 ηγαπημένη
1479 1153 1618 1221 Θεῷ,
1662 1149 1816 1238 πατρὶ
1843 1146 2006 1214 Ἰησοῦ
2045 1153 2163 1216 Χρι-

421 1227 567 1286 στοῦ,
605 1222 831 1312 ἐκκλησίᾳ
865 1221 994 1295 ἆγία,
1029 1229 1088 1295 τῇ
1126 1221 1247 1294 οῦση
1285 1224 1337 1275 ἐν
1379 1203 1653 1309 Τράλλεσιν2
1689 1224 1776 1285 τῆς
1801 1216 1987 1282 Ἀσίας,
2038 1219 2161 1270 ἐκλε-

426 1296 516 1378 κτῆ
550 1291 630 1343 καὶ
680 1277 914 1364 αξιοθέῳ,
965 1290 1275 1363 εἶρηνευούσῃ
1327 1292 1378 1343 ἐν
1422 1290 1560 1377 σαρκὶ
1595 1289 1677 1340 καὶ
1713 1309 1879 1355 αιματι
1914 1287 2060 1352 [xa2]³
2095 1307 2162 1338 τω

2140 1291 2164 1303 Q

424 1343 578 1412 παθει
615 1360 778 1429 Ἰησοῦ
834 1348 1079 1459 Χριστοῦ,
1127 1367 1215 1429 τῆς
1250 1347 1450 1422 ἐλπίδος
1496 1357 1650 1442 ημῶν
1686 1358 1737 1410 ἐν
1787 1364 1846 1431 τῇ
1896 1359 1963 1419 εἷς
2016 1354 2166 1408 αὐτὸν

423 1427 700 1483 ἀναστάσει·
735 1431 799 1499 η“ν
833 1434 934 1484 καῖ*
971 1428 1238 1498 ἆσπαζομαι
1278 1432 1329 1483 ἐν
1374 1436 1438 1502 τῷ
1485 1425 1791 1498 πληρώματι,
1795 1411 1830 1455 ⁵
1863 1427 1916 1479 ἐν
1963 1424 2166 1479 ἀποστο-

427 1501 568 1572 λικῷ6
603 1522 896 1570 χαρακτηρι,
934 1503 1015 1554 καὶ
1052 1499 1248 1568 εῦχομαι
1283 1507 1477 1553 πλεῖστα
1509 1501 1701 1567 χαίρειν.

583 1646 615 1691 Ι.
690 1648 816 1694 Laus
850 1655 1001 1695 vestra
1033 1662 1118 1709 per
1152 1648 1393 1707 Polybium
1429 1646 1542 1692 mihi
1575 1646 1786 1691 innotuit.

343 1732 576 1822 ’Ἀμωμον
624 1734 847 1808 διανοιαν
893 1738 975 1789 καὶ
1010 1735 1306 1824 ἆδιακριτονἿ
1346 1735 1396 1786 ἐν
1431 1732 1656 1821 υπομονῇ
1679 1734 1840 1821 ε’γνων
1875 1731 2002 1800 ὖμᾶς
2038 1733 2163 1819 ε’χον-

218 1826 331 1866 τας,
370 1802 429 1855 οὗ
461 1803 583 1856 κατὰ
616 1811 820 1893 χρῆσιν,
850 1805 969 1858 ἀλλὰ
1003 1804 1124 1859 κατὰ
1160 1805 1360 1872 φύσιν,8
1396 1801 1567 1864 καθὼς
1608 1787 1842 1870 ἐδήλωσέν
1888 1824 1970 1870 μοι
2007 1800 2169 1855 Πολύ-

218 1876 354 1939 βιος,
406 1894 431 1925 ο
482 1875 742 1936 ἐπίσκοπος
788 1873 954 1944 ὑμῶν,

1005 1874 1062 1936 ὃς
1109 1875 1392 1944 παρεγένετο
1439 1871 1674 1957 θεληματι
1714 1875 1841 1924 Θεοῦ
1887 1873 1971 1926 καὶ
2007 1870 2169 1960 Ἰησοῦ

222 1947 439 2009 Χριστοῦ
486 1943 538 1995 ἐν
589 1944 816 2016 Σμύρνῃ,
867 1945 950 1996 καὶ
998 1943 1153 2005 οὕτως
1205 1964 1287 2011 μοι
1335 1961 1570 2011 συνεχαρη
1633 1942 1869 2014 δεδεμένα)
1917 1943 1968 1994 ἐν
2007 1940 2169 2010 Ἰησοῦ

308 2109 402 2162 Cap.
432 2110 508 2151 XV.
565 2111 606 2163 1)
637 2111 725 2151 Non
742 2111 921 2163 Ephesii,
953 2110 1019 2163 qui
1041 2122 1165 2161 nego-

223 2166 353 2207 ciandi
384 2179 502 2207 causa
523 2167 713 2219 Smyrnae
749 2167 956 2218 degebant,
991 2166 1063 2206 sed
1092 2166 1167 2216 illi,

224 2223 291 2275 qui
321 2235 409 2262 cum
439 2223 625 2263 Onesimo
657 2223 849 2275 episcopo
869 2223 1030 2275 Epheso
1053 2223 1168 2273 Igna-

222 2279 319 2318 tium
351 2291 398 2319 eo
428 2285 616 2319 venerant
644 2279 867 2319 salutatum.

313 2334 358 2387 2)
390 2336 445 2375 Ita
476 2348 509 2374 c.
540 2335 730 2386 Interpol.
762 2335 946 2385 Vossius,
985 2335 1026 2374 in
1058 2335 1169 2374 cuius

224 2396 328 2430 textu
362 2386 624 2445 διάκριτον,
662 2397 706 2430 ut
737 2391 821 2430 exh.
854 2390 943 2431 CL.
1007 2390 1087 2431 Csr.
1120 2390 1170 2430 ad

228 2446 328 2497 Eph.
361 2459 394 2486 c.
424 2446 463 2495 3,
496 2445 547 2485 ad
581 2446 703 2486 Trall.
735 2460 767 2486 c.
802 2448 837 2486 1.

177 2545 181 2548 ,
319 2501 356 2553 l)
394 2501 461 2541 Sic
499 2501 719 2542 inscribunt
750 2501 777 2540 C
803 2502 847 2542 L.
873 2522 917 2530 -
958 2502 1093 2554 Aequa
1126 2515 1171 2542 ac

228 2558 394 2598 aliarum
429 2557 627 2597 civitatum
658 2557 846 2597 charitate
876 2557 1059 2609 impulsi,
1105 2558 1170 2610 qui

229 2613 383 2654 Tralles
434 2612 730 2663 inhabitabant,
779 2614 921 2653 fratres
963 2613 1170 2665 Polybium

229 2670 462 2721 episcopum
491 2670 698 2720 Smyrnam
728 2669 1008 2719 delegaverunt
1047 2671 1101 2720 (c.
1135 2670 1171 2710 1.

233 2724 332 2776 12),
354 2732 397 2765 ut
414 2724 564 2775 ignatio
582 2725 631 2764 ob
656 2725 811 2765 vincula
834 2725 1171 2776 congratulentur.

227 2782 264 2822 Is
295 2781 466 2820 naturali
495 2781 784 2821 Trallianorum
824 2782 966 2821 mentis
998 2781 1171 2821 candore

230 2843 348 2889 atque
368 2837 446 2876 fide
464 2849 510 2876 ex
534 2836 623 2887 ipso
646 2837 839 2888 episcopo
866 2837 1035 2887 cognita,
1053 2837 1170 2877 laude

230 2905 299 2933 eos
332 2892 518 2942 celebrat,
550 2892 600 2932 oh
633 2892 898 2933 obedientiam
914 2905 1006 2943 erga
1028 2893 1170 2944 ipsum,

228 2949 487 3001 presbyteros
529 2954 567 2988 et
605 2947 796 2988 diaconos
836 2948 964 3000 adque
997 2955 1172 2988 mutuum

230 3016 406 3045 amorem
435 3010 553 3056 atque
583 3004 795 3054 unitatem,
834 3010 878 3043 ut
908 3005 1069 3054 assolet,
1103 3017 1172 3044 co-

230 3060 412 3101 hortatur
442 3060 494 3111 (c.
510 3060 549 3101 2.
572 3060 644 3112 3.).
702 3060 931 3100 Humilitate
962 3060 1037 3100 sibi
1072 3072 1172 3111 opus

231 3128 319 3157 esse
361 3116 414 3167 (c.
445 3114 527 3168 4.);
575 3116 750 3169 quamvis
791 3116 980 3156 coelestia
1017 3117 1173 3156 tradere

230 3179 371 3224 posset
416 3179 652 3225 praecepta,
712 3172 950 3224 discipulum
996 3185 1038 3212 se
1087 3184 1174 3212 esse

234 3229 404 3269 affirmat
447 3229 500 3279 (c.
534 3229 604 3278 5.).
662 3228 718 3268 Ab
761 3228 939 3268 erroneis
982 3228 1175 3268 doctrinis

234 3285 430 3326 custodite
464 3297 559 3334 voS‚
593 3284 827 3336 praesertim
858 3297 879 3323 a
908 3285 1091 3334 Docetis,
1133 3283 1176 3323 id

234 3340 395 3392 quidem
437 3340 764 3390 mansuetudine,
806 3340 885 3380 fide
917 3346 956 3380 et
986 3340 1175 3380 charitate

234 3396 403 3436 colenda
449 3395 502 3448 (c.
531 3396 730 3446 6—11.).
801 3396 939 3436 Saluto
986 3409 1056 3437 vos
1097 3408 1176 3435 una

235 3464 323 3492 cum
354 3452 493 3503 legatis
535 3453 794 3493 ecclesiarum
825 3453 1015 3504 Smyrnae
1055 3464 1175 3504 prae-

235 3508 433 3560 sentibus3
472 3514 627 3549 manete
659 3509 699 3548 in
730 3509 809 3548 fide
832 3514 870 3548 et
901 3507 1178 3560 charitates-'et

234 3563 274 3602 in
307 3564 551 3604 orationihus
584 3565 724 3605 vestris
763 3565 840 3605 mei
873 3571 911 3605 et
942 3565 1079 3616 Syriae
1110 3577 1176 3604 ec-

238 3619 383 3659 clesiae
413 3632 608 3662 memores
639 3627 768 3662 estote
798 3620 852 3674 (c.
887 3619 949 3662 12.
988 3619 1082 3673 13.).

1308 2109 1446 2149 Versio
1479 2109 1643 2161 Syriaca
1674 2121 1695 2148 a
1718 2109 1918 2150 Curetono
1943 2109 2048 2150 edita
2077 2110 2172 2162 Epi-

1223 2165 1352 2206 stolae
1396 2165 1445 2204 ad
1488 2165 1712 2205 Trallianos
1759 2177 1846 2217 cap.
1877 2166 1915 2207 4.
1957 2171 1996 2206 et
2037 2167 2074 2207 5.
2117 2166 2172 2206 ita

1226 2222 1396 2271 exhibet,
1426 2228 1470 2262 ut
1500 2235 1544 2261 ea
1576 2227 1759 2261 annectat
1777 2221 1871 2272 illis,
1904 2235 2004 2275 quae
2034 2235 2081 2262 ex
2100 2223 2172 2274 Ep.

1228 2279 1278 2318 ad
1315 2278 1516 2318 Romanos
1558 2278 1765 2329 desumpta
1817 2279 1974 2330 profert
2018 2278 2172 2320 ultima.

1226 2334 1507 2384 Argumentum
1546 2346 1642 2373 sane
1687 2333 1895 2386 utriusque
1940 2335 2080 2386 capitis
2121 2335 2172 2374 ob

1226 2390 1405 2429 indolem
1452 2397 1491 2431 et
1530 2390 1595 2430 hic
1639 2396 1677 2429 et
1720 2389 1805 2430 illic
1846 2389 1979 2430 locum
2025 2391 2174 2431 hahere

1228 2451 1376 2497 potest,
1413 2458 1650 2498 quamquam
1681 2458 1769 2486 eum
1789 2445 1945 2486 facilius
1974 2452 2107 2487 tuetur
2133 2446 2174 2487 in

1228 2502 1378 2551 Ignatio
1412 2515 1569 2552 graeco.
1630 2501 1851 2542 Curetonus
1894 2515 1989 2542 vero
2019 2509 2173 2543 utrum-

1230 2570 1305 2608 que
1341 2570 1428 2609 cap.
1464 2558 1670 2609 Epistolae
1710 2557 1760 2598 ad
1801 2559 1912 2599 Rom.
1958 2559 2173 2608 adiudicat,

1230 2625 1315 2652 eam
1358 2613 1407 2652 ad
1438 2613 1663 2653 Trallianos
1707 2614 1900 2653 denotans
1934 2621 2172 2666 suspectam.

1227 2669 1398 2708 Armenii
1435 2669 1806 2720 interpretationem
1851 2682 1914 2721 ap.
1946 2671 2175 2710 Peterman-

1228 2737 1321 2764 num
1352 2725 1524 2765 evolvas.

1311 2779 1354 2832 2)
1384 2778 1435 2823 ἐν
1466 2775 1684 2837 τράλεσιν
1715 2780 1742 2821 C
1768 2782 1812 2821 L.

1311 2836 1356 2888 3)
1389 2836 1505 2889 [καὶ]
1537 2849 1582 2877 ex
1597 2838 1668 2878 Int.
1694 2843 1768 2878 vet.
1789 2836 1911 2876 inseri
1941 2836 2024 2876 vult
2039 2837 2174 2888 Voss

1231 2893 1342 2932 deest
1382 2893 1422 2932 in
1466 2892 1554 2933 CL.
1624 2894 1718 2933 Mihi
1749 2893 1918 2958 quidem
1973 2893 2175 2933 abundare

1228 2949 1404 2998 videtur,
1450 2949 1541 3000 quia
1583 2951 1648 3003 τῷ
1693 2944 1842 2991 πάθει
1883 2949 2084 3000 appositio
2117 2955 2178 2989 est

1229 2980 1564 3069 praecedentium.
1622 3005 1760 3046 Versio
1792 3006 1894 3046 Arm.
1926 3018 1947 3045 a
1980 3011 2086 3046 textu
2117 3018 2174 3057 gr.

1230 3061 1290 3100 vel
1324 3061 1489 3101 maxime
1523 3062 1735 3113 discrepat.

1318 3117 1362 3169 4)
1392 3117 1468 3157 καὶ
1498 3118 1735 3169 particulam
1767 3131 1788 3158 a
1818 3117 1960 3158 Vossio
1994 3123 2175 3169 praeter-

1232 3172 1393 3213 missam
1425 3174 1618 3224 praebent
1649 3173 1675 3213 C
1704 3174 1748 3213 L.

1317 3228 1362 3280 5)
1390 3229 1419 3270 Ι.
1460 3243 1493 3269 e.
1542 3230 1652 3270 cuius
1694 3228 1887 3269 ecclesiae
1936 3228 2068 3269 omnia
2109 3242 2175 3269 sa-

1231 3284 1315 3325 luto
1349 3285 1538 3326 membra.
1590 3286 1724 3325 Smitlz.

1317 3341 1360 3392 6)
1390 3341 1452 3381 Uti
1483 3342 1548 3381 hic
1577 3341 1654 3380 sihi
1684 3338 1935 3391 (episcopo),
1976 3339 2030 3380 ita
2070 3340 2174 3381 infra

1233 3409 1266 3435 c.
1295 3396 1334 3436 2.
1363 3397 1607 3449 presbyteris
1635 3409 1793 3448 quoque
1823 3395 2027 3436 Ecclesiae
2058 3397 2174 3438 Tral-

1231 3452 1359 3492 lianae
1391 3453 1666 3492 auctoritatem
1695 3452 1892 3503 quandam
1911 3452 2174 3504 apostolicam

1232 3508 1370 3548 tribuit
1400 3508 1582 3558 Ignatius.
1621 3508 1700 3548 Iac.
1765 3507 1954 3548 Smithius
1978 3508 2175 3549 salutandi

1233 3565 1414 3613 formam,
1447 3577 1522 3615 qua
1555 3563 1737 3615 Apostoli
1766 3563 1998 3613 utebantur,
2025 3564 2174 3605 intelli-

1233 3620 1300 3670 git.
1363 3620 1616 3661 Holstenius:
1650 3620 1866 3672 Apostolico
1896 3633 2015 3661 more.
2073 3620 2173 3661 Gra-

2322 1199 2340 1291 xa...
2320 1120 2340 1181 v⁷·,›=
