2340 3900
240 143 340 194 296
507 141 715 189 lGNATII
754 139 1022 186 EPISTOLA
1055 140 1124 185 AD
1163 138 1541 189 SMYRNENSES.
1594 142 1682 189 VII.
1719 141 1828 188 VIII.
1867 141 1936 187 IX.

237 273 514 328 ἀποστόλων
547 270 635 338 τὴν
666 272 843 332 πίστιν,
874 274 961 320 τοῦ
995 267 1070 321 v6⁵
1100 267 1369 324 Ἰουδαϊκὸν
1404 278 1609 359 πλῆθος
1633 273 1959 358 ἐπεγείραντος
1993 276 2059 354 τῷ
2089 276 2187 323 Κυ-

239 347 341 430 ρίῳ,
377 348 462 393 τοῦ
497 341 578 392 καὶ
612 344 704 391 νῦν
741 341 1046 424 ἐνεργοῦντος
1081 338 1132 389 ἐν
1166 346 1267 402 τοῖς
1300 342 1426 402 υἱοῖς
1461 347 1547 408 τῆς
1584 340 1851 403 ἀπειθείας,
1891 360 1959 392 ων
1994 322 2210 426 ῥύσεται

238 411 269 464 6
295 398 486 497 Κύριος
510 407 700 495 Ἰησοῦς
725 405 947 494 Χριστὸς,
984 405 1014 459 6
1044 409 1243 474 δεηθεὶς
1277 408 1341 477 μὴ
1379 411 1607 463 ἐκλείπειν
1642 409 1730 476 τὴν
1764 412 1922 461 πίστιν
1956 413 2053 460 τῶν
2073 406 2189 461 ἀπο-

247 479 442 542 στόλων,
482 475 568 564 οὐχ
614 498 680 538 ως
713 474 778 543 μὴ
818 474 1091 564 αὐταρκῶνῗ
1107 476 1318 542 φυλάξαι
1352 477 1530 566 αὐτὴν,
1567 477 1669 531 ἀλλ’
1714 501 1779 539 ως
1799 480 1976 562 χαίρων
2010 482 2069 549 τῇ
2103 483 2190 529 τοῦ

245 546 442 633 Πατρὸς
476 544 700 634 ύπεροχῆ.
775 545 996 611 Πρέπον6
1033 540 1122 598 οῦν
1156 547 1307 616 ἐστιν,
1359 525 1621 615 ἀπέχεσθαι
1654 553 1749 598 τῶν
1807 545 2063 609 τοιούτων,
2109 547 2191 598 καὶ

241 615 358 684 μήτε
391 614 500 669 κατ’
542 598 690 667 Z6iocv⁷
735 615 863 682 περὶΒ
911 612 1072 667 αὐτῶν
1104 621 1283 680 λαλεῖν,
1322 616 1437 684 μήτε
1471 623 1636 704 κοινῇ,
1677 615 1931 701 προσέχειν
1967 614 2020 665 δὲ
2053 612 2186 687 νόμω

241 687 323 739 καὶ
357 683 644 754 προφήταις,
681 683 762 737 καὶ
797 690 898 746 τοῖς
935 682 1374 754 εὐαγγελισαμένοις
1409 685 1524 752 ύμῖν
1555 685 1644 737 τὸν
1680 681 1914 751 σωτήριον
1946 681 2105 753 λόγον.

383 810 487 855 VIII
567 799 664 862 Τάς
700 800 753 853 66
788 799 1103 888 δυσωνύμους
1138 803 1340 868 αἱρέσεις
1375 803 1456 854 καὶ
1490 800 1602 862 τοὺς
1637 798 1694 852 τὰ
1728 803 1958 867 σχίσματα
1993 805 2194 853 ποιοῦν-

245 893 329 932 τας
365 869 577 960 φεύγετε,
615 892 680 932 ως
715 868 866 939 ἀρχὴν
904 877 1078 924 κακῶν.
1152 870 1343 933 Πάντες
1379 877 1447 942 τῷ
1483 868 1728 940 ἐπισκόπω
1760 868 2090 936 ἀκολουθεῖτε,
2129 867 2194 931 ὥς

243 939 273 992 6
313 938 522 1025 Χριστὸς
557 939 753 1027 Ἰησοῦς
802 946 868 1011 τῷ
905 943 1088 1009 Πατρί·
1138 942 1219 993 καὶ
1253 947 1320 1013 τῷ
1355 925 1675 1026 πρεσβυτερίω
1695 923 1790 1006 66,
1838 961 1904 1000 ως
1937 946 2039 1000 τοῖς
2077 937 2194 990 ἀπο-

244 1009 452 1071 στόλοις·
490 1007 604 1070 τοὺς
640 1009 692 1061 δὲ
727 994 988 1071 διακόνους
1014 995 1312 1077 ἐντρέπεσθε,
1352 1031 1417 1070 ως
1447 1012 1573 1060 Θεοῦ
1611 984 1808 1074 ἐντολὴν
1832 1011 2191 1069 διακονοῦντας.

247 1080 443 1145 Μηδεὶς
476 1080 618 1146 χωρὶς
653 1077 918 1131 ἐπισκόπου
951 1081 997 1131 τὶ
1019 1080 1299 1166 πρασσέτω
1311 1084 1406 1130 τῶν
1413 1076 1706 1173 ἀνηκόντων
1734 1079 1801 1138 εἰς
1818 1075 1907 1156 τὴν
1928 1078 2196 1164 ἐκκλησίαν.

240 1146 451 1234 Ἐκείνη
469 1151 643 1215 βεβαία
678 1146 964 1216 εὐχαριστιά1
999 1147 1230 1234 ἡγείσθω,
1266 1147 1299 1214 ἦ
1334 1146 1430 1199 ὐπὸ
1469 1146 1574 1198 τὸν2
1613 1147 1876 1199 ἐπίσκοπον
1909 1139 2049 1211 ουσα,
2085 1144 2119 1213 ἢ
2155 1139 2195 1217 ᾦ

243 1215 305 1268 ἀν
341 1214 486 1279 αὐτὸς
521 1218 789 1305 ἐπιτρέψῃ.3
863 1218 1030 1270 ’Όπου
1081 1216 1139 1269 ἀν
1174 1223 1307 1305 φανῇ
1346 1215 1374 1269 6
1413 1218 1699 1279 ἐπίσκοπος,
1750 1214 1803 1267 τὸ
1840 1222 2035 1303 πλῆθος
2080 1198 2198 1268 ἔστω

247 1285 417 1371 ὥσπερ
445 1286 572 1339 ὅπου
610 1286 638 1339 6
658 1285 880 1372 Χριστὸς,
915 1285 1096 1353 πᾶσαῆ
1132 1285 1359 1356 οὐράνιος
1395 1284 1588 1353 στρατιὰ
1622 1286 1934 1352 παρέστηκεν,
1972 1307 2038 1347 ως
2050 1283 2197 1371 ἀρχι-

245 1354 488 1442 στρατήγω
523 1363 610 1422 τῆς
645 1355 893 1422 δυνάμεως
929 1359 1147 1441 Κυρίου,
1196 1357 1277 1407 καὶ
1313 1358 1537 1421 διανομεῖ
1576 1355 1735 1441 πάσης
1780 1375 1958 1444 νοητης
1991 1351 2198 1440 φύσεως.

240 1423 344 1475 Οὐκ
381 1411 487 1487 ἐξόν
525 1426 641 1477 ἐστί’*
674 1426 816 1492 χωρὶς
852 1424 1118 1478 ἐπισκόπου
1153 1423 1260 1477 ούτε
1294 1427 1553 1491 βαπτίζειν,
1592 1422 1701 1476 οῦτε
1717 1425 2052 1514 προσφέρειν,
2089 1421 2200 1477 ούτε

242 1496 445 1545 θυσίαν5
481 1497 841 1583 προσκομίζειν,
897 1492 1006 1546 οὔτε
1043 1493 1189 1561 δοχὴν
1225 1495 1472 1546 ἐπιτελεῖν·
1530 1491 1638 1545 ἀλλ’
1700 1493 1727 1546 6
1766 1493 1826 1545 ‹321›
1875 1495 2042 1546 ἐκείνω
2078 1495 2200 1580 δοκῇ

243 1562 350 1614 κατ’
394 1562 701 1631 εὐαρέστησιν
741 1565 934 1626 Θεοῦ,’
923 1565 1003 1615 ι’να
1040 1562 1269 1629 ἀσφαλὲς6
1305 1566 1336 1635 ᾖ
1375 1564 1454 1615 καὶ
1491 1564 1688 1630 βέβαιον
1725 1569 1851 1627 πᾶν,
1889 1563 1916 1615 6
1956 1561 2017 1615 ἂν
2050 1560 2201 1632 πράσ-

242 1634 385 1698 σητεῖ

382 1756 450 1800 IX
514 1745 738 1815 Εὔλογόν
773 1749 873 1799 ἐστι
907 1746 1077 1800 λοιπὸν
1113 1746 1366 1834 ἀνανῆψαι
1398 1745 1554 1814 ημᾶς,
1611 1770 1677 1809 ως
1726 1750 1793 1800 ἔτι
1827 1745 2000 1814 καιρὸν
2036 1749 2201 1814 ἔχομεν

243 1819 312 1876 εἰς
353 1814 478 1867 Θεὸν
513 1823 787 1881 μετανοεῖν·
824 1817 876 1867 ἐν
896 1814 1002 1905 γὰρ
1038 1821 1104 1886 τῷ
1116 1816 1229 1900 ἅδῃ
1266 1814 1357 1867 οὐκ
1379 1818 1504 1867 ε’στιν
1527 1817 1556 1868 6
1582 1815 2038 1904 ἐξομολογούμενος·
2068 1815 2202 1869 Ἰδου

241 1883 332 1971 γὰρ
372 1882 649 1947 ἄνθρωπος,
685 1885 766 1935 καὶ
802 1882 856 1935 τὸ
894 1886 1033 1951 ἔργον
1070 1880 1219 1936 αὐτοῦ
1243 1882 1349 1971 πρὸ
1376 1884 1638 1952 προσώπου
1659 1885 1824 1938 αὐτοῦ.
1880 1888 2020 1953 Τίμα,
2035 1887 2200 1973 φησὶν,

241 1953 316 2005 υἱὲ
354 1951 439 2004 τὸν
480 1951 629 2016 Θεὸν,
683 1953 765 2004 καὶ
797 1954 1019 2018 βασιλέα·
1068 1951 1160 2021 ἐγω
1207 1952 1260 2004 66
1292 1954 1448 2020 φημὶ
1518 1956 1654 2039 Τίμα
1689 1954 1775 2020 μὲν
1808 1953 1894 2006 τὸν
1937 1953 2084 2018 Θεὸν,
2135 1953 2203 2017 ὦς

242 2024 398 2074 αἴτιον
433 2028 529 2073 τῶν
563 2021 689 2074 όλων
723 2022 804 2073 καὶ
836 2020 1050 2109 Κύριον·
1088 2023 1352 2074 ἐπίσκοπον
1388 2022 1455 2084 66,
1494 2044 1560 2083 ως
1592 2022 1833 2109 ἀρχιερέα,
1875 2026 2001 2075 Θεοῦ
2037 1998 2203 2076 εἰκόνα

244 2097 504 2156 φοροῦντα,
540 2089 661 2143 κατὰ
697 2091 784 2158 μὲν
817 2089 870 2143 τὸ
906 2090 1077 2178 ἄρχειν,
1122 2095 1274 2155 Θεοῦ,
1312 2089 1434 2143 κατὰ
1469 2091 1522 2143 66
1555 2090 1609 2144 τὸ
1647 2091 1917 2162 ἱερατεύειν,
1957 2097 2199 2161 Χριστοῦ·

243 2161 326 2212 καὶ
358 2159 474 2227 μετὰ
505 2167 689 2224 τοῦτον,
726 2166 869 2228 τιμᾶν
904 2159 991 2231 χρὴ
1027 2161 1109 2214 καὶ
1143 2135 1352 2228 βασιλέα.
1411 2159 1536 2213 Οῦτε
1569 2159 1659 2231 γὰρ
1693 2165 1821 2214 Θεοῦ
1855 2183 1929 2224 τις
1962 2163 2198 2248 κρείττων,

244 2253 276 2296 η
314 2230 650 2299 παραπλήσιος
687 2230 737 2281 ἐν
771 2236 890 2282 πᾶσι
924 2237 1026 2292 τοῖς
1057 2224 1223 2282 οὐσιν·
1271 2229 1380 2282 οὔτε
1417 2230 1470 2282 66
1506 2231 1557 2282 ἐν
1593 2232 1818 2319 ἐκκλησία
1855 2229 2122 2284 ἐπισκόπου
2157 2254 2204 2284 τι

244 2303 403 2365 μεῖζον
439 2300 697 2367 ἱερωμένου
738 2303 845 2370 Θεῷ
882 2298 1003 2369 ὑπὲρ
1049 2306 1137 2366 τῆς
1182 2305 1268 2352 τοῦ
1320 2299 1507 2367 κόσμου
1555 2299 1735 2363 παντὸς
1755 2303 2046 2388 σωτηρίας·
2092 2299 2201 2356 οῦτε

245 2369 478 2434 βασιλέως
512 2390 584 2429 τις
619 2353 954 2451 παραπλήσιος
987 2371 1038 2422 ἐν
1074 2368 1313 2439 ἄρχουσιν,
1371 2368 1586 2456 εἰρήνην
1600 2372 1683 2423 καὶ
1719 2369 1949 2438 εὐνομίαν
1981 2377 2084 2432 τοῖς
2117 2370 2200 2440 ἀρ-

244 2436 461 2503 χομένοις
491 2436 890 2508 πρυτανεύοντος.
963 2436 1020 2490 ‘O
1041 2444 1204 2525 τιμῶν
1241 2439 1516 2502 ἐπίσκοπον,
1552 2437 1650 2491 ύπὸ
1696 2443 1822 2492 Θεοῦ
1857 2438 2202 2526 τιμηθήσεται·

246 2504 403 2572 ὥσπερ
453 2508 543 2557 οὐν
593 2505 622 2558 6
669 2506 907 2573 ἀτιμάζων
942 2505 1113 2571 αὐτὸν,
1161 2505 1257 2559 ὐπὸ
1300 2510 1426 2559 Θεοῦ
1475 2507 1842 2574 κολασθήσεται.
1918 2510 1989 2560 Εἰ
2034 2508 2163 2596 γὰρ
2173 2507 2202 2561 6

245 2577 494 2641 βασιλεῦσι
529 2574 615 2640 μὲν
651 2575 1057 2663 ἐπεγειρόμενος,1
1092 2574 1331 2637 κολάσεως
1379 2577 1510 2639 ἄξιος
1558 2579 1776 2640 δικαίως2
1813 2575 2086 2666 γενήσεται,
2135 2577 2203 2640 ὣς

245 2664 297 2712 γε
330 2642 608 2731 παραλύων
623 2643 712 2710 τὴν
745 2644 915 2712 κοινὴν
951 2643 1204 2712 εὐνομίαν·
1238 2645 1375 2712 πόσῳ
1412 2649 1594 2699 δοκεῖτε
1615 2649 1845 2717 χείρονος3
1879 2645 2201 2713 ἀξιωθήσεται

244 2715 490 2781 τιμωρίας,
527 2711 555 2763 6
590 2711 707 2764 ἄνευ
745 2713 1010 2767 ἐπισκόπου
1046 2736 1091 2765 τι
1125 2721 1283 2766 ποιεῖν
1318 2716 1712 2804 προαιρούμενος,
1749 2718 1831 2769 καὶ
1854 2737 1945 2804 την
1968 2714 2203 2802 ὁμόνοιαν

246 2784 491 2844 διασπων,
528 2783 611 2832 καὶ
646 2781 735 2849 τὴν
770 2781 992 2847 εὐταξίαν
1027 2785 1265 2853 συγχέων,-
1313 2784 1546 2853 ἱερωσύνη
1594 2785 1684 2855 γάρ
1738 2787 1837 2839 ἐστι
1884 2783 1938 2838 τὸ
1989 2783 2203 2840 πάντων*

332 2923 375 2977 5)
405 2925 542 2965 τοῦτο
571 2937 597 2974 p
645 2923 726 2963 τοῦ
759 2920 810 2963 τὸ
843 2924 885 2964 V.
1336 2924 1380 2975 6)
1409 2921 1624 2991 ἀσφαλὴς
1654 2927 1696 2967 V.

332 2979 380 3032 6)
409 2979 608 3033 πρέπων
634 2978 676 3018 V.
1333 2978 1377 3036 7)
1405 2975 1466 3021 ὃδ
1498 2979 1556 3024 ἄν
1587 2978 1824 3041 πράσσετε
1859 2982 1949 3022 OV.

334 3034 378 3087 7)
409 3033 526 3075 καθ’
563 3032 692 3076 ἰδίαν
720 3047 797 3075 scr.
830 3036 874 3075 Ο.

333 3091 379 3141 8)
409 3091 466 3130 Ita
497 3091 571 3131 BF
590 3090 682 3142 OV,
709 3089 822 3159 μετ’
856 3092 970 3131 Voss.
1337 3090 1432 3158 Cap.
1464 3092 1524 3133 IX.
1587 3091 1626 3145 1)
1658 3091 1682 3135 6
1716 3093 1960 3146 βασιλεῦσι
1987 3092 2077 3151 μὲν
2095 3091 2201 3137 ἒπε-

335 3146 431 3199 Cap.
467 3146 559 3187 VIII.
621 3145 661 3197 1)
692 3144 988 3205 εὐχαριστεία
1019 3146 1105 3187 OV.
1250 3143 1523 3204 γειρόμενος
1554 3149 1646 3189 dedi
1679 3163 1723 3190 ex
1746 3150 1791 3200 Ο,
1824 3150 1864 3190 in
1898 3150 2008 3190 cuius
2041 3150 2201 3202 quidem

334 3203 377 3254 2)
409 3203 504 3244 τῶν
536 3203 590 3253 Ο,
622 3199 705 3244 τὸν
734 3203 785 3243 ad
816 3215 938 3244 oram.
1251 3210 1355 3244 textu
1383 3210 1444 3244 est
1470 3211 1514 3245 ut
1542 3205 1583 3245 in
1604 3206 1634 3245 V
1664 3202 1688 3246 ὁ
1720 3206 1963 3258 βασιλεῦσι
1993 3204 2058 3272 μὴ
2093 3203 2202 3247 ἔπε-

334 3257 379 3309 3)
408 3255 658 3316 ἐπιτρέψει
688 3258 720 3299 Ο
738 3259 780 3299 V.
1250 3255 1533 3315 γειρόμενος,
1564 3261 1635 3301 sed
1664 3259 1753 3317 μεν
1767 3274 1806 3300 m
1836 3273 1981 3311 marg&
2011 3258 2036 3302 ὁ
2065 3265 2201 3314 βασι-

332 3314 376 3366 4)
407 3311 537 3356 ἐστιν
568 3314 599 3353 Ο
620 3314 660 3353 V.
1252 3315 1411 3357 λεῦσιν
1435 3312 1832 3382 ἑπεγειρόμενοςΒ
1863 3316 1983 3367 vulg„
2016 3315 2040 3358 6
2065 3320 2199 3370 βασι-

333 3369 376 3422 5)
397 3367 661 3412 οὐσίανΟν.
707 3370 813 3418 Quae
834 3370 942 3410 varia
970 3370 1089 3411 lectio
1112 3371 1195 3410 fere
1252 3367 1354 3416 λεὺς
1384 3369 1490 3466 μὲνί
1503 3367 1860 3428 ἔπεγειρόμενος
1886 3372 1928 3412 V.

248 3431 395 3475 monet,
415 3431 458 3465 ut
479 3425 594 3465 huius
616 3438 759 3477 passus
775 3432 980 3467 auctorem
1001 3427 1071 3467 illo
1093 3432 1196 3466 tem-
1337 3426 1382 3478 2)
1411 3424 1550 3473 ἀξίως
1580 3426 1657 3468 καὶ
1687 3425 1881 3474 δικαίως
1910 3439 1950 3479 p.
1980 3422 2106 3476 ἄξιος
2126 3426 2199 3470 δι-

252 3494 353 3531 pore
383 3481 525 3521 vixisse
553 3487 793 3533 statuamus,
835 3495 914 3535 quo
945 3482 985 3522 in
1015 3482 1196 3522 Ecclesia
1253 3482 1395 3528 καίως
1426 3482 1456 3520 Ο
1476 3482 1518 3523 V.

250 3543 343 3576 nota
376 3537 445 3576 iIla
476 3537 747 3578 controversia
781 3539 828 3579 de
856 3535 992 3579 οὐσία
1022 3538 1198 3578 fervebat
1338 3536 1382 3588 3)
1407 3533 1636 3591 χειρόνως
1667 3538 1755 3587 OV,
1788 3538 1828 3577 in
1858 3538 1936 3579 hoc
1965 3539 2076 3591 prius
2097 3541 2201 3594 χεί-

252 3603 414 3650 eamque
444 3605 582 3633 vocem
615 3605 655 3644 p.
685 3596 832 3636 θυσία
863 3594 1141 3636 introduxisse.
1260 3605 1416 3649 ρονως.
