2340 3900
281 194 381 245 208
834 191 1163 240 MARTYRIUM
1198 193 1243 241 S.
1282 193 1501 243 IGNATII.
1551 195 1584 243 Ι.
1621 195 1676 246 Il.

463 406 934 451 MAPTYPION
976 405 1131 450 ΤΟΥ
1169 406 1402 453 ΑΓΙΟῩ
1439 408 2056 455 ΙΕΡΟΜΑΡΤῩΡΟΣ

731 476 1113 520 ΙΓΝΑΤΙΟῩ
1151 478 1307 523 TOY
1348 481 1778 525 θΕΟΦΟΡΟῩ.

576 597 606 642 1.
677 597 852 656 Iynalit‘
888 611 1002 644 cura
1032 601 1285 659 pastoralis
1318 608 1357 646 et
1393 603 1607 660 martyrii
1644 601 1937 647 desiderium.

2201 686 2232 741 ὁ.

401 684 558 775 ’'Aptss
606 684 948 774 διαδεξαμένου
995 683 1083 754 τὴν
1114 685 1368 775 Ῥωμαίων
1421 688 1571 777 ἀρχὴν
1614 694 1881 758 Τραϊανοῦ,
1907 685 2227 776 ’Ῑγνάτιος,ο

280 762 366 809 τοῦ
403 753 671 808 ἀποστόλου
701 753 930 807 Ἰωάννου
967 755 1237 845 μαθητὴς,2
1270 757 1397 847 ἀνὴρ
1434 755 1517 826 ἧν3
1553 766 1654 821 τοῖς
1701 763 1850 811 πᾶσιν
1896 755 2230 822 ἆποστολικὸς,

279 828 362 879 καὶ
398 826 630 912 ἐκυβέρνα
664 822 753 891 τὴν
789 825 1042 912 ἐκκλησίαν
1070 824 1352 894 Ἀντιοχέων
1386 830 1669 895 ἐπιμελῶς,4
1705 826 1838 889 τοὺς5
1871 827 2020 880 πάλαι
2064 835 2231 896 χειμῶ-

278 918 367 958 νας
404 894 540 963 μόλις
574 892 866 982 παραγαγὼν
901 901 996 947 τῶν
1030 903 1218 949 πολλῶν
1255 899 1333 950 ἐπὶ
1368 903 1668 965 Δομετιανοῦ
1684 900 1955 984 διωγμῶν,
2003 897 2230 987 καθάπερ

277 964 573 1034 κυβερνήτης
620 963 834 1034 ἀγαθὸς,
882 971 949 1037 τῷ
997 968 1126 1018 οἴακι
1173 972 1260 1034 τῆς
1304 985 1572 1035 προσευχης
1618 967 1700 1019 καὶ
1746 973 1832 1035 τῆς
1865 970 2109 1034 νηστείας,
2147 970 2230 1020 καὶ

276 1041 334 1108 τῇ
369 1038 584 1104 συνεχεία
618 1040 704 1102 τῆς
739 1019 1069 1099 διδασκαλίας,
1105 1041 1172 1107 τῷ
1206 1035 1330 1108 τόνῳ
1366 1043 1432 1088 τῶ
1475 1043 1807 1122 πνευματικῷ,
1875 1035 1998 1104 πρὸς
2031 1035 2119 1104 τὴν
2153 1035 2229 1100 ζά-

279 1113 368 1172 λην
411 1104 499 1173 τὴν
545 1105 871 1171 ἀντικειμένην
917 1103 1151 1173 ἀντεῖχεν·
1198 1091 1428 1168 δεδοικὼς
1465 1104 1532 1173 μή
1567 1126 1673 1158 τινα
1710 1113 1807 1159 τῶν
1856 1105 2162 1177 ὀλιγοψύχων
2193 1130 2225 1174 η

280 1173 625 1266 ἆκεραιρτέρων
661 1172 895 1261 ἀποβάλῃ.
975 1181 1243 1263 Τοιγαροῦν
1275 1174 1580 1266 ηὐφραίνετο
1606 1176 1694 1242 μὲν
1730 1177 1809 1229 ἐπὶ
1842 1182 1909 1228 τῶ
1930 1182 2030 1264 τῆς
2064 1178 2228 1244 ἐκκλη-

279 1248 386 1305 σίας
433 1243 702 1335 ἆσαλεύτῳ,
749 1244 1062 1311 λωφήσαντος
1097 1244 1232 1331 ,πρὸς
1279 1246 1441 1315 ὀλίγον
1493 1251 1580 1298 τοῦ
1635 1248 1876 1335 διωγμοῦ·
1909 1244 2140 1334 ήσχαλλεν
2176 1247 2229 1299 δὲ

276 1313 398 1367 καθ’
440 1314 639 1383 ἑαυτὸν,
680 1336 745 1376 ως
779 1312 922 1400 μήπω
970 1336 1057 1382 της
1097 1312 1246 1376 ὅντως
1293 1317 1361 1377 εἰς
1400 1313 1610 1405 Χριστὸν
1656 1314 1847 1403 ἀγάπης
1893 1314 2226 1404 ἐφαψάμενος,

277 1386 397 1453 μηδὲ
431 1391 519 1453 τῆς
546 1386 725 1446 τελείας
755 1389 842 1437 τοῦ
877 1390 1104 1452 μαθητοῦ
1151 1383 1337 1447 τάξεως
1401 1384 1615 1438 Ἐνενόει
1658 1384 1749 1455 γὰρ
1793 1383 1881 1453 τὴν
1925 1384 2008 1438 διὰ
2051 1407 2227 1454 μαρτυ-

279 1458 388 1519 ρίου
440 1456 696 1542 γινομένην
749 1452 1005 1524 ὁμολογίαν
1062 1459 1227 1506 πλεῖον
1279 1453 1428 1507 αὐτὸν
1486 1461 1900 1542 προσοικειοῦσαν
1944 1461 2012 1508 τῶ
2057 1459 2224 1528 κυρίω.

262 1523 426 1578 ’Όθεν
464 1527 614 1578 ἔτεσιν
650 1522 830 1607 ὀλίγοις
867 1525 933 1576 ἔτι
979 1524 1268 1609 παραμένων
1315 1530 1373 1597 τῇ
1417 1526 1668 1596 ἐκκλησία,
1716 1527 1800 1579 καὶ
1842 1511 2036 1593 λύχνάυ7
2084 1514 2227 1594 δίκην

276 1597 452 1647 θεὶκοῦ
488 1593 577 1662 τὴν
616 1592 817 1646 ἑκάστου
853 1595 1071 1659 φωτίζων
1105 1591 1327 1647 διάνοιαν
1363 1594 1444 1647 διὰ
1478 1601 1565 1663 τῆς
1612 1601 1709 1648 τῶν
1759 1598 1980 1662 [θείωνΓ
2025 1601 2230 1667 γραφῶν
2279 1597 2283 1601 ’

276 1663 563 1735 ἐξηγήσεως,
603 1663 914 1733 ἐπετύγχανεν
948 1669 1043 1716 τῶν
1075 1662 1181 1716 κατ’
1225 1662 1381 1733 εὐχήν.

742 1804 795 1852 11.
871 1805 1084 1864 Iynalius
1118 1819 1148 1850 a
1191 1804 1393 1849 Zraiano
1431 1805 1774 1852 condemnatur.

421 1897 664 1963 Τραϊανοῦ
698 1890 789 1962 γὰρ
825 1890 941 1960 μετὰ
977 1898 1127 1944 ταῦτα
1162 1889 1359 1944 ἐννάτωῙ
1395 1892 1486 1943 ἔτει
1512 1897 1598 1959 τῆς
1621 1889 1773 1944 αὐτοῦ
1794 1894 2054 1959 βασιλείας,
2087 1893 2228 1960 ἐπαρ-

277 1959 453 2024 θέντος
490 1963 567 2014 ἐπὶ
602 1967 661 2034 τῇ
697 1964 809 2052 νίκῃ
844 1967 903 2034 τῇ
938 1959 1060 2014 κατὰ
1096 1967 1317 2013 Σκυθῶν
1352 1982 1436 2012 και
1470 1961 1670 2013 Aaxcfiv²
1706 1963 1788 2014 καὶ
1823 1963 1993 2051 ἑτέρων
2039 1968 2230 2015 πολλῶν

276 2032 452 2096 ἐθνῶν,
488 2033 570 2084 καὶ
607 2033 892 2097 νομίσαντος
929 2032 996 2083 ε’τι
1031 2033 1211 2083 λείπειν
1243 2028 1378 2120 αὐτῷ
1409 2028 1557 2116 πρὸς
1566 2036 1728 2082 πᾶσαν
1761 2029 2010 2118 νποταγὴν
2043 2030 2097 2084 τὸ
2133 2037 2230 2084 τῶν

273 2108 557 2171 χριστιανῶν
602 2102 831 2187 θεοσεβὲς
878 2099 1121 2168 σύστημα,
1177 2100 1261 2152 καὶ
1307 2101 1350 2151 εἰ
1395 2099 1461 2166 μὴ
1508 2097 1595 2167 τήν
1643 2105 1739 2152 τῶν
1774 2100 2039 2169 δαιμόνων8
2076 2101 2229 2154 ἕλοιτο

273 2174 495 2240 λατρείαν
530 2170 645 2239 μετὰ
679 2169 874 2224 πάντων
910 2169 1178 2223 ὖπεισιέναι
1213 2175 1310 2222 τῶν
1345 2170 1550 2257 ἐθνῶν,
1563 2168 1777 2259 διωγμὸν
1808 2170 2066 2239 ὑπομένειν
2100 2169 2228 2224 ἄπει-

273 2241 532 2311 λήσαντος,
566 2240 769 2304 πάντας4
804 2238 919 2303 τοῦς
955 2239 1187 2328 εὐσεβῶς
1199 2244 1376 2303 ζῶντας
1411 2262 1442 2306 η
1478 2237 1624 2292 θύειν
1658 2238 1691 2307 ἢ
1726 2247 1949 2294 τελευτᾶν
1997 2238 2229 2329 κατηνάγ-

277 2316 430 2374 καζεν.
510 2312 629 2365 Τότε
664 2314 828 2364 τοίνυν
863 2314 1108 2396 φοβηθεὶς
1154 2308 1275 2378 ὕπερ
1320 2315 1427 2406 τῆς5
1434 2309 1739 2399 Ἀντιοχέων
1764 2312 2020 2400 ἐκκλησίας
2055 2308 2084 2364 6
2127 2332 2228 2397 γεν-

277 2389 413 2442 ναῖος
448 2387 534 2432 τοῦ
575 2387 789 2469 Χριστοῦ
827 2379 1139 2468 στρατιώτης,
1175 2381 1427 2440 έκουσίως5
1459 2377 1598 2468 {lyam
1651 2378 1775 2447 πρὸς
1817 2379 2088 2467 Τραϊανὸν,
2127 2378 2229 2433 διά-

275 2471 421 2538 γοντα
457 2451 541 2517 μὲν
575 2450 681 2503 κατ’
726 2453 908 2503 ἐκεῖνον
944 2448 1029 2502 τὸν
1062 2449 1234 2535 καιρὸν
1269 2447 1393 2501 κατὰ
1424 2447 1512 2515 τὴν
1543 2447 1862 2516 Ἀντιόχειαν,
1899 2449 2228 2511 σπουδάζοντα

277 2519 329 2571 δὲ
365 2520 443 2571 ἐπὶ
470 2519 728 2610 Ἀρμενίαν
762 2521 845 2571 καὶ
882 2517 1140 2585 Πάρθους.
1210 2516 1296 2580 Ὡς
1333 2517 1385 2569 δε
1428 2517 1550 2569 κατὰ
1598 2517 1860 2585 πρόσωπον
1903 2521 2012 2588 ἔστη
2053 2525 2228 2588 Τραϊα

361 2661 456 2712 Cap.
484 2662 512 2701 Ι.
575 2661 615 2715 1)
647 2664 792 2703 Notum
826 2669 909 2712 est,
945 2659 1156 2700 Traianum
1187 2671 1220 2698 a.

277 2717 330 2758 98
360 2729 398 2769 p.
433 2716 524 2757 Chr.
544 2731 582 2758 n.
612 2719 763 2759 Nervae
794 2716 1027 2769 Imperatori
1059 2727 1222 2755 succes-

275 2774 389 2813 sisse.
461 2774 550 2814 Sive
607 2781 736 2815 autem
780 2774 954 2824 Ignatius
1004 2771 1222 2812 secundum

277 2829 479 2869 Usserium
509 2836 547 2870 et
576 2831 794 2870 Burtonum
824 2843 858 2870 a.
890 2831 963 2870 107
991 2828 1219 2879 martyrium

275 2885 410 2935 subiit,
440 2885 522 2926 sive
553 2899 586 2927 a.
623 2887 698 2927 112
731 2887 948 2926 secundum
986 2885 1108 2934 alios,
1139 2884 1220 2923 sive

279 2954 313 2981 a.
346 2942 438 2991 115,
468 2943 526 2982 uti
558 2942 712 2982 videtur
742 2942 988 2991 Greswellio,
1018 2941 1100 2980 sive
1132 2939 1222 2991 opi-

274 2998 459 3037 nantibus
491 2999 694 3038 Pearsono
726 3005 765 3039 et
796 2998 952 3038 Clerico
978 3011 1011 3037 a.
1033 2997 1122 3045 116,
1150 3008 1223 3035 vox

266 3048 389 3109 Ἄρτι
406 3066 487 3094 non
509 3054 557 3094 de
574 3056 818 3106 Imperatore
839 3067 966 3106 nuper
981 3054 1086 3092 facto
1108 3027 1226 3092 intel-

277 3107 346 3159 ligi
377 3115 530 3162 potest,
561 3111 633 3151 sed
664 3111 712 3151 de
741 3110 901 3151 novello
932 3116 992 3150 est
1022 3108 1227 3160 capienda.

364 3167 407 3218 2)
438 3167 495 3207 De
531 3166 770 3219 discipulatu
802 3167 842 3207 S.
872 3166 1010 3216 Ignatii
1039 3165 1111 3204 sub
1132 3177 1224 3203 cura

277 3228 315 3261 et
346 3222 594 3263 institutione
633 3223 672 3263 S.
700 3222 860 3263 loannis
891 3221 1072 3273 Apostoli
1103 3220 1224 3260 altum

276 3278 395 3318 silent
442 3279 670 3330 Scriptores
708 3278 1004 3328 Ecclesiastici3
1055 3287 1224 3329 quorum

276 3333 458 3385 plerique
481 3347 630 3385 omnes,
661 3335 701 3374 in
728 3334 959 3375 enarmndis
987 3334 1223 3373 Sanctorum

278 3389 473 3441 Martyriis
516 3391 723 3442 occupati,
772 3396 1004 3442 parentum,
1055 3388 1220 3440 patriae,

277 3445 544 3509 nataliumque
564 3446 807 3497 memoriam,
829 3452 868 3486 et
883 3446 1106 3486 universam
1126 3443 1222 3483 illo·

276 3512 362 3540 rum
392 3501 493 3541 vitae
522 3502 799 3553 praecedentis
820 3502 1028 3551 rationem,
1061 3499 1219 3540 institu-

1281 2661 1370 2700 dnm
1401 2661 1577 2711 videtur,
1619 2662 1811 2712 Ignatium
1850 2662 1972 2702 fuisse
2004 2661 2225 2702 auditorem

1273 2717 1321 2759 S.
1350 2718 1530 2767 Ioannis,
1572 2717 1665 2758 licet
1712 2719 1759 2758 de
1812 2725 1992 2771 tempore
2042 2725 2081 2758 et
2117 2717 2224 2768 loco,

1279 2773 1361 2813 sive
1397 2774 1437 2812 in
1481 2773 1726 2824 Palaestina,
1773 2775 1854 2814 sive
1898 2776 1936 2814 in
1969 2775 2103 2827 Syria,
2142 2774 2224 2814 sive

1279 2829 1412 2880 potius
1444 2843 1521 2869 una
1555 2843 1642 2870 cum
1675 2831 1715 2871 S.
1745 2831 1969 2883 Polycarpo
2001 2830 2129 2884 (quod
2159 2842 2224 2870 as-

1279 2885 1424 2925 seritur
1460 2899 1493 2925 c.
1531 2886 1590 2938 3.)
1630 2886 1670 2925 in
1708 2887 1799 2927 Asia
1841 2887 2007 2937 Minori,
2047 2887 2224 2927 nondum

1281 2947 1446 2981 constet.
1492 2942 1626 2982 Smith.

1366 2998 1410 3049 3)
1440 2999 1545 3049 Lege
1575 2996 1625 3040 ἒν
1654 3011 1729 3050 pro
1762 2989 1829 3051 ἦν,
1863 2999 1971 3051 quod
2004 2999 2044 3038 in
2076 2997 2224 3039 Codice

1282 3065 1356 3092 suo
1385 3066 1465 3093 non
1497 3055 1668 3094 hahebat
1700 3061 1772 3095 vet.
1801 3056 1887 3105 Int.‚
1919 3055 2114 3107 particula
2137 3054 2226 3104 καὶ,

1287 3121 1387 3160 quae
1420 3111 1612 3162 sequitur,
1651 3110 1793 3151 deleta.
1834 3111 1967 3151 Smilla.

1368 3165 1414 3217 4)
1445 3166 1539 3206 Voc.
1569 3164 1814 3223 ἐπιμελῶς,
1846 3179 1962 3218 quam
1984 3168 2225 3219 Interpretes

1281 3227 1372 3261 vett.
1406 3222 1631 3274 excludunt,
1663 3223 1924 3262 Petermanno
1955 3222 2084 3262 serius
2113 3222 2224 3262 vide—

1280 3282 1345 3315 tur
1385 3277 1532 3317 addita.
1588 3279 1631 3318 In
1679 3291 1822 3329 graeco
1865 3277 2100 3329 exemplari,
2145 3291 2224 3330 quo

1279 3343 1374 3371 usus
1405 3339 1465 3371 est
1493 3334 1712 3383 Armenius,
1742 3333 1910 3373 subinde
1931 3333 2054 3373 fuisse
2070 3334 2226 3374 videtur

1280 3386 1387 3433 τοὺς
1426 3386 1622 3435 πολλοὺς
1651 3390 1895 3456 χειμῶνας
1931 3382 2225 3456 Δομετιανοῦ

1279 3456 1359 3484 του
1339 3444 1594 3511 βασιλέως
1604 3442 1894 3512 παραγαγών
1902 3448 1996 3485 καθ·
1993 3441 2120 3501 -άπερ
2131 3445 2224 3486 κτλ.

1363 3498 1406 3549 5)
1436 3494 1489 3545 ὃς
1527 3506 1616 3539 ante
1657 3498 1765 3546 τοὺς
1803 3500 1943 3541 inserit
1981 3501 2149 3542 Grabius
2190 3514 2223 3541 c.

275 3563 377 3606 tum,
429 3557 687 3610 reliquasque
736 3553 1037 3615 περιστάσεις
1077 3554 1219 3596 litteris
1273 3559 1348 3594 vet.
1379 3554 1450 3594 Int.
1484 3554 1616 3595 Caien.

277 3612 464 3652 mandare
498 3614 752 3666 posterisque
781 3614 938 3654 tradere
961 3611 1216 3664 neglexerint.

276 3666 435 3708 interim
473 3681 516 3709 ex
549 3670 692 3711 horum
720 3671 907 3711 Actorum
937 3669 1015 3711 fide
1041 3674 1218 3710 statuen-

1360 3610 1403 3663 6)
1435 3611 1505 3650 Ms.
1537 3612 1602 3664 τῷ
1633 3606 1881 3677 πνεύματι,
1911 3612 2026 3653 male.
2069 3613 2223 3664 Legen-

1275 3666 1367 3707 dum
1397 3672 1464 3706 aut
1493 3667 1574 3708 τοῦ
1604 3663 1885 3724 πνεύματος,
1919 3675 1985 3710 aut
2001 3682 2066 3725 τῳ
2085 3681 2222 3712 πνευ·
