2340 3900
202 173 301 211 vni
976 153 1397 202 PROLEGOMENA.

343 294 534 344 Foedus
583 291 710 357 quod
746 291 898 338 suerat
932 288 1218 337 Iudaeorum
1263 291 1484 335 nostrum
1521 290 1595 333 est
1631 282 1829 355 factum,
1866 278 1975 342 quia
2011 284 2170 329 trans-

207 363 468 432 grediendo
506 362 556 410 in
593 365 877 426 perpetuum
896 355 1210 422 perdiderunt
1229 354 1291 414 id,
1314 354 1441 419 quod
1472 353 1633 402 Moses
1660 354 1858 424 accepit.
1883 346 2169 423 Tabularum

210 442 352 484 tenor
398 446 486 496 per
532 431 701 480 Mosen
752 425 1104 475 confractarum
1153 423 1334 473 Christi
1371 421 1626 471 dilectione
1663 431 1943 466 novissimis
1979 420 2170 492 tempo-

207 503 342 552 ribus
377 500 427 549 in
463 495 761 563 praecordiis
796 493 982 543 nostris
1019 491 1343 556 consignatus.
1413 491 1512 539 Hac
1548 504 1670 537 nova
1705 486 1808 561 lege
1844 484 2053 534 fundans
2084 501 2169 563 re-

209 569 476 620 sistendum
524 572 598 616 est
633 564 802 627 Inique
854 563 1051 627 eiusque
1095 560 1453 610 tentationibus.
1525 557 1622 606 Ast
1648 572 1718 613 ne
1755 553 1985 630 inflentur
2022 569 2169 618 spiri-

208 638 335 688 tiseri
386 634 520 700 quasi
567 634 707 698 plene
753 630 1020 690 iustificati,
1067 629 1152 680 sed
1196 629 1247 678 in
1286 628 1462 678 timore
1497 626 1582 676 Dei
1622 622 1898 699 custodiant
1933 622 2170 700 mandata.

205 708 252 757 Is
300 705 427 755 enim
472 718 572 751 non
617 705 811 764 accepta
856 715 1086 765 persona,
1136 698 1221 747 sed
1271 696 1531 747 secundum
1581 708 1728 759 opera
1763 691 1955 767 iudicatt
2024 691 2169 767 isides

206 780 373 825 nostra
421 771 667 820 adiuvatur
698 767 890 818 ‘timore
942 783 997 817 ac
1041 766 1352 824 sustinentia3
1406 765 1449 815 ei
1501 766 1825 827 compugnant
1851 765 2089 836 vpatientia
2122 768 2171 810 et

206 839 504 892 continentia
551 837 613 901 (c.
649 836 725 902 2),
775 837 895 887 fides
932 835 1200 900 caritasque
1236 835 1511 899 coniugatae
1549 830 1611 895 (c.
1655 833 1754 893 11).
1824 827 2086 908 Wigilemus
2122 837 2170 879 et

203 917 334 960 recte
381 907 703 971 intelligamus
752 911 880 956 tanta
917 904 1050 970 signa
1087 920 1142 953 ac
1177 909 1399 967 portenta
1434 902 1484 951 in
1518 899 1695 965 populo
1727 897 2012 948 ludaeorum
2048 899 2168 948 lacta

205 977 460 1042 (excidium
506 975 866 1039 Hierosolymae
910 980 958 1024 et
1001 971 1205 1037 reliqua)
1240 971 1368 1037 quid
1405 970 1495 1020 sibi
1541 968 1700 1018 velint.
1771 966 2055 1043 CaveamuS,
2106 983 2169 1045 ne

203 1044 423 1095 vecordia
476 1043 836 1094 obdormientes
883 1041 1200 1092 nihilominus
1236 1040 1518 1105 perdannu·,
1570 1036 1709 1087 sicuti
1745 1041 1920 1085 veteris
1956 1036 2167 1086 foederis

201 1113 411 1180 populus
448 1111 511 1177 (c.
549 1110 619 1177 4).
1408 1176 1418 1184 .
1553 1175 1562 1183 ⁰
2038 1172 2047 1181 .

341 1182 412 1231 Ex
459 1197 553 1246 quo
591 1179 890 1245 intelligitur,
927 1185 1172 1229 auctorem
1208 1177 1447 1242 imprimis
1485 1175 1678 1252 quidem
1715 1178 1883 1224 contra
1917 1173 2166 1253 Iudalzanj

204 1258 278 1301 tes
323 1251 447 1300 inter
497 1248 798 1300 Christianos
849 1264 1069 1308 monere,
1122 1247 1240 1311 legis
1287 1250 1445 1294 autem
1492 1244 1699 1293 cuiusvis
1729 1243 2059 1320 ‘despectores
2097 1249 2164 1294 uti

203 1319 404 1369 salutem
462 1317 589 1367 haud
644 1317 805 1367 minus
862 1317 1187 1382 periclitantes
1245 1313 1424 1379 apertis
1484 1312 1642 1362 verbis
1700 1311 1986 1377 Significare.
2066 1312 2165 1393 Ifex

203 1387 380 1468 quippe
426 1385 636 1436 Mosaica
686 1385 729 1434 ei
780 1386 899 1436 tanti
947 1393 1046 1446 est,
1096 1392 1146 1434 ut
1190 1382 1356 1449 gnosis
1390 1382 1441 1431 in
1478 1382 1581 1446 ipsa
1616 1396 1790 1430 novam
1826 1380 1979 1446 legem
2018 1379 2166 1446 (νεαν

201 1447 416 1519 εντολὴν
451 1470 491 1503 c.
529 1453 583 1518 9)
620 1453 872 1504 intueatur.
935 1455 1095 1504 Novus
1131 1459 1289 1502 autem
1326 1451 1533 1516 populus
1571 1465 1680 1499 cum
1717 1465 1883 1499 verum
1918 1449 2004 1499 Dei
2041 1457 2165 1500 tem-

199 1524 334 1590 plum
381 1523 466 1582 sit,
511 1539 676 1572 verum
724 1539 914 1589 quoque
960 1522 1247 1572 sacrificium
1298 1521 1348 1570 in
1382 1519 1529 1569 corde
1566 1519 1608 1568 is
1646 1518 1780 1568 solus
1817 1519 1960 1568 offert
1995 1516 2059 1582 (c.
2097 1519 2167 1585 3).

200 1593 248 1642 Is
285 1591 380 1641 iam
418 1591 526 1640 heic
563 1607 670 1640 vera
706 1592 799 1641 vita
830 1592 1004 1641 fruitur
1041 1589 1102 1655 (c.
1128 1589 1192 1654 1),
1228 1595 1341 1654 post
1377 1587 1708 1638 tribulationes
1744 1593 1886 1653 atque
1921 1588 2166 1653 angustias

200 1660 375 1710 multas
412 1659 462 1708 in
497 1675 647 1724 regno
683 1660 887 1709 Messiae
924 1658 987 1723 (c.
1029 1659 1113 1724 15)
1150 1659 1373 1708 universo
1412 1657 1591 1706 mundo
1630 1656 1964 1707 dominaturus
2002 1654 2065 1720 (c.
2097 1656 2166 1721 8).

199 1729 270 1778 lta
317 1728 474 1777 edocti
521 1728 580 1777 de
627 1728 711 1787 iis,
759 1745 878 1794 quae
920 1728 1296 1793 praeterierunt,
1357 1742 1501 1776 nemo
1548 1725 1598 1775 in
1634 1725 1755 1774 retia
1792 1723 2030 1785 incurrat,
2081 1727 2167 1777 sed

199 1813 325 1846 novo
361 1796 555 1846 foedere
602 1803 795 1846 renatus
831 1797 1073 1846 intellectu
1104 1796 1293 1861 polleat.
1366 1794 1606 1860 Cogitanti
1639 1799 1779 1860 atque
1814 1794 2050 1863 memoria
2085 1811 2165 1845 re-

201 1865 383 1929 petenti
429 1881 547 1929 quae
596 1867 787 1914 fuerunt
821 1882 877 1914 ac
914 1881 1032 1930 quae
1070 1870 1204 1925 sunt,
1256 1863 1434 1913 Christi
1471 1862 1730 1928 expiatoria
1769 1869 1928 1913 morte
1959 1863 2164 1915 ludaeos

202 1949 310 1982 esse
347 1932 594 1993 iudicatOS,
634 1950 725 1982 nos
762 1934 1162 1983 autem-salvatos
1198 1932 1458 1997 apparebit.
1512 1932 1660 1996 quue
1695 1931 1762 1981 ita
1798 1931 1903 1981 fieri
1939 1931 2164 1984 debuisse

200 2001 295 2050 iam
332 2001 626 2065 Prophetae,
672 2001 857 2050 divinae
892 2002 1109 2067 loquelae
1146 2017 1348 2064 organa,
1392 2000 1567 2050 iterum
1604 1999 1872 2066 iterumque
1908 2001 2163 2052 annuntia-

199 2075 325 2118 runt.
396 2069 466 2118 Ex
513 2085 682 2118 eorum
733 2085 877 2119 sensu
926 2069 1156 2119 ieiunium
1202 2070 1254 2118 V.
1306 2069 1381 2130 T.,
1431 2068 1622 2117 hircum
1658 2075 1707 2118 et
1743 2085 1933 2119 vaccam
1967 2069 2164 2122 rubram

199 2136 445 2187 Christum
484 2143 700 2202 spectare
735 2144 903 2188 auctor
939 2138 1038 2188 suis
1075 2137 1365 2203 persuadere
1399 2142 1589 2186 tentans
1637 2134 1699 2201 (c.
1735 2136 1908 2203 5—8)‚
1955 2138 2163 2190 circum-

199 2205 432 2254 cisionem
487 2205 800 2270 spiritualiter
848 2206 1205 2272 intelligendam
1254 2222 1403 2272 aeque
1450 2221 1507 2255 ac
1542 2205 1765 2255 mandata
1802 2206 1861 2256 de
1897 2205 2040 2268 cibis,
2077 2207 2163 2259 ba-

200 2273 427 2337 ptismum
474 2280 521 2323 et
566 2291 756 2324 crucem
800 2275 895 2324 iam
942 2274 994 2324 in
1041 2276 1091 2324 V.
1141 2275 1193 2324 T.
1239 2276 1607 2340 praefiguratam
1642 2282 1786 2341 atque
1821 2276 2164 2339 annuntiatam,

200 2341 388 2391 [osuam
439 2342 621 2392 Christi
668 2349 830 2408 typum
884 2343 1025 2393 docet
1076 2341 1139 2407 (c.
1177 2344 1403 2408 9—12).
1475 2343 1606 2403 Quae
1644 2360 1755 2393 cum
1793 2343 1859 2394 ita
1895 2345 2017 2404 sint,
2063 2361 2164 2397 non

197 2409 384 2468 Iudaei,
439 2410 523 2459 sed
562 2411 821 2460 Christiani
858 2412 942 2461 Dei
979 2412 1187 2461 foederis
1225 2412 1322 2462 veri
1363 2412 1622 2472 haeredeS,
1669 2428 1816 2462 sensu
1854 2418 2075 2479 typorum
2112 2415 2162 2464 V.

199 2478 253 2526 T.
289 2478 494 2538 recluso,
526 2478 621 2528 iam
659 2480 909 2529 constituti
944 2480 1223 2545 probantur.
1271 2481 1408 2531 Unde
1443 2487 1796 2542 testamentum,
1834 2482 1963 2548 quod
1999 2482 2162 2535 Moses

196 2562 223 2595 a
273 2546 480 2596 Domino
531 2548 715 2612 accepit
760 2548 1090 2615 contrivitque,
1128 2550 1187 2599 ad
1224 2565 1315 2600 nos
1350 2549 1581 2615 pervenit.
1627 2550 1832 2600 Iudaeos
1867 2557 2027 2602 autem
2062 2568 2164 2603 non

197 2614 300 2663 eius
337 2615 568 2665 haeredes
605 2633 711 2666 esse
748 2617 892 2666 etiam
929 2635 985 2667 ex
1021 2634 1077 2668 eo
1116 2619 1406 2684 intelligitur,
1445 2619 1573 2685 quod
1596 2635 1761 2669 verum
1785 2618 2035 2671 sabbatum
2060 2636 2162 2672 non

197 2682 425 2743 habeant,
475 2699 631 2749 neque
666 2686 899 2750 templum
935 2686 1034 2736 Deo
1074 2694 1347 2753 acceptum,
1397 2704 1497 2737 non
1533 2687 1628 2738 nisi
1663 2688 1713 2738 in
1750 2688 1985 2754 spirituali
2021 2689 2160 2740 habi-

198 2751 353 2800 taculo
405 2757 618 2812 exstanS‚
665 2753 715 2803 id
759 2760 832 2803 est
878 2754 927 2804 in
974 2755 1173 2806 ecclesia
1220 2756 1480 2806 christiana
1526 2754 1587 2821 (c.
1640 2758 1781 2808 13—
1806 2756 1904 2823 17).
1975 2758 2161 2819 Quibus

135 2843 137 2845 ·
194 2814 433 2884 γνώσεως
483 2821 825 2886 speciminibus
869 2823 1139 2889 adiungitur
1186 2826 1487 2890 paraenetica
1529 2841 1642 2890 pars
1692 2824 1755 2890 (c.
1805 2825 2052 2891 19—21)
2101 2827 2162 2878 de

192 2887 266 2938 via
299 2888 421 2939 lucis
458 2894 505 2938 et
537 2890 857 2940 tenebrarum.
926 2893 1019 2941 Per
1055 2894 1181 2943 illam
1216 2894 1295 2959 qui
1331 2894 1635 2959 gradiuntur,
1684 2894 1826 2944 bonis
1864 2895 2157 2960 quibuscun-

194 2973 286 3022 que
335 2957 560 3023 operibus
605 2975 692 3023 per
739 2959 934 3024 γνῶσιν
969 2962 1107 3016 ΐᾶοἰΙθ,
1138 2963 1423 3028 peragendis
1460 2979 1637 3028 scopus
1672 2964 1933 3028 petendus;
1982 2964 2032 3014 in
2069 2965 2159 3014 hac

193 3031 431 3091 vagantur,
469 3027 550 3092 qui
586 3043 613 3076 a
647 3029 748 3079 Deo
784 3029 973 3079 alienati
1008 3031 1134 3080 vitiis
1167 3031 1376 3081 animam
1412 3031 1741 3098 perdiderunt.
1812 3033 1899 3083 Dei
1936 3033 2159 3084 mandata

192 3094 530 3145 custodienda:
569 3097 795 3147 omnibus
831 3098 934 3148 dies
970 3099 1301 3150 retributionis
1338 3107 1416 3150 aut
1451 3101 1739 3166 perditionis
1776 3101 1936 3152 instat.

333 3164 380 3212 2.
430 3163 502 3213 Ex
546 3165 766 3229 genuinis
817 3182 966 3232 aeque
1012 3183 1066 3216 ac
1111 3168 1411 3233 interpolatis
1447 3170 1700 3220 elementis
1735 3170 2005 3235 Epistolam
2041 3187 2154 3221 coa-

192 3230 360 3290 luisse,
410 3248 511 3281 non
557 3234 682 3284 sine>
711 3234 874 3293 iudicil
923 3236 1140 3286 acumine
1186 3245 1234 3286 et
1269 3239 1682 3303 argumentatione
1718 3240 1862 3289 docta
1899 3240 2155 3290 ostendere

192 3299 375 3350 studuit
408 3300 523 3351 Dan.
560 3301 866 3367 Schenkel.²)
937 3304 1061 3353 Eum
1097 3306 1402 3357 confutarunt
1441 3307 1605 3357 Hefele
1617 3306 1672 3371 ⁸),
1709 3313 1757 3357 et
1792 3307 2014 3358 subtilius
2048 3308 2153 3358 Hil-

275 3476 319 3527 2)
349 3479 479 3519 Ueber
510 3481 586 3521 den
608 3479 719 3520 Brief
741 3479 810 3520 des
830 3480 1045 3529 Barnabas,
1078 3480 1141 3520 ein
1282 3483 1327 3535 3)
1360 3485 1439 3525 Das
1481 3483 1803 3525 Sendschreiben
1849 3484 1920 3525 des
1961 3484 2149 3537 Apostels

189 3531 404 3574 kritischer
435 3535 634 3585 Versuch;
667 3536 806 3576 Theol.
839 3536 950 3582 Stud.
979 3549 1017 3576 u.
1041 3536 1138 3578 Krit.
1196 3537 1397 3579 Barnabas
1429 3541 1516 3580 aurs
1532 3542 1640 3581 Neue
1661 3541 1911 3590 untersucht‚
1947 3540 2150 3582 ubersetzt

193 3587 314 3638 1837,
344 3589 392 3630 Η.
423 3590 462 3632 3.
493 3592 534 3632 S.
565 3591 801 3633 652-686.
1194 3595 1276 3635 und
1308 3595 1458 3637 erklart
1487 3603 1562 3639 etc.
1605 3596 1705 3637 Tnb.
1738 3596 1858 3638 1840.
1888 3607 1929 3648 p.
1962 3596 2041 3638 196
2054 3609 2147 3650 sqq.
