2340 3900
545 121 882 174 MARTYRIUM
920 123 965 170 S.
1003 123 1228 171 IGNATII.
1278 124 1328 171 X.
1366 123 1437 171 XI.
1474 122 1567 170 XII.
1606 122 1719 169 XIII.
1755 121 1867 169 XIV.
2097 118 2198 169 359

222 281 325 313 cum
363 266 424 314 ad
457 260 702 313 videndum
732 260 845 309 illud
883 262 1220 325 spectaculum,
1267 269 1363 310 tum
1410 268 1462 309 ut
1509 262 1671 325 pulcro
1708 261 1972 310 fruerentur
2009 260 2199 318 fluento,

222 336 349 398 quod
381 333 653 384 scaturiebat
687 346 743 380 ex
777 331 898 378 illius
936 329 1108 393 lingua)
1146 333 1245 393 ipse
1283 347 1336 380 ea
1384 347 1500 394 quae
1552 348 1637 394 par
1673 338 1772 381 erat
1807 332 2031 388 suadens,
2070 345 2199 392 roga-

222 407 301 453 bat
347 420 530 461 omnes,
579 410 632 449 ut
677 417 764 464 pro
814 403 917 463 ipso
969 408 1180 458 orarent,
1228 417 1319 463 quo
1373 417 1457 464 per
1503 403 1626 449 feras
1670 404 1759 450 cito
1797 402 2109 449 resolveretur
2143 400 2202 448 ad

222 491 326 524 eum
374 488 511 536 quem
548 470 851 530 desiderabat,
890 478 936 519 et
972 478 1217 533 appareret
1252 476 1355 518 ante
1396 472 1518 519 illius
1557 473 1750 520 divinam
1783 471 1960 520 faciem.

355 598 427 645 XI.
496 598 666 645 Videns
702 604 854 646 autem
891 612 973 646 eos
1022 603 1118 644 tum
1166 597 1296 649 valde
1335 598 1517 655 anxioS,
1567 605 1662 644 tum
1713 599 2051 660 quodammodo
2089 613 2199 660 pen-

219 670 380 717 dentes
420 668 475 715 ab
514 668 637 714 illius
675 669 849 726 anima,
898 674 993 715 tum
1039 681 1132 714 non
1181 666 1422 713 ferendum
1472 668 1685 715 damnum
1724 669 2033 716 existimantes
2070 683 2199 730 sepa-

218 739 442 786 rationem
477 738 575 785 eius
613 744 662 785 et
691 745 909 795 mortem,
960 738 1015 784 de
1062 738 1118 783 iis
1167 750 1353 797 quoque
1413 738 1491 797 qui
1542 737 1710 785 Romae
1757 745 1890 784 erant
1938 737 2101 785 fideles
2149 739 2205 784 ti·

217 822 373 866 mens,
422 822 481 855 ne
526 814 574 854 et
621 808 710 869 ipsi
749 807 960 855 similiter
995 807 1146 854 affecti
1177 820 1271 852 non
1308 807 1587 852 sustinerent
1624 822 1725 853 eum
1777 809 1933 855 videre
1970 808 2090 856 tradi
2123 807 2203 857 he·

219 879 347 935 suis,
401 878 485 924 sed
518 892 679 924 manus
717 878 931 925 adversas
967 877 1056 924 illis
1093 877 1412 933 admoverent,
1467 876 1631 936 quibus
1669 878 1928 924 mandatum
1966 883 2064 924 erat
2099 892 2204 925 eum

221 947 428 1005 tradere,
465 961 519 995 ac
554 948 598 994 ei
635 947 903 994 clauderent
938 953 1141 1009 apertam
1179 946 1358 993 ianuam
1394 946 1614 1008 martyrii,
1653 947 1808 992 statuit
1843 948 1898 993 ad
1936 949 2064 1008 ipsos
2091 948 2201 997 scri-

216 1017 359 1074 bere,
403 1023 455 1064 ut
489 1018 520 1063 ii
559 1031 742 1079 quoque
779 1032 864 1080 pro
903 1032 957 1065 eo
993 1023 1202 1072 orarent,
1251 1030 1309 1063 ne
1359 1030 1522 1062 cursus
1573 1016 1643 1062 sui
1680 1016 1942 1062 certaminis
1982 1018 2024 1064 ei
2062 1017 2203 1078 impe-

218 1087 421 1145 diretur,
459 1087 543 1134 sed
578 1101 666 1149 per
702 1087 849 1144 seras,
899 1088 1020 1135 sicut
1056 1087 1226 1134 dictum
1264 1092 1359 1143 est,
1409 1087 1500 1132 cito
1538 1085 1847 1134 resolveretur
1892 1087 1949 1133 ad
1989 1086 2204 1136 dilectum

218 1157 474 1205 Dominum.
547 1157 724 1235 Operae
760 1158 960 1220 pretium
998 1165 1070 1205 est
1105 1164 1279 1215 autem,
1326 1122 1448 1204 iIlius
1500 1170 1685 1218 quoque
1733 1157 2013 1205 'mentionem
2049 1156 2203 1204 facere

220 1227 467 1289 epistolae,
504 1241 623 1288 quae
660 1227 726 1274 sic
765 1226 904 1274 hahet
935 1227 992 1275 ad
1028 1226 1272 1276 verbum..

359 1351 453 1398 XII.
524 1351 770 1414 ,Ignatius,
820 1353 899 1414 qui
946 1359 991 1399 et
1028 1353 1356 1414 Theophorus‚
1402 1352 1658 1414 Episcopus
1708 1358 1892 1399 sanctae
1931 1351 2012 1398 Dei
2062 1352 2205 1399 eccle-

219 1423 314 1469 siae
375 1436 491 1483 quae
544 1429 615 1468 est
649 1423 939 1480 Antiochiae,
989 1422 1214 1468 ecclesiae
1260 1422 1625 1468 misericordiam
1664 1427 1940 1467 consecutae
1990 1421 2036 1466 in
2071 1421 2207 1468 maie-

221 1497 336 1538 state
369 1491 511 1553 patris
560 1491 764 1538 altissimi
801 1499 847 1538 et
881 1491 1060 1539 Domini
1097 1492 1200 1538 Iesu
1238 1490 1406 1538 Christi
1444 1491 1586 1537 solius
1624 1491 1721 1536 eius
1774 1489 1880 1547 filii,
1934 1490 2125 1539 dilectae
2162 1498 2208 1540 et

218 1561 493 1608 illuminatae
530 1562 577 1606 in
613 1561 843 1608 voluntate
881 1563 1004 1618 eiUS,
1043 1561 1122 1621 qui
1154 1561 1296 1608 voluit
1334 1560 1502 1617 omnia,
1538 1574 1654 1621 quae
1694 1566 1801 1606 sunt
1838 1560 2092 1607 secundum
2130 1575 2205 1606 ca-

218 1632 396 1677 ritatem
434 1630 539 1676 Iesu
577 1630 744 1677 Christi
779 1631 860 1678 Dei
907 1631 1082 1688 nostri,
1136 1645 1253 1693 quae
1309 1631 1444 1677 etiam
1491 1630 1726 1692 praesidet
1775 1630 1822 1675 in
1858 1630 1962 1676 loco
2004 1631 2205 1691 regionis

219 1700 558 1758 Romanorum,
604 1715 740 1761 quam
777 1707 822 1748 et
856 1701 1004 1748 saluto
1042 1701 1089 1747 in
1126 1702 1311 1748 nomine
1351 1700 1458 1747 Iesu
1494 1700 1681 1757 Christi,
1733 1701 1985 1747 secundum
2023 1714 2207 1747 carnem

218 1775 268 1818 et
298 1770 510 1832 spiritum
546 1770 716 1817 unitam
754 1772 877 1818 omni
914 1772 1013 1819 eius
1046 1772 1283 1829 mandam,
1322 1770 1552 1832 impletam
1594 1770 1739 1831 gratia
1775 1770 1882 1828 Dei,
1930 1770 2122 1817 salutem
2160 1770 2205 1817 in

221 1839 402 1886 Christo
440 1839 545 1886 lesu
581 1839 705 1887 Deo.‘

364 1937 475 1983 Cum
510 1937 652 1984 Deum
687 1944 900 1998 precatus
937 1938 1237 1996 obtinuerim,
1288 1944 1340 1985 ut
1387 1938 1590 1984 viderem
1627 1936 1902 1998 spectabiles
1950 1936 2099 1982 vultus
2136 1950 2206 1983 ve-

221 2012 371 2060 stros,
409 2007 586 2053 vinctus
623 2008 671 2053 in
708 2006 888 2054 Christo
927 2008 1032 2055 Iesu
1072 2023 1235 2070 spero,
1282 2022 1355 2054 me
1394 2021 1474 2053 vos
1512 2006 1832 2063 salutaturum,
1882 2007 1921 2053 si
1958 2006 2037 2052 Dei
2072 2006 2211 2053 fuerit

222 2076 447 2133 voluntas,
485 2082 537 2122 ut
573 2076 739 2138 dignus
775 2076 962 2134 habear,
999 2079 1079 2138 qui
1116 2085 1163 2124 et
1199 2078 1265 2124 sic
1303 2077 1359 2123 ad
1395 2076 1533 2123 finem
1571 2076 1848 2137 perveniam.
1901 2075 2050 2122 Meum
2088 2077 2208 2123 enim

223 2147 311 2195 rite
348 2146 560 2192 succedit
591 2151 772 2203 votum,
818 2148 859 2194 si
897 2148 1086 2208 gratiam
1116 2147 1248 2194 suero
1289 2152 1588 2203 consecutuS,
1626 2153 1676 2192 ut
1713 2152 1886 2193 sortem
1921 2159 2068 2192 meam
2106 2160 2207 2207 per·

225 2216 390 2277 cipiam
443 2216 544 2262 sine
593 2215 935 2277 impedimento.
1008 2218 1163 2264 Timeo
1202 2217 1322 2263 enim
1357 2223 1553 2262 vestram
1599 2215 1860 2273 caritatem,
1907 2230 1965 2261 ne
2005 2215 2102 2276 ipsa
2137 2230 2210 2261 me

223 2286 390 2332 iniuria
423 2283 608 2333 afficiat.
682 2284 820 2332 Vobis
851 2287 972 2333 enim
1018 2286 1150 2334 facile
1201 2293 1272 2333 est
1309 2286 1461 2332 facere
1527 2284 1653 2345 quod
1701 2284 1863 2344 vultis;
1911 2285 2023 2331 mihi
2058 2291 2208 2332 autem

226 2354 417 2404 difficile
453 2361 526 2401 est
558 2354 702 2402 Deum
739 2357 951 2416 assequi,
985 2357 1025 2403 si
1061 2370 1143 2402 vos
1178 2356 1288 2402 mihi
1324 2354 1644 2416 peperceritis.

363 2478 475 2526 XIII.
546 2479 647 2526 Non
696 2480 818 2527 enim
865 2480 998 2539 volo,
1053 2493 1136 2527 vos
1184 2478 1449 2527 hominibus
1497 2477 1716 2540 placere,
1771 2479 1856 2527 sed
1910 2479 2029 2537 Dee,
2090 2481 2210 2527 sicut

225 2550 362 2598 etiam
408 2549 612 2612 placetis.
695 2548 807 2596 Nam
855 2565 1008 2612 neque
1053 2565 1140 2611 ego
1190 2564 1391 2611 unquam
1437 2548 1620 2596 habebo
1668 2549 1790 2597 aliud
1840 2555 2020 2612 tempus
2067 2550 2207 2597 Deum

222 2619 528 2682 assequendi,
573 2633 726 2680 neque
772 2634 870 2667 νος.
942 2619 992 2666 Si
1039 2621 1178 2682 igitur
1227 2620 1446 2667 silueritis
1493 2619 1550 2666 de
1601 2634 1701 2677 me,
1754 2634 1841 2681 ego
1879 2621 1958 2667 Dei
2008 2620 2211 2677 efficiam

223 2691 296 2738 sin
343 2703 454 2736 vero
510 2702 694 2736 carnem
739 2703 888 2738 meam
935 2691 1217 2746 amaveritiS,
1268 2704 1429 2737 rursus
1477 2703 1558 2736 ero
1607 2703 1816 2737 currenS.
1899 2690 2006 2737 Plus
2055 2696 2208 2737 autem

222 2759 335 2807 mihi
371 2758 619 2821 praebete,
665 2765 716 2806 ut
748 2760 843 2808 Deo
881 2761 1112 2818 immoler,
1165 2760 1271 2807 dum
1317 2760 1467 2807 adhuc
1510 2774 1587 2806 ara
1636 2765 1794 2821 parata
1832 2766 1926 2816 est,
1974 2765 2024 2806 ut
2056 2759 2209 2806 effecti

225 2829 396 2876 chorus
433 2828 478 2874 in
515 2828 704 2875 caritate
741 2831 916 2878 canatis
953 2830 1071 2892 patri
1108 2830 1154 2876 in
1192 2829 1372 2877 Christo
1407 2830 1534 2887 Iesu,
1575 2830 1698 2891 quod
1735 2828 2013 2890 Episcopum
2051 2829 2211 2890 Syriae

224 2898 437 2958 dignatus
485 2897 547 2943 sit
576 2898 821 2958 Dominus,
871 2907 923 2948 ut
968 2900 1248 2948 inveniretur
1292 2900 1339 2946 in
1385 2899 1656 2956 Occidente,
1707 2913 1813 2946 eum
1863 2912 2104 2944 arcessens
2153 2897 2209 2944 ab

225 2965 427 3044 Oriente.
498 2966 713 3014 Pulcrum
748 2975 845 3027 est,
897 2984 923 3016 a
957 2970 1128 3018 mundo
1166 2968 1383 3017 occidere
1421 2970 1478 3017 ad
1514 2969 1680 3025 Deum,
1730 2975 1781 3015 ut
1824 2967 1881 3014 ad
1917 2967 2067 3028 ipsum
2105 2981 2206 3015 exo·

226 3049 411 3083 namur.

366 3159 476 3206 XIV.
547 3157 665 3207 Nulli
712 3175 912 3222 unquam
972 3160 1218 3219 invidistiS,
1277 3162 1389 3209 alios
1435 3163 1671 3210 docuistis.
1744 3162 1837 3223 Ego
1888 3167 2037 3209 autem
2089 3161 2210 3220 vole,

230 3231 302 3278 illa
353 3244 539 3291 quoque
586 3245 690 3277 esse
746 3231 874 3279 firma
926 3246 976 3278 ac
1015 3231 1215 3286 stabilia,
1269 3246 1386 3291 quae
1438 3233 1658 3279 docentes
1698 3231 1976 3293 praecipitis.
2050 3230 2205 3278 Solum

232 3398 338 3439 tinus
370 3403 480 3439 etex
510 3392 661 3437 nostris
690 3393 732 3433 in
747 3392 820 3445 Ep.
851 3392 901 3433 ad
924 3392 1037 3434 Rom
1068 3391 1193 3431 inter-
1335 3388 1382 3441 4)
1417 3390 1475 3432 ΑΙ.
1508 3386 1797 3433 θεάσασθαι.
1835 3392 1912 3433 Cot.

234 3453 383 3507 potatis
414 3453 546 3494 BOV.
1335 3445 1430 3499 Cap.
1466 3446 1563 3486 Xlll.
1627 3448 1667 3500 1)
1700 3439 1785 3491 οὖν
1814 3448 1854 3488 in
1888 3453 2032 3491 textum
2068 3450 2203 3503 recepi

318 3509 364 3562 3)
399 3510 468 3563 τῷ
496 3520 578 3549 non
610 3507 686 3558 leg.
716 3507 746 3548 Δ
770 3507 824 3557 Ε;
875 3506 988 3547 deest
1033 3517 1193 3567 quoque
1252 3518 1295 3545 ex
1326 3504 1367 3551 Α,
1399 3502 1464 3541 ubi
1497 3514 1618 3554 supra
1650 3503 1897 3557 adscriptum
1929 3511 2002 3548 est.

235 3566 273 3605 in
310 3565 410 3606 cod.
446 3563 681 3606 Cothertino
712 3568 752 3604 et
781 3562 819 3603 in
846 3562 919 3603 BV
949 3574 1104 3603 recens.
1134 3561 1195 3599 in-
1338 3533 1385 3611 2)
1419 3555 1607 3615 ἕτοιμον
1637 3561 1665 3601 Ε
1697 3560 1813 3602 male.

236 3620 383 3675 tei-pol.
413 3620 488 3674 Ep.
522 3619 574 3661 ad
603 3619 717 3660 Rom.
1341 3613 1388 3667 3)
1419 3610 1539 3669 πρὸς
1572 3613 1617 3656 Ε.
