2340 3900
244 186 342 225 XIV
1004 172 1430 220 PROLEGOMENA.

247 311 447 361 omnino
484 323 584 358 non
621 322 741 372 opus
778 312 900 356 esse.
969 305 1124 353 Immo
1171 305 1316 354 etiam
1351 304 1503 353 Deum
1541 302 1783 350 imitantes
1821 314 1968 363 opera
2002 297 2212 362 iustitiae

248 389 507 445 operemur
543 376 608 440 (c.
644 373 908 438 31-33).
978 373 1225 423 Mercedes
1261 372 1404 422 nobis
1438 387 1538 420 non
1572 371 1796 427 deerunt,
1831 383 1988 433 neque
2022 367 2213 418 desunt.

245 449 354 499 Non
390 447 479 496 alia
515 445 587 494 via
638 444 782 507 (fides
819 449 868 492 et
903 441 1112 491 iustitiae
1147 440 1292 506 opus)
1329 441 1387 490 ad
1426 440 1671 489 Christum
1707 436 1927 502 perducit
1961 435 2028 499 (c.
2067 436 2211 487 34—

247 515 353 581 36).
424 517 524 565 Nos
574 512 755 562 Christi
802 510 974 560 militia
1026 525 1207 560 sumus,
1278 509 1483 559 Militum
1530 513 1688 556 autem
1726 505 1944 570 exemplo
1980 520 2210 570 compro-

245 585 398 645 batur,
435 599 535 632 non
585 581 741 630 solum
777 579 1083 630 necessarios
1119 594 1226 628 esse
1260 578 1342 643 qui
1381 578 1632 641 imperent,
1671 575 1754 624 sed
1792 574 1936 623 etiam
1973 574 2054 639 qui
2092 573 2210 640 obe-

245 653 474 703 dientiam
525 655 784 715 praestent.
855 648 1042 698 Idcirco
1089 663 1151 697 ne
1199 648 1320 697 ordo
1368 647 1471 710 lege
1516 645 1704 694 interna
1748 642 1988 693 stabilitus
2020 658 2111 708 pro
2147 642 2208 692 li-

244 722 346 771 bitu
395 722 718 769 commutetur
768 724 850 768 aut
882 717 1224 776 confundatur,
1274 716 1367 764 iam
1405 714 1453 762 in
1490 715 1540 762 V.
1578 713 1630 761 T.
1669 712 1998 772 sacerdotum,
2043 711 2210 763 levita-

244 806 366 849 mm,
401 789 633 837 laicorum
670 801 870 837 munere
904 785 1168 835 accuratius
1204 784 1402 834 definito
1438 782 1686 847 provisum
1709 781 1811 845 fuit.
1858 781 1913 830 ld
1939 782 2207 847 exemplum

243 856 486 922 Apostoli,
540 854 691 904 sancti
738 854 935 920 spiritus
982 866 1182 919 organa,
1219 852 1390 902 imitati
1427 867 1515 916 per
1551 850 1762 914 singulas
1799 849 2014 899 civitates
2051 849 2206 900 eccle·

245 927 341 974 siae
388 923 603 987 regimen
645 924 947 989 praesidibus
980 929 1028 973 et
1060 923 1276 972 diaconis
1313 920 1625 970 tradiderunt.
1697 919 1762 968 Iis
1799 917 2029 968 divinitus
2063 919 2207 969 insti-

242 994 359 1042 tutis
396 991 598 1042 subiecti
635 992 803 1043 simus.
872 991 961 1042 Est
991 991 1135 1056 igitur
1163 989 1407 1056 nequitiae
1445 1003 1590 1053 opus,
1626 1004 1711 1037 eos
1747 987 1856 1037 loco
1904 1003 1994 1037 suo
2041 997 2206 1038 semo-
2246 1022 2252 1028 -

240 1061 380 1127 vendi
418 1061 482 1124 (c.
520 1060 781 1126 37—46).

379 1129 550 1180 Totius
573 1129 818 1195 Epistolae
855 1139 1033 1195 scopus
1069 1135 1208 1194 atque
1245 1127 1549 1194 propositum
1579 1132 1681 1175 erat
1715 1124 1775 1174 ad
1810 1140 1978 1191 pacem
2002 1140 2206 1192 compo—

239 1199 446 1250 nendam
479 1205 531 1248 ‘et
566 1198 887 1250 obediendum
921 1198 1208 1248 adhortatio.
1278 1197 1408 1246 Illius
1444 1195 1685 1261 propositi
1721 1210 1860 1244 mens
1895 1195 1990 1245 iam
2027 1210 2206 1262 usque-

242 1284 427 1335 quaque
471 1273 634 1334 aperta
678 1275 768 1318 est.
839 1267 1148 1332 Subiungitur
1182 1266 1473 1325 admonitiO,
1522 1279 1583 1313 ne
1630 1263 1871 1314 Corinthii
1916 1263 2206 1315 obliviscan-

239 1344 330 1398 tur,
367 1349 487 1403 quae
513 1337 688 1387 Paulus
723 1337 986 1403 Apostolus
1020 1337 1080 1386 iis
1115 1335 1174 1385 de
1209 1334 1452 1384 intestinis
1476 1333 1692 1383 dissidiis
1720 1333 1973 1399 scripserit
2007 1333 2073 1399 (c.
2098 1332 2206 1398 47).

239 1405 400 1455 Virtus
435 1405 575 1455 nihili
608 1407 863 1467 censenda,
900 1405 941 1455 si
977 1421 1076 1455 non
1112 1404 1257 1454 animi
1296 1403 1556 1453 submissio
1581 1402 1624 1452 ei
1645 1402 1902 1452 coniuncta
1921 1408 2009 1453 est.
2079 1402 2205 1468 Erga

239 1476 411 1524 statres
445 1480 583 1524 amor
605 1475 829 1525 homines
848 1474 933 1526 Dei
958 1474 1231 1539 Christique
1266 1471 1447 1522 similes
1480 1471 1654 1521 reddit.
1699 1471 1908 1521 Caritate
1943 1472 2206 1522 exercenda

239 1549 548 1609 peccatorum
583 1544 923 1594 remissionem
957 1558 1201 1594 meremur
1250 1542 1312 1606 (c.
1349 1539 1614 1603 48—50).
1685 1540 1882 1590 Dissidii
1933 1540 2207 1607 participes

240 1613 291 1661 in
325 1612 498 1678 primis
533 1612 634 1662 eius
670 1620 891 1663 auctores
925 1618 1231 1678 peccatorum
1267 1611 1452 1661 veniam
1489 1616 1668 1675 petant,
1705 1616 1753 1659 et
1786 1625 1877 1674 pro
1913 1609 2039 1660 virili
2071 1616 2207 1676 parte

238 1681 299 1731 ad
340 1694 509 1746 pacem
556 1683 899 1733 restituendam
949 1682 1267 1732 contribuant.
1338 1678 1407 1729 Ita
1443 1679 1564 1745 grati
1604 1679 1701 1728 Deo
1738 1686 1879 1728 erunt
1914 1678 2206 1744 acceptique.

238 1750 334 1815 Ipsi
382 1751 546 1816 potius
582 1767 790 1817 poenam
828 1751 920 1802 sibi
967 1750 1291 1810 consciscant,
1324 1749 1596 1809 exulentve,
1634 1748 1897 1798 dummodo
1932 1748 2092 1798 unitas
2127 1764 2206 1798 re-

237 1819 534 1883 pristinetur.
602 1822 776 1870 Preces
811 1821 1068 1870 fundantur
1103 1835 1194 1885 pro
1232 1819 1320 1879 iis,
1358 1824 1518 1867 mutua
1555 1819 1638 1867 fiat
1671 1817 1963 1878 admonitiO,
2003 1834 2063 1867 ne
2098 1816 2207 1883 quis

242 1903 327 1953 spe
364 1888 545 1938 Christi
577 1890 761 1940 excidat
797 1889 862 1953 (c.
899 1887 1162 1952 51—57).

375 1957 495 2006 Post
524 1958 670 2007 trium
706 1958 899 2007 circiter
933 1957 1213 2022 paginarum
1251 1956 1299 2006 in
1339 1956 1457 2005 Cod.
1497 1955 1817 2006 Alexandrino
1869 1955 2086 2006 lacunam
2125 1973 2204 2006 se-

238 2032 447 2090 quuntur
483 2041 601 2090 quae
636 2027 693 2075 ad
733 2026 978 2091 Epistolae
1018 2025 1377 2074 conclusionem
1415 2032 1649 2089 spectant.

376 2096 422 2144 2.
493 2095 712 2160 Epistola
748 2095 806 2144 ad
828 2094 1113 2145 Corinthios
1150 2093 1328 2158 scripta
1364 2100 1486 2142 este
1522 2108 1729 2159 persona
1767 2092 1998 2144 ecclesiae
2024 2093 2204 2144 Roma-

237 2179 341 2213 nae.
425 2164 552 2223 Quin
598 2165 664 2224 is,
714 2164 793 2229 qui
854 2164 1075 2228 scripsit,
1124 2179 1249 2211 unus
1308 2162 1450 2212 suerit
1486 2179 1539 2211 ex
1577 2163 1680 2212 eius
1727 2163 2053 2228 praesidibuS,
2106 2178 2205 2213 non

239 2231 496 2292 dubitabit,
545 2233 627 2297 qui
672 2246 715 2281 c.
751 2234 980 2283 40—45
1030 2231 1322 2296 pensiculate
1362 2232 1645 2297 perlegerit,
1700 2247 1790 2281 nec
1838 2232 1955 2298 quin
2004 2232 2204 2283 omnino

237 2306 446 2350 mentem
485 2301 885 2361 Christianorum,
923 2301 1002 2365 qui
1027 2301 1207 2349 Romae
1240 2300 1681 2364 peregrinabantur,
1717 2300 1872 2350 ubivis
1893 2301 2098 2351 fideliter
2122 2318 2205 2351 ex-

237 2369 486 2433 presserit.
568 2370 766 2418 Petrum
815 2375 863 2417 et
906 2370 1101 2418 Paulum
1146 2370 1406 2433 Apostolos
1460 2364 1584 2428 τοὺς
1634 2366 1838 2435 ἔγγιστα
1895 2358 2207 2436 γενομένους

238 2432 469 2503 ’ἀθλητὰς
504 2438 634 2498 dicit,
666 2438 802 2487 illum
827 2438 1057 2486 'laudibus
1093 2439 1339 2498 extollens,
1377 2439 1517 2488 liuius
1554 2439 1799 2489 doctrinae
1834 2439 1958 2488 viam
1987 2440 2204 2505 pressius

239 2521 459 2571 sequens.
531 2507 599 2555 Ac
637 2511 748 2555 sunt
771 2504 1190 2571 (Tillemont.ius‚²)
1227 2506 1597 2569 Constantius,³)
1634 2509 1854 2568 Venema,
1891 2508 2197 2559 Schliemann

237 2576 463 2640 aliique),
501 2575 581 2640 qui
616 2591 725 2623 eum
761 2590 815 2623 ex
850 2574 1077 2623 Israelitis
1115 2583 1275 2624 ortum
1312 2582 1502 2640 putent,
1539 2577 1598 2625 iis
1634 2577 1864 2626 nimirum
1900 2577 2030 2639 sulti,
2077 2594 2196 2644 quae

238 2658 294 2693 ex
339 2658 378 2692 c.
415 2646 462 2694 4.
512 2643 590 2693 31.
627 2645 690 2694 55
736 2643 786 2691 in
829 2659 967 2692 usum
1017 2660 1152 2692 suuni
1202 2652 1495 2694 convertant.
1579 2647 1917 2696 Verumtamen
1963 2646 2196 2712 spirituali

237 2726 382 2762 sensu
415 2713 474 2761 ad
508 2712 812 2762 Christianos
848 2713 1111 2775 pertinent,
1153 2729 1272 2777 quae
1308 2713 1372 2762 ibi
1409 2714 1469 2762 de
1504 2715 1552 2763 V.
1591 2715 1644 2763 T.
1690 2714 1834 2764 rebus
1878 2715 2198 2781 personisque

236 2780 315 2846 pie
363 2788 584 2845 expressa
635 2781 869 2843 leguntur.
954 2781 1147 2829 Illorum
1195 2789 1352 2830 autem
1399 2783 1592 2848 opini0,
1644 2790 1889 2833 auctorem
1937 2801 1992 2834 ex
2043 2784 2198 2850 aliqua

237 2855 419 2898 tantum
454 2857 602 2915 parte,
638 2849 860 2898 fortassis
896 2866 952 2898 ex
991 2856 1143 2898 matre
1181 2867 1287 2900 esse
1313 2851 1589 2913 israelitam,
1624 2852 1882 2902 levioribus
1903 2852 2200 2918 argumentis

236 2917 323 2966 niti
351 2918 521 2977 studet,
545 2928 685 2982 quam
707 2929 827 2982 quae
853 2918 1097 2966 mentione
1121 2919 1259 2983 (ligna
1287 2919 1545 2970 videantur.
1600 2921 1839 2971 Mosaicae
1861 2921 2054 2987 quidem
2081 2921 2200 2986 legis

237 3001 336 3036 non
372 3002 542 3052 expers
581 2992 677 3045 est,
715 2986 798 3035 sed
836 2986 977 3035 etiam
1017 2987 1139 3035 haud
1177 2988 1370 3051 ignarus
1409 2989 1730 3054 mnhologiae
1767 2990 2075 3053 Graecorum,
2111 3006 2202 3040 nec

234 3055 445 3119 physeos
481 3061 561 3104 aut
596 3055 933 3114 astronomiae,
967 3061 1046 3103 aut
1081 3056 1200 3104 alius
1238 3057 1464 3106 scientiae
1499 3058 1621 3109 libro
1645 3058 1832 3108 homini
1869 3059 1992 3117 scitu
2030 3059 2201 3143 dignae

239 3121 304 3184 (c.
343 3125 388 3174 6.
424 3125 504 3174 20.
540 3125 618 3173 25.
654 3121 761 3186 55).
833 3123 987 3172 Immo
1025 3123 1167 3172 etiam
1203 3124 1308 3174 vbb.
1345 3121 1660 3192 ἐπιστάμεθα
1694 3122 1920 3187 πολλοὺς
1968 3122 2026 3178 ἐν
2076 3129 2202 3194 ημῖν

235 3187 672 3256 παραδεδωκότας
724 3186 943 3250 ἑαυτοὺς
994 3190 1064 3249 εἰς
1112 3188 1271 3257 δέσμα
1315 3196 1418 3244 κτλ.
1458 3197 1520 3260 (c.
1558 3198 1650 3261 55)
1684 3204 1734 3247 et
1770 3190 2199 3262 Κατανοήσωμεν

236 3257 359 3319 τοὺς
406 3254 840 3327 στρατευομένους
886 3262 994 3319 τοῖς
1037 3255 1341 3326 ἡγουμένοις
1384 3258 1548 3329 ἡμῶν,
1597 3266 1708 3325 πῶς
1753 3258 2038 3328 εὐτάκτως,
2089 3264 2202 3323 πῶς

237 3323 490 3393 zosime-og,
538 3331 649 3389 πῶς
693 3323 1112 3395 ὐποτεταγμένως
1170 3326 1456 3382 ἐπιτελοῦσι
1508 3330 1573 3384 τὰ
1628 3329 2024 3400 διατασσόμενα.
2115 3328 2200 3384 Οὐ

236 3393 420 3458 πάντες
455 3396 584 3449 εἰσὶν
618 3395 846 3465 ἔπαρχοι,
887 3393 1010 3449 οὐδὲ
1043 3397 1304 3465 χιλίαρχοι,
1344 3395 1467 3451 οὐδὲ
1501 3399 1881 3471 ἑκατόνταρχοι,
1919 3396 2043 3454 οὐδὲ
2089 3419 2204 3454 πεν-

325 3565 369 3618 2)
399 3566 608 3606 Memoires
640 3566 684 3605 ΙΙ.
717 3577 757 3617 p.
792 3564 883 3605 149.

319 3622 363 3675 3)
395 3620 497 3673 Epp.
523 3619 636 3661 Rom.
668 3622 780 3660 Pont.
811 3621 838 3661 l.
869 3632 908 3671 p.
945 3619 1007 3660 11.
1036 3617 1128 3672 (cfr.
1149 3619 1174 3661 l.
1210 3634 1243 3659 c.
1272 3632 1312 3672 p.
1344 3621 1430 3674 41.)
