2340 3900
194 183 293 234 396
581 184 910 233 MARTYRIUM
947 185 992 234 S.
1028 186 1350 235 POLYCARPI.
1398 188 1486 236 vu.
1530 188 1638 236 VIII.
1671 188 1742 236 IX.

190 314 366 404 ληστὴν
410 314 682 383 τρέχοντεςι
756 314 855 365 Καὶ
909 313 1006 381 ὀψὲ
1051 322 1139 391 τῆς
1185 316 1314 386 ὧρας
1364 316 1786 382 συνεπελθόντες,2
1835 317 2020 368 ἐκεῖνον
2054 316 2141 382 μὲν

195 369 334 451 εὗρον
366 385 416 436 ἔν
451 405 543 435 τινι
581 384 803 470 δωματίῳ
839 386 1204 471 κατακείμενον,
1254 388 1325 439 ἐν3
1376 386 1605 473 ὑπερῴῳ·
1651 386 1905 480 κάκεῖθεν4
1927 383 2141 451 ἠδύνατο

194 457 260 514 εἰς
296 453 456 520 ἕτερον
492 454 666 521 χωρίον
702 449 964 517 ἀπελθεῖν,
1004 452 1109 506 ἀλλ’
1153 454 1243 507 οὐκ
1266 442 1573 543 ἐβουλήθη,
1591 455 1764 509 εἰπών·
1814 452 1905 517 ,τό4
1951 453 2143 541 θέλημα

191 528 277 573 τοῦ
333 523 480 574 Θεου5
493 522 773 609 γενέσθωὲ
839 519 1081 585 Ἀκούσας
1134 524 1186 575 66
1221 523 1398 587 αὐτους
1445 525 1734 613 παρόντας,“
1782 523 1862 574 καὶ
1911 522 2141 609 καταβὰς,

192 590 410 678 διελέχθη
448 589 637 652 αὐτοῖς·
686 589 1037 657 θαυμαζόντων
1072 599 1167 645 τῶν
1201 593 1472 680 παρόντων
1487 595 1576 661 τὴν
1622 592 1816 660 ήλικίαν
1866 589 2017 644 αὐτοῦ
2061 592 2144 644 καὶ

189 658 242 712 τὸ
291 658 547 724 εὐσταθὲς,
596 660 695 712 καὶἿ
755 659 829 711 ’ὅτι
874 659 1080 751 τοσαύτη
1130 666 1319 740 σπουδῆ
1364 663 1621 751 ἐχρήσαντο
1676 667 1764 713 τοῦ
1801 665 2146 728 συλληφθῆναι

190 734 410 782 τοιοῦτον
444 727 715 798 πρεσβύτην
751 728 918 798 ἀνδρα.
992 715 1203 794 Εύθέως
1237 739 1327 784 οὐν
1361 732 1525 794 αὐτοῖς
1561 731 1774 784 ἐκέλευσε
1808 735 2144 815 παρατεθῆναι

190 806 364 886 φαγεῖν
399 800 481 850 καὶ
511 806 639 851 πιεῖν
675 799 726 850 ἐν
764 799 932 889 ἐκείνῃ
954 806 1013 873 τῇ
1052 801 1184 888 ὥρα,
1221 801 1339 855 όσον
1374 801 1434 853 ἂν
1469 799 1762 887 βούλωνται·
1801 797 2057 870 ἐξῃτήσατο
2093 799 2146 851 66

193 866 382 931 αὐτοὺς,
422 869 503 919 ι’να
539 871 688 919 δῶσιν
724 866 855 940 αὐτῷ
894 869 1036 955 ὥραν
1059 869 1183 939 πρὸς
1219 869 1272 923 τὸ
1288 870 1670 958 προσεύξασθαι
1702 851 1872 929 ἀδεῶς.
1951 873 2060 920 Τῶν
2095 868 2147 920 δὲ

192 937 578 1025 ἐπιτρεψάντων,
612 939 809 1000 σταθεὶς
822 922 1167 1027 προσηύξατο,
1205 938 1390 1008 πληρης
1425 938 1493 992 ὧν
1528 946 1615 1007 τῆς
1649 937 1840 1027 χάριτος
1871 943 1956 989 τοῦ
1998 940 2144 998 Θεοῦ,

193 1006 528 1069 &teng-,6616
565 1007 644 1058 ἐπὶ
681 1005 770 1059 δύο
813 1007 942 1091 ὥρας
976 1007 1040 1076 μὴ
1082 1008 1328 1061 δύνασθαι
1364 1015 1633 1075 σιωπῆσαι,
1680 1009 1762 1060 καὶ
1799 1003 2149 1074 ἐκπλήττεσθαι

193 1075 307 1137 τοὺς
344 1075 634 1143 ἀκούοντας,
673 1077 880 1139 πολλούς
914 1097 963 1129 τε
998 1084 1245 1145 μετανοεῖν
1281 1078 1358 1129 ἐπὶ
1395 1084 1460 1149 τῷ
1492 1078 1776 1145 ἐληλυθέναι
1817 1076 1896 1128 ἐπὶ
1928 1081 2150 1130 τοιοῦτον

191 1152 443 1215 θεοπρεπῆ
478 1144 764 1215 πρεσβύτην.

687 1291 797 1338 Vlll
869 1291 1154 1350 Polycarpus
1189 1291 1239 1336 in
1275 1292 1434 1337 urbem
1469 1291 1668 1336 ducitur.

329 1391 414 1455 Ὡς
450 1393 502 1444 δὲ
538 1394 803 1446 κατέπαυσε
840 1391 927 1459 τὴν
963 1390 1258 1461 προσευχὴν,
1310 1390 1641 1481 μνημονεύσας
1678 1390 1906 1445 ἀπάντων
1937 1391 2021 1444 καὶ
2054 1396 2153 1443 τῶν

193 1460 401 1514 πώποτε1
438 1461 812 1549 συμβεβηκότων
847 1461 1006 1532 αὐτῷ,
1029 1467 1226 1549 μικρῶν
1261 1483 1309 1513 τε
1344 1464 1424 1514 καὶ
1462 1460 1704 1531 μεγάλων,
1743 1461 1953 1525 ἐνδόξων
1987 1482 2037 1512 τε
2070 1461 2154 1513 καὶ

193 1529 409 1594 ἀδόξων,
448 1533 529 1583 καὶ
566 1529 757 1598 ἀπάσης
789 1553 875 1597 της
930 1527 1050 1582 κατὰ
1099 1552 1188 1596 την
1223 1532 1512 1620 οἰκουμένην
1562 1537 1833 1618 καθολικῆς
1882 1531 2151 1617 ἐκκλησίας,

192 1606 278 1667 τῆς
311 1600 438 1668 ὥρας
474 1599 716 1686 ἐλθούσης
750 1606 838 1651 τοῦ
885 1600 1080 1662 ἐξιέναι,
1118 1600 1169 1650 ἐν
1219 1598 1318 1652 ὅνω
1354 1602 1644 1661 καθίσαντες
1677 1598 1854 1661 αὐτὸν,
1907 1592 2032 1682 ἦγον
2085 1600 2153 1659 είς

194 1668 281 1736 τὴν
317 1670 472 1732 πόλιν,
508 1667 648 1731 ὄντος
686 1667 951 1755 σαββάτου2
989 1667 1211 1752 μεγάλου.
1285 1654 1385 1721 ’Καὶ
1402 1667 1609 1756 ύπηντα
1629 1667 1774 1764 3αὐτω
1811 1666 1841 1721 6
1877 1665 2154 1756 εἰρήναρχος

190 1737 409 1826 Ἡρώδης
446 1739 527 1790 καὶ
555 1737 581 1790 6
616 1736 773 1805 πατὴρ
811 1737 961 1789 αὐτοῦ
999 1736 1219 1804 Νικήτης
1255 1738 1333 1790 ἐπὶ
1367 1736 1420 1789 τὸ
1456 1736 1646 1821 όχημα,3
1685 1741 1732 1790 οι
1757 1739 1840 1790 καὶ
1863 1737 2154 1804 μεταθέντες

193 1806 343 1859 αὐτὸν
397 1808 474 1858 ἐπὶ
510 1805 596 1873 τὴν
631 1812 900 1895 καροῢχαν,
938 1806 1138 1857 ἔπειθον
1185 1806 1632 1873 παρακαθεζόμενοι
1679 1808 1762 1859 καὶ
1810 1807 2047 1893 λέγοντες·
2092 1807 2154 1869 ,τί

191 1875 284 1963 γὰρ
317 1875 468 1927 κακόν
506 1876 632 1927 ἐστιν
667 1877 844 1937 εἰπεῖν,
882 1872 1068 1942 κύριος4
1103 1879 1325 1963 Καῖσαρ,
1344 1876 1426 1926 καὶ
1463 1876 1711 1944 ἐπιθῢσαι,
1751 1876 1834 1926 καὶ
1869 1873 1926 1926 τὰ
1961 1872 2150 1936 τούτοις

193 1943 475 2008 ἀκόλουθα,
533 1945 616 1995 καὶ
651 1942 1017 2006 62a6053266m3‘
1070 1940 1125 1993 Ο
1174 1943 1224 1995 66
1275 1964 1333 1994 τα
1377 1943 1463 2009 μὲν
1510 1949 1676 2011 πρῶτα
1723 1941 1815 1995 οὐκ
1862 1941 2151 2032 ἀπεκρίνατο

194 2013 387 2076 αὐτοῖς·
428 2011 749 2079 ἐπιμενόντων
785 2012 838 2064 δὲ
874 2010 1049 2071 αὐτῶν,
1088 2012 1205 2078 ἔφη’
1245 2011 1319 2075 ,06
1355 2013 1506 2079 μέλλω
1536 2019 1707 2079 ποιεῖν,
1749 2010 1778 2064 ὃ
1801 2011 2151 2100 συμβουλεύετέ

192 2105 288 2151 μοι.
295 2089 308 2112 ‘
386 2085 449 2134 Οἱ
484 2082 534 2134 66
575 2080 890 2149 ἀποτυχόντες
923 2087 1008 2133 τοῦ
1047 2088 1209 2133 πεῖσαι
1245 2081 1409 2146 αὐτὸν,
1447 2080 1581 2134 δεινὰ
1606 2080 1795 2150 ῥήματα
1817 2083 1982 2172 ἔλεγον
2000 2080 2148 2151 αὐτῷ,

192 2175 273 2205 και
308 2150 425 2241 μετὰ
446 2155 691 2239 σπουδῆς
735 2150 994 2239 καθῄρουν
1041 2149 1189 2203 αὐτὸν
1236 2149 1331 2204 ἀπὸ
1368 2157 1454 2203 τοῦ
1493 2148 1767 2218 ὅχήματος,5
1803 2173 1871 2213 ως
1906 2151 1989 2204 καὶ
2020 2171 2150 2203 κατι-

195 2221 312 2275 όντα
368 2220 464 2274 ἀπὸ
513 2227 601 2288 τῆς
645 2219 885 2290 καρούχας
937 2219 1242 2308 ἀποσυρῆναι
1296 2219 1349 2273 τὸ
1383 2220 1709 2288 ἀντικνήμιον.
1794 2220 1895 2272 Καὶ
1941 2217 2006 2288 μὴ
2052 2221 2151 2273 ἐπι-

183 2292 421 2360 ,στραφεὶς
458 2313 523 2352 ως
558 2289 701 2343 οὐδὲν
735 2289 1015 2355 πεπονθὼς,
1051 2289 1323 2358 προθύμως
1345 2289 1473 2378 μετὰ
1489 2293 1709 2358 σπουδῆς
1735 2287 2001 2359 ἐπορεύετο,
2040 2288 2147 2376 ἀγό-

194 2382 336 2428 μενος
383 2363 450 2421 είς
483 2358 536 2411 τὸ
582 2359 801 2425 στάδιον,
838 2358 1063 2444 θορύβου
1114 2359 1397 2427 τηλικούτου
1445 2358 1584 2423 ὄντος
1619 2361 1671 2412 ἐν
1716 2365 1784 2412 τῶ
1831 2362 2034 2431 σταδίῳ,
2081 2380 2151 2421 ως

195 2429 314 2497 μηδὲ
350 2427 662 2496 ἀκουσθῆναί
698 2404 806 2482 τινά
842 2428 1100 2482 δύνασθαι.

467 2588 535 2633 ΙΧ.
607 2589 893 2648 Ροίῃοαηηιε
932 2589 1108 2635 Christo
1142 2589 1342 2633 Domino
1379 2602 1463 2634 suo
1499 2603 1593 2634 ‘non
1627 2589 1875 2635 maledicit.

340 2696 419 2762 Τῷ
456 2689 508 2741 66
557 2671 895 2778 Πολυκάρπῳ,
946 2687 1139 2742 εἰσιόντι
1188 2690 1255 2749 είς
1304 2686 1358 2741 τὸ
1393 2686 1613 2752 στάδιον,
1662 2686 1802 2755 φωνὴ
1851 2689 1900 2751 ἐξ
1936 2686 2150 2776 οὐρανοῦ

195 2743 399 2829 ἐγένετο·
437 2761 582 2826 ,ἴσχυε
615 2759 695 2810 καὶ
733 2743 973 2845 ἀνδρίζου,
1011 2757 1338 2826 Hownaqnef
1408 2759 1509 2810 Καὶ
1545 2756 1631 2810 τὸν
1666 2757 1751 2824 μὲν
1773 2757 1972 2810 εἰπόντα
1991 2756 2151 2820 οὐδεὶς

197 2828 336 2890 εἶδεν,
373 2850 462 2895 την
499 2828 550 2879 δὲ
576 2826 749 2894 φωνὴν
770 2833 866 2879 τῶν
885 2825 1125 2902 ημετέρων
1146 2829 1196 2880 οἱ
1212 2826 1447 2915 παρόντες
1469 2825 1726 2914 ήκουσαν.
1777 2828 1876 2878 Καὶ
1913 2828 2150 2892 [λοιπὸν]1

194 2898 551 2968 προσαχθέντος
588 2895 763 2959 αὐτοῦ,
800 2894 1022 2966 θόρυβος
1056 2902 1120 2963 ήν
1155 2897 1316 2984 μέγας
1337 2895 1674 2958 ἀκουσάντων,
1710 2895 1785 2948 ὅτι
1823 2894 2151 2980 Πολύκαρπος

195 2970 515 3034 συνείληπται.
585 2963 783 3018 Λοιπὸν
825 2968 1160 3052 προσαχθέντα
1208 2964 1355 3017 αὐτὸν
1400 2965 1623 3033 ἀνηρώτα
1672 2963 1700 3017 6
1748 2963 2056 3052 ἀνθύπατος,
2108 2967 2154 3017 εί

194 3035 341 3098 αὐτὸς
377 3038 451 3102 εἴη
490 3034 829 3102 Πολύκαρπος.
908 3042 1006 3088 Τοῦ
1043 3037 1094 3087 66
1127 3034 1502 3104 ὁμολογοῦντος,
1541 3037 1737 3087 ε’πειθεν
1773 3033 2044 3120 ἀρνεῖσθαι,
2078 3035 2151 3086 λέ-

194 3124 316 3177 γων·
368 3105 641 3171 ,αἰδέσθητί
685 3121 774 3156 σου
820 3102 908 3171 τὴν
950 3104 1189 3172 ήλικίανῇ
1239 3106 1320 3156 καὶ
1357 3105 1492 3174 ε’τερα
1526 3103 1714 3166 τούτοις
1765 3101 2045 3168 ἀκόλουθα,
2083 3125 2150 3166 ως

284 3303 328 3355 2)
359 3305 471 3343 Hanc
512 3301 724 3343 lectionem
753 3298 938 3341 Usselius
983 3311 1027 3339 ex
1062 3300 1142 3338 Eu-
1286 3297 1329 3348 5)
1366 3299 1422 3337 Ita
1456 3298 1582 3340 Codd.
1614 3299 1724 3339 Vind.
1755 3297 1880 3338 Paris.
1910 3298 2075 3339 Barocc.
2106 3311 2146 3350 p.

196 3359 296 3399 sehii
338 3359 537 3410 scriptura
581 3351 862 3402 ἐπελθόντες
904 3355 970 3406 (Η.
1002 3357 1045 3395 Ε.
1079 3355 1140 3404 IV,
1200 3354 1360 3408 κυρίου
1389 3354 1494 3404 vulg

202 3415 284 3463 15.)
308 3415 462 3454 Smitho
482 3413 677 3465 probante
693 3411 1005 3463 commendavit3
1037 3419 1143 3452 συν-
1289 3409 1332 3460 6)
1370 3408 1435 3448 Sic
1472 3410 1716 3449 Iacohsonus
1748 3421 1768 3448 e
1798 3407 1925 3448 Codd.
1956 3408 2068 3449 Vind.
2108 3415 2148 3450 et

199 3466 492 3515 απελθόντες
525 3468 628 3517 vulg.
1201 3463 1324 3503 Paris.
1386 3464 1497 3513 Vulg.
1539 3463 1740 3510 ἀκούσας
1782 3457 1866 3505 οὖν
1912 3461 2019 3511 τοὺς
2051 3478 2148 3505 πα-

285 3550 330 3601 3)
363 3548 413 3592 ἐν
440 3564 502 3601 ap.
533 3551 610 3590 Iac.
642 3549 812 3589 accessit
841 3561 886 3588 ex
914 3549 1030 3589 Vind.
1200 3531 1419 3624 ρονῖἰῒςήἃ
1452 3572 1548 3612 cod
1583 3572 1729 3622 Paris
1773 3572 1893 3614 lectio
1929 3574 2034 3626 vulg·
2071 3571 2138 3616 εὖ

286 3630 331 3683 4)
362 3631 441 3671 Csr.
475 3633 608 3674 Matth.
638 3634 678 3685 6,
712 3633 774 3675 10.
811 3633 893 3685 Acht.
924 3632 990 3682 21,
1023 3630 1087 3672 14.
1202 3625 1398 3682 σταθὲς,
1449 3624 1571 3676 τινὲς
1623 3625 1801 3685 ἔλεγον·
1856 3627 1885 3684 ἡ
1939 3625 2146 3683 τοσαύτη
