2340 3900
468 187 678 238 telum
714 187 990 236 EPtSToLA
1023 189 1095 236 AD
1130 188 1524 238 Pom'csnpuu.
1578 187 1648 236 IV.
1683 187 1735 235 V.
1771 185 1843 233 VI.
2040 182 2142 235 203

174 344 336 379 omnes
371 341 556 391 quaere.
606 326 776 375 Servos
811 331 860 374 et
887 328 1076 375 ancillas
1113 343 1172 377 ne
1198 336 1490 388 contemnas3
1525 328 1610 377 sed
1633 341 1720 375 nec
1744 325 1833 389 ipsi
1858 326 2142 391 superbiant,

176 414 333 448 verum
372 398 431 446 ad
466 395 658 459 gloriam
691 396 774 444 Dei
803 395 909 458 plus
943 398 1159 455 serviant,
1195 405 1246 446 ut
1281 401 1510 461 potiorem
1546 397 1802 446 libertatem
1836 413 1864 446 a
1898 398 1992 446 Deo
2029 411 2138 445 con·

172 474 437 531 sequantur.
506 466 607 513 Non
655 465 923 513 desiderent
970 468 1287 516 communibus
1340 468 1597 531 sumptibus
1632 482 1659 516 e
1696 467 1912 517 servitute
1960 467 2138 522 redimi,

169 552 230 587 ne
265 537 385 585 servi
419 537 708 584 inveniantur
742 534 1016 598 cupiditatis.
1185 552 1190 556 ’

167 671 245 712 tur
278 668 543 711 conventus.
609 661 882 710 Nominatim
919 674 1079 709 omnes
1116 662 1313 723 inquire.
1384 662 1551 711 Servos
1588 672 1634 711 et
1667 663 1855 712 ancillas
1891 676 1950 711 ne
1988 662 2140 726 despi-

167 733 287 791 cias;
339 733 424 780 sed
456 746 545 780 nec
579 732 670 795 ipsi
705 730 949 789 inflentur,
981 731 1067 778 sed
1101 731 1158 778 ad
1195 731 1385 793 gloriam
1422 734 1498 780 Dei
1535 733 1793 782 officiosius
1827 733 2055 791 serviant,
2089 737 2142 780 ut

167 802 403 851 meliorem
438 801 694 850 libertatem
729 815 756 848 a
786 801 881 849 Deo
919 808 1275 862 consequantur.
1346 801 1505 863 Neque
1543 803 1769 852 communi
1807 804 2011 866 impensa
2045 817 2139 850 ma·

167 873 347 921 numitti
380 872 540 930 velint,
575 886 635 920 ne
671 871 792 920 servi
828 871 1115 918 inveniantur
1150 871 1567 933 concupiscentiae.

396 1010 447 1058 V.
518 1012 649 1071 Quia
685 1013 919 1074 coniuges,
956 1011 1175 1066 coelibes,
1211 1025 1403 1073 sponsos
1437 1018 1622 1059 moneat
1657 1013 1908 1074 episcopus.

306 1122 443 1171 Malas
481 1130 604 1172 artes
641 1123 772 1186 fugeg
809 1124 953 1187 magis
990 1130 1139 1171 autem
1177 1123 1234 1171 de
1271 1123 1359 1171 illis
1396 1137 1551 1170 coram
1587 1123 1758 1185 populo
1795 1124 1999 1186 loquere.
2058 1123 2139 1172 So·

168 1193 351 1242 roribus
389 1194 505 1241 meis
541 1193 697 1251 dicito,
731 1200 783 1241 ut
818 1194 1057 1242 Dominum
1094 1200 1258 1251 ament,
1297 1200 1344 1241 et
1378 1193 1552 1240 maritis
1591 1199 1830 1242 contentae
1868 1195 1961 1241 sint
1997 1208 2137 1242 carne

165 1278 220 1311 ac
254 1263 434 1325 spiritu.
505 1261 724 1312 Similiter
771 1271 818 1312 et
865 1263 1083 1312 fratribus
1131 1264 1248 1311 meis
1284 1264 1451 1311 manda
1500 1264 1546 1310 in
1597 1264 1780 1311 nominc
1818 1264 1920 1311 lesu
1955 1264 2140 1321 Christi,

165 1340 217 1382 ιιι
262 1332 454 1395 diligant
498 1334 717 1396 coniuges
766 1349 875 1382 suas
923 1334 1044 1382 sicut
1078 1333 1294 1382 Dominus
1343 1334 1598 1381 ecclesiam.
1672 1333 1719 1380 Si
1758 1334 1863 1395 quis
1903 1340 2058 1395 potest
2093 1333 2139 1379 in

166 1404 371 1451 castitate
404 1417 605 1460 manere,
638 1404 697 1451 ad
732 1404 958 1453 bonorem
993 1404 1107 1461 eius,
1142 1404 1222 1466 qui
1248 1404 1463 1451 Dominus
1498 1410 1570 1451 est
1605 1404 1770 1460 carniS,
1808 1404 1853 1450 in
1886 1402 2140 1450 humilitate

166 1478 356 1522 maneat.
392 1473 442 1521 Si
477 1473 714 1536 glorietur,
750 1475 916 1538 periit3
951 1480 997 1522 et
1032 1475 1071 1521 si
1110 1488 1162 1521 se
1198 1475 1418 1522 maiorem
1454 1474 1676 1535 episcopo
1714 1479 1914 1531 censeat,
1953 1472 2140 1519 interiit.

166 1544 307 1592 Decet
341 1556 473 1600 vero,
519 1550 572 1591 ut
604 1545 767 1606 sponsi
801 1552 849 1592 et
884 1558 1081 1607 sponsae
1118 1544 1175 1592 de
1211 1544 1439 1592 sententia
1490 1543 1699 1606 episcopi
1736 1543 1998 1605 coniugium
2032 1542 2140 1589 faci-

165 1620 264 1671 ant,
314 1619 366 1661 ut
400 1614 585 1676 nuptiae
636 1614 891 1663 secundum
929 1614 1169 1662 Dominum
1216 1615 1333 1672 sint,
1389 1627 1483 1662 non
1532 1612 1786 1661 secundum
1832 1612 2140 1675 cupiditatem.

165 1684 323 1733 onnia
357 1682 416 1731 ad
449 1683 676 1733 honorem
710 1683 791 1733 Dei
829 1683 953 1733 fiant.

301 1803 394 1857 *Ἃ
464 1810 602 1859 llalas
647 1818 772 1859 artes
816 1811 924 1875 fuge
937 1825 951 1873 3
1003 1812 1094 1860 imo
1143 1812 1201 1860 de
1245 1811 1318 1859 his
1368 1825 1456 1859 nec
1490 1810 1629 1859 verba
1664 1809 1815 1857 facito.
1886 1808 2138 1856 Sororibus

164 1882 280 1929 meis
326 1880 495 1937 dicito,
546 1886 600 1928 ut
632 1881 872 1929 Dominum
919 1890 1097 1939 ament,
1147 1888 1195 1929 et
1243 1881 1521 1944 coniugibus
1559 1881 1654 1928 suis
1693 1885 1933 1927 contentae
1968 1879 2060 1925 sint
2095 1885 2141 1925 et

166 1964 304 1999 arne
350 1955 399 1998 et
443 1951 622 2014 spiritu.
691 1950 910 1999 Similiter
956 1959 1004 1999 et
1049 1951 1267 1999 fratribus
1313 1953 1428 1998 meis
1478 1951 1694 2013 praecipe
1732 1950 1779 1996 in
1814 1949 1998 1995 nomine
2036 1948 2139 1995 lesu

167 2020 361 2076 carisii,
396 2026 449 2068 ut
481 2020 704 2083 coniuges
740 2034 848 2068 suas
884 2028 1059 2079 ament,
1111 2022 1229 2068 sicut
1261 2021 1478 2068 Dominus
1512 2019 1778 2067 Ecclesiam.
1851 2017 1899 2064 Si
1950 2016 2054 2080 quis
2093 2018 2139 2064 in

168 2091 377 2137 castitate
426 2102 699 2152 permanere
743 2096 898 2152 potest
946 2091 1003 2138 ad
1051 2090 1273 2137 bonorem
1319 2090 1495 2137 Domini
1548 2090 1727 2147 carnis,
1753 2089 1877 2135 sine
1926 2087 2138 2135 iactantia

167 2165 456 2222 pumat:
512 2158 561 2206 Si
596 2158 819 2221 glutinus
858 2159 1022 2218 fuerit,
1061 2161 1220 2222 periit,
1256 2166 1303 2207 et
1344 2160 1384 2206 si
1420 2160 1631 2221 cuiquam
1681 2165 1817 2206 notus
1861 2158 1921 2205 sit
1955 2163 2139 2220 praeter

167 2228 458 2292 Episcopum,
494 2228 633 2292 periit
665 2229 708 2277 ei
744 2229 943 2278 castitas.
1014 2229 1222 2292 Sponsus
1260 2237 1408 2277 autem
1447 2242 1736 2291 sponsasque
1787 2242 1890 2275 cum
1942 2241 2137 2274 assensu

168 2297 385 2362 zpiseopi
419 2298 654 2361 coniugari
690 2297 846 2356 decet,
882 2306 934 2347 ut
966 2300 1151 2363 nuptiae
1188 2299 1283 2346 sint
1331 2298 1584 2347 secundum
1621 2298 1787 2357 Deum,
1832 2310 1924 2345 non
1975 2309 2138 2344 secun·

168 2366 275 2416 dnm
312 2367 748 2431 concupiscentiam.
819 2370 980 2418 Omnia
1014 2369 1072 2417 ad
1109 2368 1332 2417 honorem
1369 2369 1449 2417 Dei
1485 2366 1609 2415 fiant.

748 2507 819 2556 vl.
890 2508 1065 2572 Officia
1098 2510 1257 2572 qreyt‘s
1291 2508 1549 2556 christiani.

302 2617 531 2683 Episcopo
565 2620 799 2680 attendite,
836 2627 888 2669 ut
921 2628 970 2669 et
1003 2622 1123 2670 Deus
1156 2620 1288 2668 vobis
1321 2620 1537 2668 attendat.
1609 2619 1782 2669 Utinam
1820 2633 1906 2683 ego
1938 2620 2136 2668 vicissim

163 2700 377 2736 natare
409 2689 584 2753 possim
620 2703 726 2749 eos,
775 2691 855 2755 qui
891 2691 1061 2739 subditi
1100 2697 1208 2739 sunt
1244 2691 1492 2753 episcopo,
1545 2690 1852 2754 presbyteris,
1903 2689 2135 2747 diaconis3

163 2762 213 2805 et
242 2757 414 2807 utinam
448 2758 560 2808 mibi
598 2761 856 2825 contingat,
895 2775 998 2810 cum
1036 2761 1122 2809 illis
1159 2767 1336 2824 partem
1372 2760 1544 2810 habere
1582 2762 1627 2809 in
1662 2760 1771 2809 Deo.
1846 2759 2134 2808 Collaborate

302 2876 426 2932 ἠ
493 2884 724 2949 Epi-copo
774 2886 1024 2947 attendite,
1074 2894 1124 2936 ut
1174 2894 1222 2936 et
1272 2886 1389 2936 Deus
1437 2887 1582 2937 vobis.
1655 2886 1744 2935 Eos
1798 2894 1850 2935 ut
1897 2886 2133 2949 propriam

166 2952 361 3000 animan
404 2952 573 3016 diligo,
617 2956 696 3017 qui
746 2964 910 3019 parent
940 2957 1198 3020 Episcopo,
1237 2957 1524 3021 presbyteris
1576 2964 1623 3005 et
1658 2956 1894 3014 maeonis,
1947 2963 1993 3004 et
2030 2970 2132 3003 cum

168 3021 282 3083 ipsis
327 3022 562 3085 contingat
603 3022 717 3072 mihi
765 3032 939 3088 partem
992 3026 1162 3075 babere
1203 3028 1248 3075 in
1286 3027 1392 3076 Deo
1464 3026 1751 3075 Collaborate
1789 3026 2005 3084 invicem,
2044 3039 2133 3073 una

165 3241 295 3294 flenda
341 3241 462 3284 edan
507 3246 596 3283 ent
644 3239 979 3295 hymen-ibus,
1028 3241 1122 3284 ideo
1180 3242 1377 3299 lippensis
1429 3246 1542 3288 fratri
1594 3245 1712 3286 alicui
1764 3244 1907 3286 eximio
1961 3243 2131 3286 seorsim

166 3298 444 3341 unam
464 3299 614 3350 nutyr
637 3295 885 3341 iata-beat
934 3306 1122 3353 necepta
1179 3300 1332 3343 scribit.
1350 3302 1556 3344 smithius
1587 3301 1761 3343 conferri
1799 3300 1909 3342 iubet
1936 3313 2133 3354 persona-

167 3353 219 3396 οδ
366 3354 473 3397 lun:
514 3352 699 3407 amplo
727 3354 896 3408 ΛροοιοΙ
923 3386 935 3405 ,
972 3356 1040 3409 qni
1083 3355 1121 3396 in
1180 3368 1267 3398 min
1297 3356 1561 3409 imitationes,
1601 3371 1714 3412 quas
1736 3357 1903 3410 legimus
1932 3358 2057 3411 Apoc.
2088 3356 2129 3408 2,

167 3409 184 3451 Ι
211 3422 236 3452 ι
421 3410 547 3454 mlta
579 3410 779 3465 praecipit
817 3411 1001 3454 omnibns
1032 3411 1123 3453 nei·
1185 3413 1248 3454 ¹⁰.
1299 3413 1447 3456 “istius
1469 3420 1607 3456 censet
1628 3415 1731 3455 hanc
1753 3413 1975 3467 Epistulam
1995 3413 2131 3467 potius

168 3465 355 3519 pubtia·
394 3466 646 3511 Christiana
701 3467 936 3521 ordinibus3
988 3469 1122 3522 aitque
1180 3469 1477 3513 inscribendam
1508 3484 1598 3512 esse
1617 3470 1666 3511 ad
1688 3470 1940 3524 Polycarpum
1960 3476 2000 3512 et
2018 3469 2131 3513 Pron

166 3521 472 3574 amnem.
505 3522 614 3578 12.)·
660 3522 777 3567 Nem
803 3525 1115 3567 dolescentiam
1174 3527 1375 3577 hylen-ism.
1409 3527 1487 3569 lac.
1517 3527 1604 3568 vid.
1633 3527 1706 3581 Ep.
1736 3526 1787 3568 ad
1821 3526 2129 3581 Smyrn.c.13.

169 3583 547 3634 mmf
581 3580 1111 3632 arn21⁶.Nemote
1172 3582 1332 3624 Nost

168 3640 400 3677 munina.
430 3612 551 3679 (bul'.
587 3635 659 3680 Sic
687 3636 732 3679 D.
761 3636 908 3679 l’nlu
938 3638 988 3679 od
1020 3637 1114 3678 Phi·
1255 3636 1302 3689 2)
1335 3638 1417 3679 Cir.
1444 3650 1567 3693 snpra
1603 3651 1638 3682 c.
1660 3639 1714 3691 2.,
1745 3638 1963 3695 adSmyrn.
1992 3652 2028 3682 c.
2052 3639 2130 3691 1⁰..

169 3689 268 3743 lipp-
298 3692 340 3741 4.
371 3690 414 3735 ⁸
452 3690 660 3748 Epioe-po
687 3693 773 3737 sive
789 3693 997 3737 helesiae
1019 3693 1111 3735 Phi-
1171 3694 1222 3737 ad
1253 3694 1402 3749 Ephes.
1435 3709 1470 3736 c.
1505 3695 1573 3738 21.
