2340 3900
248 204 347 256 658

246 330 550 390 νηπιοκτόνος
580 334 677 374 270.

245 386 486 444 νηστεύειν
521 387 604 442 τὴν
633 386 855 442 νηστείαν
887 387 951 427 14.

246 443 498 501 ἅνθρωπος
528 442 743 502 νόμισμά
775 441 905 484 ἐστιν
936 441 1033 482 246.
1066 440 1199 496 νομί-

302 511 460 558 σματα
491 496 600 552 δύο,
633 497 658 540 ὃ
687 498 776 557 μὲν
808 500 948 550 θεοῦ,
982 491 1008 537 ὃ
1039 493 1091 537 δὲ
1121 490 1200 535 κό-

303 568 423 614 σμου
458 557 550 598 144.
701 609 725 656 ξ

246 675 468 735 ξενίσμὸν
498 643 849 734 παρέχεινο336,

246 735 513 790 παραβῦσαι
546 732 756 789 ξιφίδιον
784 733 881 774 402.

697 830 733 858 Ο.

246 882 466 938 λαβόντες
509 887 624 926 θεοῦ
664 886 845 939 γνῶσιν
882 879 908 924 ὅ
952 879 1082 924 ἔστιν
1109 879 1199 935 Ἰη-

303 943 413 987 σοῦς
466 939 675 996 Χριστὸς
730 940 823 980 134.
877 938 961 981 νέα
1014 935 1128 993 ζύμη
1172 934 1198 978 ὅ

303 995 433 1038 ἔστιν
458 995 636 1048 Ἰησοῦς
666 993 876 1052 Χριστὸς
901 994 994 1043 148.
1044 992 1094 1036 ἓν
1117 994 1198 1033 πί-

303 1063 403 1093 στει
432 1048 457 1092 ὅ
490 1050 621 1094 ἔστιν
653 1049 767 1106 σὰρξ
799 1053 879 1092 τοῦ
910 1050 1092 1106 κυρίου,
1122 1048 1198 1088 καὶ

302 1106 352 1149 ἐν
406 1103 590 1164 ἀγάπῃ,
641 1103 666 1147 ὅ
711 1107 842 1148 ἐστιν
890 1108 1007 1162 αἱμα
1044 1103 1196 1157 Ἰησοῦ

300 1166 388 1219 Χρ.
434 1163 526 1204 158.
584 1158 1047 1217 τούτοιςςπείσθητε
1095 1161 1196 1212 (πι-

302 1214 527 1261 στεύσατε
579 1218 695 1271 344.)
756 1220 825 1264 οἱς
875 1212 1047 1272 γράφω
1104 1216 1197 1256 170.

300 1275 396 1316 344.
439 1269 677 1330 πρόδηλον
715 1269 913 1325 ποιήσας
944 1269 967 1312 ὁ
1013 1267 1197 1312 δεσπό-

303 1344 383 1382 της
413 1329 655 1369 nominativo
687 1329 873 1369 absoluto
907 1328 1055 1368 dictum
1086 1326 1153 1367 58.

233 1382 358 1430 ,ὁδὸν
397 1382 582 1427 ὁδεύειν
623 1386 691 1427 40.
737 1382 816 1425 ἐπὶ
855 1381 939 1436 τὴν
974 1380 1090 1424 ὁδὸν
1117 1378 1197 1434 ἥλ-

301 1451 451 1482 πισαν
479 1440 557 1480 καὶ
585 1438 667 1481 οὐκ
696 1437 776 1481 ἐπὶ
806 1437 889 1481 τὸν
918 1437 1034 1480 θεὸν
1055 1435 1198 1480 αὐτὸν

299 1497 365 1536 36.
426 1491 713 1551 πορεύεσθαι
754 1493 804 1536 ἐν
847 1492 944 1548 ὁδῷ
984 1489 1197 1535 θανάτου

299 1553 368 1593 40.
405 1549 431 1603 ἡ
464 1548 577 1597 ὁδὸς
604 1553 685 1592 τοῦ
719 1545 903 1606 φωτός,
932 1547 958 1602 ἡ
990 1551 1071 1590 τοῦ
1110 1549 1196 1605 μέ-

300 1608 436 1653 λανος
464 1603 576 1652 ὁδὸς
604 1607 673 1647 40.
706 1619 794 1659 sqq.

243 1659 464 1717 οἰκοδομὴ
493 1663 607 1702 θεοῦ
641 1662 732 1702 128.

242 1719 356 1758 θεοῦ
386 1713 647 1772 οἰκητήριον
675 1717 771 1758 316.

243 1773 503 1826 οἰκουργεῖν
531 1771 599 1812 48.

242 1825 349 1868 κατ’
384 1827 655 1882 οἰκονομίαν
683 1826 797 1866 θεοῦ
832 1825 926 1866 136.
966 1822 1034 1864 δι’
1072 1824 1196 1864 οἷκο-

296 1883 467 1938 νομίαν
497 1880 740 1923 ἀπέθανεν
768 1881 865 1923 369.

241 1932 520 1992 οἰκοφθόροι
553 1937 644 1979 134.
679 1937 778 1978 334.

240 1992 524 2047 ὀλιγόψυχος
551 1993 647 2034 208.

240 2046 498 2106 ὀμόδουλος
527 2048 624 2090 280.

241 2102 472 2161 ὁμοήθεια
501 2105 616 2145 θεοῦ
649 2102 744 2144 302.
793 2098 1053 2158 ὀμοήθειαν
1082 2100 1196 2140 θεοῦ

297 2156 518 2212 λαβόντες
553 2160 646 2200 144.

244 2215 290 2256 αἱ
320 2212 547 2270 ὀμόζυγαι
576 2215 674 2255 310.
704 2213 802 2255 312.

241 2269 291 2312 ἐν
321 2273 418 2316 τοῖς
438 2268 588 2327 ἔργοις
611 2267 755 2311 αὐτὸν
774 2266 1080 2326 ὁμολογῶμεν
1101 2268 1194 2310 108.

241 2324 550 2382 ἐμβλέψωμεν
564 2328 660 2372 τοῖς
671 2320 857 2382 ὄμμασι
874 2327 953 2373 τῆς
966 2326 1116 2379 ψυχῆς
1127 2324 1192 2365 66.

242 2380 475 2437 ὀμματῶν
510 2379 710 2436 τυφλοὺς
740 2381 836 2421 268.

244 2434 339 2490 ἔρις
368 2434 446 2476 ἐπὶ
477 2438 559 2477 τοῦ
604 2432 839 2492 ὀνόματος
882 2438 961 2487 τῆς
1003 2433 1194 2476 ἐπισκο-

919 200 1087 247 INDEX
1126 198 1503 247 GRAECITATIS.

1689 371 1736 400 7r.

1244 439 1385 494 παγὶς
1416 442 1496 481 τοῦ
1525 437 1744 493 διαβόλου
1771 439 1866 481 278.

1245 491 1501 553 παιδάριον
1532 497 1626 537 394.

1244 549 1560 605 παιδεραστία
1593 552 1690 595 310.

1245 603 1490 648 παιδεύειν
1529 604 1612 660 τὴν
1665 605 1890 648 παιδείαν
1919 604 2000 645 τοῦ
2043 598 2191 659 φόβου

1301 663 1381 702 τοῦ
1408 663 1522 703 θεοῦ
1552 662 1649 703 381.

1245 715 1561 770 παιδευθῆναι
1593 718 1660 764 εἰς
1689 712 1947 774 μετάνοιαν
1980 715 2070 757 102.

1243 770 1547 815 παιδοποιεῖν
1576 774 1672 814 316.

1242 824 1572 884 παιδοφθόρος
1603 828 1669 868 22.
1715 825 2065 885 παιδοφθορεῖν
2093 826 2159 867 40.

1241 883 1293 924 τὸ
1326 884 1613 941 παλίμβολον
1645 883 1742 923 268.

1241 937 1582 996 παλινδρομεῖν
1612 939 1706 979 270.

1242 991 1448 1052 πάμπαν
1466 995 1561 1036 234.
1602 988 1881 1035 παντάπασι
1899 992 1993 1033 356.
2033 987 2190 1034 πάντα

1298 1051 1418 1092 εἰσὶν
1451 1050 1520 1089 74.
1571 1045 1747 1095 πάντες
1777 1048 1990 1102 πανταχῆ
2024 1049 2114 1088 104.

1241 1105 1695 1162 παμμεγεθέστατος
1723 1104 1790 1144 78.

1241 1157 1582 1213 παντεπόπτης
1615 1161 1707 1202 100.
1747 1161 1837 1202 104.
1869 1158 1964 1200 386.

1241 1216 1454 1259 πανοικεὶ
1483 1217 1578 1256 404.

1241 1268 1487 1328 πάνσοῳος
1516 1271 1613 1311 224.
1696 1315 1700 1319 .

1241 1323 1627 1385 πανταμάρτητοι
1657 1327 1726 1368 42.

1237 1381 1262 1424 ὁ
1300 1380 1637 1440 παντοκράτωρ
1667 1379 1781 1429 θεὸς
1811 1381 1878 1423 48.
1909 1381 2004 1423 376.
2034 1381 2133 1422 400.

1240 1438 1292 1480 τό
1324 1437 1759 1496 παντακρατορικὸν
1787 1433 1995 1494 βούλημα
2023 1438 2092 1478 54.

1240 1494 1370 1550 παρὰ
1411 1497 1525 1536 θεοῦ
1567 1492 1702 1550 ἔργον
1740 1495 1922 1535 τοιοῦτο
1951 1493 2019 1534 88.
2061 1488 2190 1548 παρὰ

1293 1551 1452 1607 κυρίου
1505 1550 1604 1602 (var.
1650 1562 1699 1591 π.
1750 1551 1892 1608 κυρίῳ
1929 1549 2026 1591 375.
2069 1548 2188 1599 387.)

1293 1607 1390 1648 366.
1421 1606 1517 1646 375.
1548 1605 1644 1646 387.

1238 1660 1282 1701 οἱ
1317 1660 1499 1703 συνετοὶ
1532 1657 1645 1714 παρ’
1679 1658 1861 1707 ἑαυτοῖς
1889 1661 1928 1701 6.

1235 1718 1260 1769 ἡ
1277 1712 1542 1773 παράβασις
1561 1713 1641 1757 διὰ
1655 1717 1734 1756 τοῦ
1747 1710 1902 1771 ὄφεως
1917 1715 2107 1770 γέγονεν
2121 1714 2186 1757 28.

1238 1767 1543 1828 παραβιάζειν
1573 1772 1668 1812 391.

1237 1828 1508 1882 παραβῦσαι
1540 1823 1749 1880 ξιφίδιον
1774 1825 1870 1868 402.

1238 1881 1556 1937 παραγγελίας
1586 1882 1744 1933 λαβεῖν
1774 1880 1840 1921 88.

1238 1935 1689 1993 παραδειγματίζειν
1717 1936 1812 1976 221.

1239 1990 1536 2049 παραδοῦναι
1570 1988 1738 2033 ἑαυτὸν
1769 1993 1832 2046 τῷ
1866 1985 2069 2044 κινδύνῳ
2098 1990 2188 2032 100.

1297 2045 1698 2115 παραδεδωκότας
1727 2045 1919 2093 ἑαυτοὺς
1951 2042 2082 2092 ὅπως
2111 2046 2189 2087 λυ-

1296 2115 1557 2158 τρωσονιαι
1588 2104 1680 2145 100.
1841 2114 1859 2118 “

1239 2159 1659 2216 παρακαθέζεσθαι
1688 2158 1786 2201 396.

1239 2211 1546 2272 παραμύθιον
1575 2213 1804 2269 δέχεσθαι
1832 2214 1928 2256 364.

1239 2271 1520 2325 παρανοῑξαι
1549 2266 1706 2328 θύραν
1733 2270 1831 2310 354.

1239 2328 1334 2368 τῶν
1376 2321 1830 2383 παραπετασμάτων
1876 2325 1957 2378 τῆς
2007 2320 2189 2377 ἀπάτης

1297 2383 1707 2425 συνελκυσθέντων
1734 2382 1831 2422 354.

1239 2433 1548 2494 παραφυάδες
1577 2437 1715 2478 κακαὶ
1747 2437 1842 2478 238.

300 2492 390 2543 πῆς
409 2492 475 2532 90.
508 2489 559 2531 τὸ
579 2490 938 2548 μεγαλοπρεπὲς
962 2490 1036 2531 καὶ
1061 2486 1196 2544 ἅγιον
1238 2494 1522 2550 παρειμένον
1553 2491 1671 2535 εἶναι
1699 2491 1779 2534 ἐπὶ
1808 2490 1944 2547 ἔργον
1973 2491 2040 2535 80.

299 2542 450 2602 ὄνομα
486 2547 577 2586 104.

244 2601 311 2648 εἷς
344 2599 553 2642 τούπίσω
585 2598 806 2657 ἀφορμᾶν
837 2601 903 2640 72.

240 2654 371 2702 ὅπως
399 2652 718 2713 λυτρώσονται
750 2656 842 2696 100.

241 2709 442 2767 ὄργανον
476 2713 556 2751 τοῦ
589 2707 856 2767 πνεύματος
884 2711 981 2751 316.

240 2764 510 2822 ὀρυγμαδὸς
539 2768 704 2813 κακίας
734 2767 830 2807 238.

240 2819 468 2877 ὁσημέραι
499 2822 592 2862 255.
620 2823 716 2864 371.

240 2875 265 2919 ὀ
295 2875 425 2923 ὅσιος
453 2876 550 2918 368.

239 2927 357 2974 ὅταν
384 2934 579 2985 γίνεσθε
604 2932 693 2972 132.
733 2927 849 2973 ὅταν
866 2928 1078 2987 μηδεμία
1100 2928 1194 2986 ἔρις

297 2986 548 3043 ἐνείρισται
582 2987 673 3029 126.

239 3039 423 3084 ὁπόταν
452 3043 641 3084 καθεῖλε
671 3042 739 3083 28.

241 3095 492 3140 &nxz-151&
522 3100 571 3138 τί
601 3099 662 3139 16.
693 3104 776 3138 not.
809 3098 875 3138 29.
918 3096 979 3138 18.
1012 3097 1076 3138 20.

241 3151 518 3209 ἐξεπέμφθη
548 3150 572 3193 ὁ
603 3151 812 3208 Χριστὸς
841 3144 924 3194 οὖν
953 3152 1019 3194 86.

240 3206 383 3250 οὐθὲν
414 3211 512 3260 (var.
548 3205 704 3252 οὐδὲν,
741 3209 832 3250 144.

240 3258 472 3315 οὐσιιόδης
504 3259 641 3316 λόγος
669 3264 764 3306 248.

240 3309 297 3370 ἦν
341 3317 432 3374 πρὸ
472 3316 741 3374 ὀφθαλμῶν
781 3316 916 3374 ὑμῶν
961 3319 1030 3360 48.
1099 3317 1190 3373 πρὸ

228 3384 231 3387 ’
296 3370 456 3429 ὀφθαλ
499 3375 565 3414 ῶν
595 3373 752 3425 λαβεῖν
769 3376 834 3415 52.
884 3372 976 3431 πρὸ
1007 3372 1190 3429 ὀφθαλ-

296 3430 402 3484 μῶν
433 3442 450 3468 ε
468 3440 557 3483 χον
590 3431 760 3484 φυγεῖν
789 3429 883 3470 392.
933 3429 977 3469 οἱ
1005 3428 1192 3485 ὀφθαλ-

295 3483 376 3538 μοὶ
408 3485 487 3535 τῆς
514 3480 712 3540 καρδίας
743 3485 810 3527 82.
854 3484 898 3525 οἱ
939 3487 1019 3538 τῆς
1057 3482 1190 3543 καρδ.

295 3536 411 3591 ὀᾳθ.
443 3539 537 3579 392.

239 3585 335 3649 ὅψῃ
366 3592 462 3643 (var.
493 3592 583 3646 -ει)
614 3593 683 3634 86.

909 2859 945 2881 0

1238 2549 1524 2603 παρέκβασις
1553 2550 1619 2590 66.

1239 2606 1568 2658 παρεκβαίνειν
1598 2603 1664 2644 68.
1697 2603 1764 2643 86.

1238 2660 1509 2713 παρεγγυᾶν
1538 2659 1632 2698 224.

1213 2709 1349 2770 ,Ιθεοῦ
1380 2709 1618 2770 οἰκονόμοι
1647 2711 1726 2752 καὶ
1758 2706 1987 2768 πάρεδροι
2015 2710 2110 2751 204.

1213 2768 1586 2825 >παρεμπλέκειν
1621 2769 1709 2808 158.

1235 2819 1632 2880 παρεπιδημήσας
1663 2821 1780 2876 πρὸς
1810 2820 1933 2878 ὑμᾶς
1960 2821 2027 2863 46.

1236 2879 1528 2937 παρέλειπαν
1556 2881 1652 2919 308.
1683 2885 1766 2918 not.¹
1804 2881 1836 2918 1.
2110 2883 2154 2918 ἁ

1234 2931 1256 2986 ἡ
1275 2937 1496 2989 παροικία
1519 2934 1755 2986 (parochia)
1779 2935 1874 2973 375.
1900 2933 2184 2986 καταλεῖψαι

1291 2988 1371 3042 τὴν
1384 2992 1634 3047 παροικίαν
1645 2991 1726 3030 τοῦ
1735 2985 1912 3045 κόσμου
1925 2984 2108 3042 τούτουΙ
2119 2987 2186 3028 08.

1235 3043 1341 3091 τοὺς
1355 3042 1682 3102 παροξυσμοὺς
1693 3043 1941 3101 ἔμβροχαῖς
1953 3045 2074 3085 παῦε
2087 3044 2183 3084 302.

1237 3101 1524 3154 πατραλοίας
1543 3103 1642 3153 (var.
1671 3099 1880 3154 πατρολ.)
1899 3099 1994 3139 244.
2018 3105 2101 3138 not.
2117 3099 2182 3139 20.

1237 3152 1550 3213 πατρώνυμος
1580 3155 1676 3197 338.

1236 3212 1382 3267 πέρας
1409 3214 1467 3266 γέ
1492 3226 1562 3252 τοι
1594 3211 1632 3252 8.
1665 3211 1731 3251 22.
1761 3209 1827 3250 28.
1856 3209 1924 3251 34.
1945 3209 2014 3250 36.
2057 3207 2185 3263 ἐνεγ-

1292 3269 1392 3308 κεῖν
1426 3268 1491 3313 εἰς
1523 3267 1671 3322 πέρας
1699 3266 1793 3306 364.

1237 3318 1515 3378 περιβόητον
1543 3323 1610 3362 46.

1235 3375 1292 3416 τὰ
1323 3379 1546 3433 περίεργα
1577 3371 1803 3431 πράττειν
1833 3373 1931 3413 370.

1234 3431 1348 3478 λαὸς
1378 3427 1646 3488 περιούσιος
1680 3431 1768 3469 104.
1799 3428 1894 3470 280.

1236 3489 1516 3541 περιπατεῖν
1547 3485 1597 3527 ἒν
1636 3482 1853 3540 ἀλλοτρίᾳ
1897 3479 2061 3541 γνώμῃ
2096 3485 2186 3525 176.

1291 3543 1574 3596 περιπατεῖν
1603 3538 1654 3581 ἐν
1677 3536 1982 3596 ἀκεραιοσύνῃ
2005 3541 2070 3581 22.
2104 3552 2187 3580 πε-

1290 3598 1509 3651 ριπατεῖν
1540 3593 1590 3638 ἐν
1621 3590 1803 3651 ἀμώμῳ
1833 3594 1909 3635 καὶ
1937 3595 2055 3654 ἁγνῇ
2078 3603 2187 3637 συν-
