2340 3900
198 168 298 218 (3ss6
568 175 573 180 '
925 167 1149 214 HERMAE
1187 167 1419 214 PASTOR.

196 305 373 360 ταῦτα,
425 297 620 357 Βλέπω,
658 298 814 362 φημί,
850 294 1013 382 κύριε,
1048 295 1194 361 όμοια
1239 296 1355 349 όντα
1401 299 1485 350 καὶ
1519 296 1651 367 ξηρά.
1716 297 2032 365 Ἀποκριθθίς
2063 317 2151 363 μοι

199 368 320 449 λέγει
375 369 539 415 Ταῦτα
571 362 629 415 τὰ
677 366 851 435 δένδρα
901 364 931 416 ἃ
968 365 1158 431 βλέπεις
1194 367 1244 417 οἷ
1276 373 1609 429 κατοικοῦντες
1657 368 1778 420 εἰσὶν
1814 368 1865 419 ἐν
1899 372 1966 417 τῶ
2003 367 2150 425 αἰῶνια

197 433 361 503 τούτῳ
436 432 534 484 Διὰ
567 436 612 484 τί
662 435 779 498 οὐν,
820 437 967 501 φημί,
1005 433 1164 502 κύριε,
1202 432 1314 487 ωσεὶ
1364 435 1482 523 ξηρά
1530 439 1620 488 εἰσι
1668 438 1750 488 καὶ
1800 419 1975 502 όμοιοίς
2012 434 2144 499 ”Οτι,

200 506 376 587 φησίν,
404 500 512 553 οὔτε
550 504 600 553 οἱ
632 504 813 554 δίκαιοι
849 506 1104 568 φαίνονται
1142 501 1251 555 ούτε
1286 506 1337 556 οἱ
1353 503 1623 574 ἁμαρτωλοὶ
1646 506 1697 558 ἐν
1716 511 1782 577 τῶ
1806 507 1947 557 αἰῶνι
1975 502 2145 593 τούτῳ,

198 570 302 623 ἀλλ’
360 569 522 636 όμοιοί
569 573 712 623 εἰσιν·
751 569 779 623 ὁ
813 571 905 640 γὰρ
959 571 1079 623 αἰὼν
1127 569 1269 634 οὗτος
1311 581 1412 635 τοῖς
1459 577 1667 635 δικαίοις
1699 560 1901 662 χειμών
1908 575 2031 637 ἔστι,
2068 573 2150 625 καὶ

199 641 258 692 06
294 642 552 705 φαίνονται
599 638 716 706 μετὰ
750 647 846 693 τῶν
882 641 1178 728 ἁμαρτωλῶν
1208 649 1556 705 κατοικοῦντες.
1612 643 1803 711 ’Ὠσπερ
1847 642 1938 731 γὰρ
1994 644 2046 694 ἐν
2080 647 2149 693 τῶ

196 713 388 794 χειμῶνι
422 707 481 760 τὰ
517 709 699 796 δένδρα
733 708 1096 797 ἆποβεβλῃκιξτα
1129 708 1187 762 τὰ
1223 709 1379 776 φύλλα
1415 711 1560 779 όμοιοῖ
1593 715 1697 777 εἰσι,
1736 715 1818 765 καὶ
1853 711 1912 765 06
1949 714 2148 777 φαίνον-

195 799 270 829 ται
321 775 380 829 τὰ
417 776 552 864 ξηρὰ
581 776 699 829 ποῖοί
753 781 872 831 εἰσιν
918 802 950 846 η
970 802 1046 866 ,w
1080 784 1259 844 ζῶντα,
1307 781 1461 843 οὕτως
1509 783 1560 833 ἐν
1594 787 1674 866 τῷ
1706 784 1848 835 αἰῶνι
1891 779 2044 853 τούτῳ
2088 779 2148 833 οὗ

200 848 458 912 φαίνονται
493 845 602 899 ου’τε
639 849 689 898 οἱ
722 849 901 901 δίκαιοι
937 846 1046 901 ούτε
1068 850 1119 900 οἱ
1150 847 1433 918 ἆμαρτωλοί,
1461 849 1582 902 ἀλλὰ
1606 848 1785 911 πάντες
1813 850 1976 917 όμοιοί
2011 835 2148 908 εἰσιν.

617 1004 848 1051 ΑΡΧΗ
875 1006 1175 1052 ΑΛΛΗΣ
1208 1005 1750 1053 ΠΑΡΑΒΟΛΗΣ.

322 1107 515 1172 ’Έδειξέ
564 1131 645 1176 μοι
693 1109 839 1162 πάλιν
890 1105 1063 1179 δένδρα
1098 1110 1278 1174 πολλά,
1316 1109 1346 1162 ἃ
1381 1110 1467 1177 μὲν
1498 1113 1805 1177 βλαστοῖντα,
1851 1108 1983 1167 οἶδὲ
2014 1107 2150 1196 ξηροί,

201 1180 283 1231 καὶ
317 1179 439 1247 λέγει
474 1201 558 1245 μοι
596 1180 822 1242 Βλέπεις,
862 1182 1013 1246 φησί,
1047 1179 1105 1231 τὰ
1141 1181 1315 1248 δένδρα
1349 1186 1528 1244 ταῦτας
1582 1180 1775 1243 Βλέπω,
1813 1180 1967 1245 φημί,
2001 1198 2151 1242 mone,

199 1245 258 1299 τὰ
293 1248 379 1314 μὲν
413 1251 702 1315 βλαστῶντα,
739 1246 797 1300 τὰ
831 1248 883 1300 δὲ
917 1247 1049 1317 ξηρά.
1131 1254 1309 1313 Ταῦτα,
1346 1251 1484 1335 φησί,
1520 1247 1578 1300 τὰ
1601 1250 1798 1335 δένδρα
1796 1247 1858 1305 τὰ
1875 1251 2153 1332 βλαστῶντᾳ

200 1319 252 1368 οἱ
282 1319 463 1369 δίκαιοί
496 1320 615 1370 εἰσιν
652 1320 702 1370 οἱ
733 1318 993 1404 μέλλοντες
1023 1325 1266 1372 κατοικεῖν
1315 1321 1382 1380 εἰς
1416 1316 1501 1371 τὸν
1549 1320 1704 1374 αἰῶνα
1752 1315 1836 1370 τὸν
1872 1314 2148 1404 ἐρχόμενον·

200 1383 229 1436 ὁ
261 1384 351 1470 γὰρ
386 1385 506 1439 αἰὼν
542 1385 570 1439 6
607 1385 860 1474 ἐρχόμενος
896 1384 1095 1472 θρόνος1
1132 1389 1228 1441 ἐστὶ
1250 1394 1352 1449 τοῖς
1386 1388 1610 1451 δικαίοις,
1646 1394 1747 1448 τοῖς
1782 1386 1835 1438 δὲ
1857 1384 2154 1473 ἇμαρτωλοῖς

201 1475 389 1522 χειμων.
444 1454 601 1507 Ὅταν
647 1449 738 1508 οὗν
772 1454 1021 1527 ἐπιλάμψῃ
1071 1455 1123 1509 τὸ
1173 1458 1300 1517 ε’λεος
1335 1463 1422 1508 τοῦ
1471 1462 1674 1523 κυρίου,
1709 1454 1814 1511 τότε
1861 1453 2152 1543 φανερῳθή-

203 1542 367 1576 σονται
414 1525 465 1575 οἱ
507 1523 816 1612 δουλεύοντες
861 1531 927 1595 τῷ
960 1531 1094 1594 θεῷ,
1145 1526 1226 1577 καὶ
1276 1526 1451 1587 πάντες
1499 1524 1958 1594 φανερωθήσονται·
1993 1524 2152 1591 ὥσπερ

202 1591 322 1677 γὰρ
331 1598 398 1644 τῶ
434 1593 568 1659 θέρει
619 1592 728 1655 ἑνὸς
777 1578 978 1646 εκάστου
1030 1568 1232 1662 δένδρου
1269 1596 1320 1646 οἱ
1365 1596 1542 1661 καρποὶ
1578 1615 1903 1661 φανερουνται
1935 1595 2020 1653 καὶ
2055 1595 2154 1650 ἔπι-

203 1647 521 1730 γινώσκονται
556 1665 765 1714 ποταποί
801 1665 944 1728 εἰσιν,
998 1663 1125 1716 οὕτω
1173 1663 1254 1716 καὶ
1289 1669 1385 1716 τῶν
1421 1666 1621 1716 δικαίων
1656 1666 1706 1716 οἱ
1737 1685 1914 1731 καρποι
1950 1663 2154 1728 φανεροὶ

203 1732 390 1782 ἔσονται
424 1732 505 1783 καὶ
557 1729 928 1799 γνωσθήσονται
985 1731 1160 1793 πάντες
1209 1733 1259 1783 οἷ
1304 1731 1528 1793 εὐθαλεῖς
1588 1731 1743 1794 όντες2
1791 1734 1844 1785 ἐν
1897 1738 1970 1818 τῷ
2010 1734 2153 1784 αἰῶνι

202 1800 383 1869 ἐκείνῳ
462 1797 533 1849 Τὰ
584 1801 635 1851 δὲ
683 1801 807 1865 ε’θνη
855 1822 939 1851 και
976 1802 1026 1852 οἱ
1058 1799 1355 1886 ἁμαρτωλοί,
1391 1799 1422 1852 ἃ
1459 1799 1583 1861 εἶδες
1615 1823 1675 1855 τα
1710 1801 1887 1868 δένδρα
1920 1799 1978 1858 τὰ
2009 1798 2153 1888 ξηρά

200 1874 410 1920 τοιοῦτοι
463 1865 838 1954 εὖρεθήσονται,
890 1871 1025 1936 ξηροὶ
1074 1869 1156 1920 καὶ
1193 1867 1430 1936 ἄκαρποι,
1482 1870 1534 1920 ἐν
1583 1871 1748 1940 ἐκείνῳ
1782 1875 1850 1940 τῷ
1882 1871 2037 1932 αἰῶνι,
2071 1868 2153 1925 καὶ

201 1959 268 1998 ως
303 1935 421 1999 ξύλα
457 1935 926 2004 κατακαυθήσονται,
962 1938 1044 1990 καὶ
1069 1939 1272 2007 φανεροὶ
1309 1939 1568 2003 ε’σο[νται]3
1605 1939 1676 1991 ὅτι
1713 1925 1748 2005 ἦ
1782 1922 1957 2006 πρᾶξις
1993 1935 2154 1997 αὐτῶν

199 2004 391 2094 πονηρὰ
425 2007 619 2075 γέγονεν
655 2008 706 2060 ἐν
741 2012 803 2094 τῇ
836 2011 932 2078 ζωῇ
968 2005 1152 2059 αὐτῶν·
1190 2009 1241 2059 οἱ
1273 2008 1358 2073 μὲν
1382 2005 1473 2076 γὰρ
1506 2005 1775 2094 ἁμαρτωλοὶ
1800 2007 2152 2094 καυθήσονται,

201 2075 276 2127 ὅτι
310 2075 527 2162 ’ἥμαρτον
575 2077 659 2128 καὶ
707 2074 768 2129 06
807 2075 1121 2142 μετενόησαν·
1170 2075 1229 2128 τὰ
1265 2076 1316 2129 δὲ
1352 2078 1476 2143 ε’-θνη
1513 2077 1920 2144 καυθήσο[νται],
1955 2097 2032 2134 οτι
2063 2073 2154 2135 οὐκ

202 2147 415 2214 ε’γνωσαν
448 2143 532 2197 τὸν
568 2148 792 2197 κτίσαντα
829 2143 1168 2206 αὐτούς.Σύ
1193 2138 1285 2198 οὖν
1315 2146 1711 2234 καρποφόρησον,
1750 2147 1831 2201 Ιἵνα
1851 2146 1904 2198 έν
1924 2152 1990 2217 τῷ
2017 2145 2154 2213 θέρει

202 2215 369 2303 ἐκείνῳ
404 2221 605 2303 γνωσθῇ
642 2231 730 2266 σου
766 2213 795 2267 6
831 2212 1030 2298 καρπός.
1097 2213 1315 2301 ’Λπέχου
1347 2215 1399 2267 δὲ
1446 2213 1542 2270 ἀπὸ
1579 2222 1676 2269 τῶν
1709 2221 1900 2273 πολλῶν
1933 2214 2156 2300 πράξεων

201 2285 285 2336 καὶ
321 2267 598 2349 δι’)[δέποτέ]
649 2283 794 2336 οὐδὲν
842 2282 1154 2369 διαμάρτῃς
1179 2287 1229 2337 οἷ
1247 2282 1352 2368 γὰρ
1400 2283 1459 2337 τὰ
1493 2284 1646 2338 πολλὰ
1680 2283 1974 2352 πράσσοντες
2005 2279 2157 2339 πολλὰ

202 2354 285 2404 καὶ
313 2351 653 2420 ἁμαρτάνουσι,
690 2351 1044 2420 περισπώμενοι
1065 2354 1176 2419 περὶ
1209 2350 1295 2414 τὰς
1331 2354 1526 2422 πράξεις
1560 2354 1722 2409 αὐτῶν
1757 2355 1839 2412 καὶ
1859 2353 2008 2439 μηδὲν
2044 2355 2155 2405 δου-

202 2420 421 2482 λεύοντες
455 2428 520 2492 τῷ
550 2424 703 2507 κυρίῳ
739 2423 990 2486 ἓ[αυτῶν]
1065 2428 1186 2483 Πῶς
1218 2425 1324 2485 οὖν,
1361 2426 1525 2510 φησίν,
1562 2423 1591 2476 6
1627 2429 1843 2485 τοιοῦτος
1877 2421 2081 2483 δύναταί
2111 2443 2156 2477 τι

204 2475 501 2555 αἰτήσασθαι
534 2488 666 2576 παρὰ
712 2497 796 2541 τοῦ
833 2494 1005 2558 κυρίου
1042 2492 1120 2543 καὶ
1159 2495 1350 2557 λαβεῖν,
1396 2490 1462 2558 μὴ
1501 2492 1746 2550 δουλεύων
1780 2498 1847 2562 τῷ
1880 2494 2058 2579 κυρίως
2095 2492 2160 2543 Οἵ

206 2556 515 2619 δουλεύοντες
551 2556 708 2629 αὐτῷ,
754 2560 928 2610 ἐκεῖνοι
973 2558 1215 2625 λήψονται
1262 2558 1320 2610 τὰ
1370 2559 1606 2626 αἰτηματα
1655 2559 1842 2624 αὐτῶν,
1892 2562 1943 2612 οἷ
1987 2559 2041 2611 δὲ
2090 2557 2155 2625 μὴ

206 2625 515 2688 δουλεύοντες
561 2633 626 2698 τῷ
679 2629 854 2713 κυρίῳ,
906 2628 1080 2679 ἐκεῖνοι
1127 2626 1271 2679 οὐδὲν
1319 2627 1573 2694 ληψονται.
1654 2627 1775 2680 Ἐὰν
1823 2628 1875 2679 δὲ
1924 2630 2040 2695 μίαν
2086 2648 2158 2688 τις

204 2700 379 2783 πρᾶξιν
414 2681 694 2781 ἐργάσηται,
730 2694 932 2748 δύναται
966 2697 1049 2747 καὶ
1093 2702 1158 2766 τῷ
1196 2698 1346 2766 κυρίῳ
1380 2700 1657 2749 δουλεῦσαι·
1710 2695 1769 2749 06
1818 2696 1930 2784 γὰρ
1941 2699 2157 2762 διαφθα-

206 2765 414 2853 ρῄσεται
436 2762 470 2831 ἦ
507 2765 699 2817 διάνοια
745 2764 896 2817 αὐτοῦ
945 2763 1041 2817 ἀπὸ
1077 2771 1163 2816 τοῦ
1197 2767 1398 2835 κυρίου,
1435 2764 1555 2818 ἄλλα
1589 2764 1838 2818 δουλεύσει
1873 2763 2004 2817 αὐτῶ
2039 2767 2158 2832 ἔχων

206 2833 316 2901 τὴν
331 2831 555 2887 διάνοιαν
591 2832 743 2886 αὐτοῦ
779 2832 1019 2920 καθαράν.
1099 2840 1262 2886 Ταῦτα
1298 2836 1388 2886 οὐν
1424 2833 1508 2886 ἐὰν
1543 2833 1766 2922 ποιήσῃς,
1804 2819 2008 2887 δύνασαι
2042 2856 2155 2903 καρ-

205 2909 486 2988 ποφορῆσαι
523 2905 591 2964 εἰς
621 2901 706 2955 τὸν
730 2905 886 2955 αἰῶνα
909 2901 995 2955 τὸν
1031 2901 1307 2970 ἐρχόμενον·
1342 2905 1424 2955 καὶ
1456 2902 1571 2965 ὃς
1551 2926 1611 2957 αν
1638 2910 1787 2956 ταῦτα
1807 2902 2005 2978 ποιήσῃ,
2040 2924 2154 2973 καρ-

204 2971 489 3041 ποφορήσει.

592 3127 824 3176 ΑΡΧΗ
855 3126 1160 3176 ΑΛΛΗΣ
1205 3128 1745 3180 ΠΑΡΑΒΟΛΗΣ.

347 3228 377 3275 1.
452 3223 534 3288 Νη
537 3219 718 3275 στεύων
775 3222 857 3274 καὶ
904 3220 1184 3287 καθήμενος
1240 3223 1309 3283 εἰς
1357 3220 1472 3290 όρος
1526 3245 1572 3275 τι
1617 3225 1700 3276 καὶ
1752 3220 2041 3311 εὐχαριστῶν
2088 3226 2155 3274 τῶ

209 3291 362 3362 κυρίῳ
396 3291 506 3358 περὶ
538 3289 721 3343 τούτων
756 3311 826 3342 ων
861 3290 1056 3357 ἐποίησε
1090 3288 1191 3356 μετ’
1233 3290 1365 3357 ἐμοῦ,
1401 3292 1564 3359 βλέπω
1598 3291 1684 3354 τὸν
1716 3291 1921 3359 ποιμένα
1939 3275 2157 3373 παρακᾷὅ

297 3431 391 3471 Sim.
422 3430 481 3471 IV.
545 3429 589 3481 1)
618 3424 794 3485 θρόνος
815 3429 872 3471 sic
902 3430 942 3470 in
970 3431 1058 3471 cod.
1081 3431 1159 3470 Iam
1303 3429 1348 3482 3)
1380 3431 1499 3470 Uncis
1524 3431 1677 3471 inclusa
1722 3431 1799 3470 hoc
1838 3430 1930 3470 loco
1958 3443 2032 3471 nec
2062 3443 2154 3471 raro

211 3486 272 3525 ed.
302 3498 363 3537 pr.
394 3493 506 3526 notat
535 3498 623 3526 esse
656 3485 794 3551 θέρος
824 3486 1114 3537 corrigendum.
1212 3485 1305 3525 alibi
1337 3499 1356 3525 a
1388 3486 1504 3526 tineis
1535 3492 1769 3538 consumpta
1799 3493 1903 3526 sunt.

292 3542 335 3590 2)
382 3541 425 3580 οἱ
455 3540 504 3583 εὐ
497 3541 670 3587 ιθαλεῖς
697 3536 752 3581 ὅ)
756 3553 850 3587 rec:
882 3541 1007 3584 haec
996 3554 1035 3581 m
1063 3541 1152 3581 cod.

210 3595 270 3634 his
306 3596 453 3645 scripta
485 3603 587 3636 sunt.
