2340 3900
531 135 742 186 IGNA'rlt
777 134 1047 182 EPISTOLA
1082 135 1153 183 AD
1191 135 1576 187 SMYRNENSES.
1624 136 1674 186 V.
1711 137 1783 186 Vl.
1820 137 1911 187 vll.
2108 136 2209 189 295

204 278 321 333 ,Lex
355 276 527 339 Moysi3
565 275 649 322 sed
684 287 768 321 nec
805 287 926 321 nunc
959 288 1107 335 usque
1145 274 1462 338 Evangelium,
1499 290 1586 324 nec
1622 283 1806 325 nostrae
1841 278 2068 340 speciales
2105 294 2206 341 pas-

233 340 424 395 siones.⁸
493 345 603 392 Nam
641 343 779 390 etde
817 343 951 390 nobis
1004 343 1094 389 hoc
1132 345 1281 405 ipsum
1321 347 1535 392 sentiunt.
1608 346 1725 404 Quid
1776 348 1897 396 enim
1946 361 2020 396 me
2073 349 2206 406 iuvat,

232 419 271 464 si
308 430 381 463 me
417 415 519 476 quis
555 413 830 467 laudaverit,
884 412 1122 459 Dominum
1175 421 1325 460 autem
1361 429 1511 461 meum
1548 411 1975 478 blasphemaverit;⁴
2025 419 2065 465 si
2111 433 2207 466 non

232 501 336 534 eum
385 483 626 530 consessus
677 474 836 529 suerit⁵
885 482 1167 528 incarnatum
1219 479 1323 530 esse
1362 483 1502 530 Deum
1518 478 1561 530 2⁶
1637 486 1735 533 Hoc
1783 493 1935 534 autem
1986 488 2065 548 qui
2112 502 2206 535 non

231 554 405 609 dixerit,
443 551 650 613 perfecte
686 566 791 599 eum
824 558 972 613 negat,
1011 551 1128 597 sicut
1154 559 1380 599 mortuum
1405 553 1626 601 baiulans.
1696 556 1887 603 Nomina
1911 570 2018 604 vero
2043 571 2204 604 eorum

230 622 432 669 infidelia
468 615 580 668 non⁷
628 628 700 668 est
732 621 843 682 mihi
877 634 1000 668 nunc
1038 620 1182 666 visum
1219 621 1454 678 scribere3
1494 624 1579 670 sed
1615 638 1766 686 neque
1803 627 2038 688 contingat
2073 627 2198 685 mihi,

227 698 276 739 ut
311 692 590 739 mentionem
627 705 788 738 eorum
825 690 1002 752 faciam,
1043 691 1192 737 donec
1226 691 1503 752 poeniteant.

366 818 440 868 VI.
513 818 656 864 Nemo
705 818 908 879 seipsum
959 816 1160 863 seducat.
1234 815 1281 862 Si
1330 818 1452 864 enim
1502 831 1594 864 non
1643 820 1917 879 crediderit,
1974 821 2205 869 Christum

224 891 374 937 Iesum
411 889 458 934 in
497 901 634 934 carne
671 887 815 934 fuisse
857 891 1194 944 conversatum,
1231 892 1277 932 et
1315 887 1557 934 confessus
1594 887 1735 934 suerit
1772 903 1958 937 crucem
1997 892 2120 949 eius,
2159 898 2205 939 et

222 959 501 1022 passionem,
538 964 584 1004 et
619 958 902 1018 sanguinem,
940 971 1076 1018 quem
1115 949 1295 1003 effudit2
1333 971 1418 1018 pro
1455 957 1613 1003 mundi
1650 957 1818 1016 salute,
1874 961 2007 1006 vitam
2059 967 2203 1008 aeter-

224 1044 328 1076 nam
363 1043 457 1074 non
495 1035 820 1088 consequetur,
861 1027 954 1073 sive
993 1041 1074 1073 rex
1112 1026 1261 1083 fuerit,
1301 1027 1392 1073 sive
1430 1027 1678 1084 sacerdOS,
1714 1042 1796 1074 seu
1831 1030 2062 1091 princeps,
2100 1024 2204 1078 seu³

223 1100 451 1161 privatus,
502 1111 585 1144 seu
622 1097 858 1154 dominus,
907 1097 999 1143 sive
1036 1111 1223 1154 servus,
1262 1089 1367 1143 seu⁴
1400 1097 1489 1154 vir,
1531 1097 1624 1143 sive
1674 1097 1849 1144 mulier.
1920 1099 2022 1156 ,Qui
2068 1101 2203 1162 capit,

224 1169 386 1230 capiat,
425 1174 472 1214 et
508 1169 587 1227 qui
624 1167 775 1225 audit,
812 1159 1014 1213 audiat.‘⁵
1088 1166 1237 1212 Locus
1272 1181 1382 1228 ergo
1421 1172 1467 1212 et
1504 1166 1697 1227 dignitas
1737 1166 1872 1228 atque
1911 1169 2088 1216 divitiae
2124 1184 2202 1216 ne·

221 1239 390 1286 minem
426 1236 615 1294 inflent3
662 1237 923 1298 ignobilitas
971 1243 1019 1283 et
1070 1243 1317 1298 paupertas
1368 1236 1542 1283 nullum
1579 1237 1809 1295 humiliet3
1867 1239 1951 1284 sed
1989 1252 2092 1285 cum
2128 1240 2202 1286 his

228 1307 439 1355 omnihus
478 1305 593 1353 fides
631 1307 690 1353 sit
726 1307 773 1352 in
810 1307 950 1353 Deum
987 1313 1034 1352 et
1070 1307 1115 1352 in
1154 1306 1398 1362 Christum,
1425 1312 1471 1352 et
1508 1321 1615 1367 spes
1654 1301 1905 1354 fruitionis⁶
1944 1308 2203 1356 futurorum

226 1378 468 1434 bonorum,
507 1391 610 1423 cum
648 1376 908 1432 dilectione,
947 1389 1065 1437 quae
1102 1381 1173 1423 est
1209 1376 1332 1422 circa
1366 1376 1507 1422 Deum
1546 1383 1592 1422 et
1628 1378 1751 1423 circa
1787 1378 2058 1438 proximum.
2118 1379 2202 1434 ,Di-

222 1448 336 1509 liges
374 1446 494 1493 enim
530 1446 768 1493 Dominum
805 1446 945 1492 Deum
983 1451 1110 1492 tuum
1145 1459 1198 1492 ex
1231 1451 1328 1492 toto
1368 1446 1508 1492 corde
1546 1452 1652 1502 tuo,
1701 1452 1748 1491 et
1782 1447 2038 1506 proximum
2076 1451 2202 1494 tuum

221 1518 342 1564 sicut
374 1509 624 1577 teipsum.“¹
694 1515 786 1562 Sed
823 1522 868 1562 et
906 1515 1124 1562 Dominus
1163 1515 1294 1562 dicit:
1345 1515 1483 1572 ,Haec
1522 1509 1613 1561 est⁸
1648 1515 1739 1560 vita
1775 1521 1986 1573 aeterna,
2025 1523 2076 1563 ut
2123 1510 2198 1563 co-

222 1592 447 1647 gnoscant
491 1592 537 1632 te
574 1585 722 1632 solum
758 1599 915 1632 verum
953 1585 1107 1643 Deum,
1154 1591 1199 1632 et
1237 1599 1373 1646 quem
1421 1585 1588 1631 misisti
1627 1584 1778 1631 Iesum
1817 1582 2077 1632 Christum.‘
2146 1587 2201 1633 Et

221 1655 332 1703 illud
369 1648 629 1701 Iohannis:9
702 1654 975 1712 ,Mandatum
1024 1669 1191 1702 novum
1231 1655 1289 1701 do
1326 1655 1484 1711 vobis,
1535 1661 1586 1700 ut
1622 1654 1818 1715 diligatis
1866 1655 2073 1703 invicem.
2150 1657 2201 1702 ln

220 1726 292 1772 his
332 1725 453 1772 enim
491 1724 672 1771 duobus
709 1725 932 1771 mandatis
970 1730 1065 1771 tota
1098 1726 1171 1772 lex
1207 1725 1392 1786 pendet,
1431 1718 1827 1786 etProphetae.‘¹⁰
1880 1725 2051 1773 Discite
2084 1741 2194 1788 ergo

219 1810 316 1852 eos,
355 1795 436 1856 qui
473 1788 657 1841 taliter¹¹
696 1794 877 1852 docent,
902 1795 1135 1856 quomodo
1162 1795 1310 1856 legem
1333 1801 1528 1856 ponunt,
1566 1794 1849 1856 incognitum
1876 1809 1981 1842 esse
2018 1797 2197 1843 Patrem

221 1865 390 1912 Christi
426 1863 763 1927 praedicantes,
800 1865 1032 1926 quomodo
1074 1866 1208 1912 etiam
1247 1864 1479 1912 infidelem
1518 1865 1802 1911 inimicitiam
1851 1878 1955 1911 cum
2007 1866 2199 1912 invicem

220 1934 404 1982 habent.
474 1935 772 1981 Dilectionem
809 1934 927 1980 enim
967 1934 1224 1982 futurorum
1273 1935 1534 1996 negligunt,
1584 1935 1845 1994 praesentia
1895 1934 2195 1993 dissimulant,

221 2019 337 2066 quae
372 2010 561 2051 ventura
600 2010 707 2050 sunt
753 2009 968 2064 tanquam
1015 1996 1318 2065 praesentia12
1364 2018 1469 2050 esse
1520 2009 1709 2064 putant,
1765 2009 1810 2049 et
1859 2009 2076 2064 tanquam
2123 2019 2195 2051 so·

220 2075 392 2120 mnium
411 2079 457 2121 et
481 2073 762 2135 phantasiam
786 2073 1063 2120 existimant:
1103 2074 1312 2119 mandata
1349 2078 1691 2134 contempnunt,
1721 2073 1901 2119 viduam
1946 2080 1992 2120 et
2031 2075 2197 2136 orpha·

226 2158 334 2190 num
371 2143 648 2204 despiciunt,
686 2141 951 2189 tribulatum
987 2136 1266 2204 respuunt‚¹³
1303 2143 1500 2189 vinctum
1536 2142 1757 2188 derident.

359 2260 449 2307 vlt.
522 2259 711 2308 Crucem
748 2260 1041 2318 erubescunt,
1079 2262 1343 2322 passionem
1381 2260 1627 2316 deludunt,
1668 2261 2058 2307 resurrectionem
2096 2261 2195 2308 fru-

217 2325 398 2377 strant.¹
467 2329 737 2378 Huiusmodi
767 2345 925 2377 omnes
955 2337 1149 2392 nepotes
1185 2337 1291 2376 sunt
1327 2330 1448 2376 illius
1486 2330 1724 2376 inveterati
1759 2329 1984 2376 malorum
2012 2332 2194 2392 nequis-

216 2393 343 2447 simi²
380 2400 583 2462 spiritus,
622 2401 702 2462 qui
739 2407 785 2447 et
819 2401 961 2447 Adam
998 2415 1082 2461 per
1124 2400 1364 2447 mulierem
1401 2399 1661 2446 mandatum
1696 2399 1954 2459 transgredi
2006 2415 2194 2461 persua-

218 2470 301 2527 sit,
340 2470 418 2531 qui
455 2476 502 2516 et
537 2470 650 2517 Abel
686 2485 772 2532 per
807 2469 917 2516 Cain
954 2469 1137 2526 occidit,
1177 2470 1256 2530 qui
1293 2476 1340 2516 et
1375 2469 1455 2516 Iob
1497 2469 1711 2530 decipere
1749 2474 1940 2516 conatus
1981 2476 2073 2528 est,
2117 2473 2196 2532 qui

216 2547 264 2586 et
299 2539 403 2587 lesu
440 2538 537 2587 filio
574 2540 799 2588 Iosedech
835 2540 1054 2587 resistere
1093 2541 1341 2601 temptavit,
1380 2540 1458 2601 qui
1495 2545 1542 2587 et
1561 2538 1889 2601 Apostolorum
1914 2538 2054 2588 fidem
2090 2541 2195 2588 sub-

217 2727 421 2774 πτύουσι
467 2731 561 2772 dedi
603 2746 636 2772 c.
694 2730 775 2772 OV
817 2745 858 2784 p.
902 2733 1176 2787 περιορῶσι,
1320 2730 1365 2784 2)
1395 2731 1556 2783 effundit
1585 2730 1669 2772 Pal.

217 2785 359 2840 θλιβ’
399 2799 506 2830 ενον
545 2783 834 2830 διαπτύουσι
877 2788 906 2829 Β
956 2788 1059 2840 vulg.
1121 2790 1176 2829 Ex
1318 2788 1362 2840 3)
1395 2789 1473 2828 sive
1506 2786 1590 2827 Pal.
1623 2788 1718 2839 Reg.

218 2842 319 2883 eoo.
349 2801 504 2883 lemihi
536 2850 697 2885 notatur
742 2847 1001 2900 παρορῶσι.
1069 2845 1176 2886 θλι-
1318 2844 1362 2895 4)
1397 2845 1478 2884 sive
1511 2843 1605 2893 Reg.

217 2895 742 2954 βομένωνδιαπτύουσι.
777 2901 956 2942 Subinde
975 2899 1176 2959 ὃεδεμέ-
1317 2899 1363 2953 5)
1396 2901 1535 2941 Matth.
1570 2900 1633 2949 19,
1672 2901 1735 2941 12.
1771 2900 1836 2950 13,
1871 2901 1939 2941 43.

222 2967 317 2997 νων
347 2954 389 2994 V.
1316 2958 1361 3010 6)
1389 2957 1632 3009 frictionibus
1664 2957 1747 2997 Pal.

304 3010 401 3062 Cap.
438 3010 517 3051 vn.
580 3010 621 3060 l)
651 3008 939 3069 κομοδοῦσιν
970 3013 1001 3053 Ο
1021 3013 1063 3053 V.
1319 3013 1363 3067 7)
1396 3015 1492 3054 Luc.
1528 3013 1591 3063 10,
1624 3014 1690 3054 27.

307 3067 352 3118 2)
385 3064 572 3122 ἔκγονοί
602 3067 645 3107 Β.
1317 3070 1363 3121 8)
1396 3075 1456 3110 est
1496 3072 1597 3110 enim
1639 3070 1721 3110 Pal.
1764 3070 1858 3120 Reg.
1919 3068 2104 3109 Ceterum
2140 3069 2190 3107 cs.

302 3122 350 3175 3)
378 3119 667 3171 ἔξεοόσανῐος
698 3123 791 3163 OV.
1233 3126 1288 3166 Ιο.
1325 3126 1389 3176 17,
1421 3126 1460 3166 3.

305 3179 352 3233 4)
383 3181 447 3235 τῷ
479 3180 512 3220 0
541 3179 582 3220 V.
1319 3181 1363 3234 9)
1395 3182 1451 3223 lo.
1489 3182 1551 3232 13,
1586 3182 1654 3223 34.

1320 3236 1388 3288 10)
1421 3239 1555 3278 Matth.
1587 3238 1655 3287 22,
1687 3238 1754 3278 40.

301 3292 347 3345 3)
372 3294 586 3346 passiones
619 3293 812 3344 speciales
842 3292 919 3332 inv.
954 3294 1046 3343 Reg.
1321 3293 1388 3344 11)
1421 3294 1447 3334 s.
1479 3295 1606 3335 aliter.
1637 3295 1729 3334 Cur.

302 3348 349 3402 4)
380 3351 724 3402 blasphemassent
755 3362 834 3390 scr.
866 3349 961 3401 neg.
1327 3348 1395 3399 12)
1428 3351 1478 3390 7ιῖ
1516 3352 1711 3391 instantia
1751 3348 1847 3403 (sic)
1887 3361 1927 3401 p.
1954 3350 2181 3401 praesentia

306 3405 352 3458 5)
375 3408 498 3457 suerit
529 3418 606 3447 om.
637 3406 732 3458 Reg.
1234 3404 1315 3445 l’al.
1353 3406 1446 3455 ch.

305 3462 351 3514 6)
381 3462 579 3503 donuinam
610 3462 705 3513 Reg.
1324 3462 1393 3513 13)
1430 3462 1650 3515 despiciunt
1702 3463 1823 3512 neg„
1886 3461 1953 3502 uhi
2015 3462 2186 3504 subinde

307 3518 351 3569 7)
381 3531 462 3559 non
487 3531 610 3572 supra
642 3518 735 3559 add.
766 3519 804 3559 in
836 3519 930 3570 fleg.
1231 3521 1398 3559 vinclum
1426 3519 1646 3570 despiciunt
1677 3515 1973 3572 (subnotatum)
1994 3519 2188 3561 derident.

306 3574 476 3627 Cap-Vl.
507 3574 553 3628 1)
583 3575 621 3616 Isv
652 3576 755 3617 ordo
785 3588 897 3616 vocc.
921 3576 959 3615 in
981 3575 1172 3626 l’ahltcg.
1319 3575 1415 3626 Cap.
1445 3574 1520 3615 Vll.
1585 3573 1627 3626 1)
1658 3578 1832 3627 [rustam
1861 3575 1956 3627 Reg.

220 3631 284 3672 ed.
312 3631 462 3672 Veneta
494 3630 617 3682 1546,
652 3631 781 3673 lesum
814 3631 1005 3674 Christum
1035 3632 1138 3683 vulg.
1321 3632 1364 3684 2)
1394 3632 1630 3683 nequissimi
1659 3631 1831 3673 accessit
1860 3644 1906 3673 ex
1937 3632 2021 3675 Pal.
2065 3681 2076 3693 ·
