2340 3900
475 201 509 246 1.
541 199 856 247 CLEMENTIS
894 200 965 246 An
1002 199 1126 246 COR.
1175 201 1338 248 XXXV.
1378 200 1562 248 xxxvt.
1597 199 1801 247 XXXVII.
2052 195 2119 246 83

151 339 276 401 qnod
320 351 403 384 ero
458 336 541 384 tibi
583 337 760 384 similis.
827 337 1026 398 Arguam
1069 343 1139 393 te,
1185 345 1231 385 et
1283 346 1474 386 statuam
1508 304 1555 387 te
1591 345 1751 386 contra
1784 336 1946 385 faciem
1983 341 2119 383 tuam.

150 406 390 468 intelligite
432 405 591 467 utique
637 406 774 464 baec,
821 405 901 467 qui
946 405 1262 453 obliviscimini
1314 408 1474 466 Deum,
1520 422 1579 455 ne
1628 407 1812 469 quando
1859 405 2005 469 rapiat
2035 419 2115 452 vos

149 485 360 537 tanquam
393 474 495 532 leo,
531 481 580 521 et
611 488 704 521 non
755 476 816 521 sit
873 475 949 535 qui
996 475 1173 535 eripiat.
1259 475 1544 524 Sacrificium
1603 477 1748 525 laudis
1793 473 2116 523 honorificabit

148 559 247 603 me,
282 551 330 592 et
364 543 460 591 illic
495 544 609 602 iter,
648 558 739 605 quo
775 543 1012 592 ostendam
1046 543 1111 590 illi
1147 543 1340 591 salutem
1376 546 1470 592 Dei.

377 682 562 730 XXXVI.
634 682 797 731 Omnis
830 683 1067 730 beatitudo
1101 683 1234 729 uobis
1265 698 1352 744 per
1386 684 1616 731 Christum
1652 686 1884 732 tribuitur.

284 779 407 826 Haec
456 786 529 826 est
571 781 667 833 via,
717 779 896 838 dilecti,
946 780 992 827 in
1046 793 1135 840 qua
1170 779 1366 826 salutare
1403 787 1611 827 nostrum
1648 782 1924 838 invenimuS‚
1964 779 2114 827 lesum

147 849 388 905 Christum,
427 847 708 896 oblationum
742 856 1001 897 nostrarum
1036 847 1316 910 pontificem,
1355 848 1631 896 infirmitatis
1667 856 1852 897 nostrae
1874 856 2114 911 patronum

146 926 192 967 et
222 918 547 965 auxiliatorem.
614 918 703 965 Per
747 918 868 966 bunc
913 917 1149 965 coelorum
1198 918 1479 964 altitudinem
1533 919 1803 979 aspicimus3
1859 933 1944 980 per
1992 920 2115 965 hunc

146 987 314 1035 vultum
351 988 450 1034 eius
482 987 816 1034 immaculatum
854 994 900 1035 et
937 986 1168 1035 excelsum
1206 987 1513 1048 speculamur3
1566 989 1803 1049 perhanc
1850 988 1970 1035 oculi
2014 1002 2113 1035 cor·

147 1057 218 1104 dis
253 1057 400 1103 nostri
437 1057 583 1118 aperti
617 1064 751 1115 sunt3
796 1071 882 1119 per
917 1057 1039 1103 hunc
1076 1056 1298 1118 insipiens
1336 1064 1383 1103 et
1421 1056 1662 1103 obscurata
1696 1070 1824 1103 mens
1860 1064 2018 1103 nostra
2069 1058 2114 1103 in

145 1124 454 1173 admirabilem
489 1125 590 1172 eius
623 1126 773 1173 lucem
818 1126 1102 1183 reflorescit3
1159 1139 1244 1187 per
1290 1126 1412 1172 hunc
1459 1126 1602 1172 voluit
1636 1125 1851 1172 Dominus
1899 1140 1984 1172 nos
2035 1126 2114 1173 im-

145 1195 379 1242 mortalem
412 1195 722 1256 cognitionem
757 1203 967 1258 305131·ος
1024 1209 1110 1257 per
1157 1195 1304 1253 hunc,
1353 1197 1432 1256 qui
1478 1195 1727 1242 maiestatis
1765 1195 1843 1242 Dei
1897 1195 2117 1256 splendor

145 1265 359 1321 existens,
391 1270 518 1311 tanto
554 1266 702 1311 maior
736 1272 810 1313 est
844 1265 1032 1327 angelis,
1069 1270 1238 1326 quanto
1276 1265 1567 1312 excellentius
1603 1278 1771 1311 nomen
1807 1265 1996 1311 sortitus
2033 1271 2118 1311 est.

146 1332 375 1396 Scriptum
410 1334 532 1380 enim
568 1342 662 1382 est:
708 1336 802 1397 ,qui
839 1335 948 1381 lacit
981 1334 1169 1396 angelos
1205 1349 1315 1382 suos
1364 1335 1578 1396 spiritus,
1625 1341 1672 1381 et
1719 1334 1954 1380 ministros
2005 1347 2116 1380 suos

147 1404 265 1466 ignis
298 1401 550 1450 flammam.‘
622 1403 685 1450 De
719 1403 813 1451 fflio
851 1410 1004 1451 autem
1042 1418 1127 1451 suo
1165 1405 1233 1450 sic
1272 1404 1383 1451 dixit
1416 1404 1660 1450 Dominus:
1723 1402 1861 1460 ,filius
1898 1415 2028 1449 meus
2065 1415 2116 1448 es

144 1478 220 1530 tu,
257 1486 345 1535 ego
380 1472 520 1520 bodie
554 1474 691 1535 genui
725 1480 797 1531 te;
854 1473 1037 1536 postula
1069 1488 1095 1520 a
1127 1487 1226 1530 me,
1264 1480 1311 1520 et
1359 1473 1476 1520 daho
1530 1473 1612 1520 tibi
1659 1477 1819 1534 gentes
1866 1470 2117 1517 haeredita-

147 1549 236 1590 tem
268 1548 413 1599 tuam,
449 1548 498 1588 et
527 1544 873 1604 possessionem
907 1549 1031 1590 tuam
1066 1543 1288 1590 terminos
1341 1541 1520 1590 terrae.‘
1590 1541 1647 1588 Et
1690 1542 1855 1588 iterum
1903 1540 2014 1587 dicit
2061 1540 2119 1587 ad

146 1625 273 1659 eum:
331 1611 456 1668 ,sede
490 1626 518 1658 a
555 1612 725 1660 dextris
761 1614 902 1670 meis,
942 1613 1090 1661 donec
1126 1626 1294 1675 ponam
1331 1613 1541 1659 inimicos
1588 1618 1693 1658 tuos
1741 1609 1990 1657 scabellum
2039 1624 2117 1671 pe·

148 1679 254 1728 dum
289 1678 516 1730 tuomm‘
583 1681 773 1740 Quinam
819 1689 969 1731 autem
1007 1689 1116 1731 sunt
1161 1682 1361 1730 inimici?
1435 1681 1651 1729 Homines
1688 1680 1919 1743 perversi,
1959 1686 2004 1727 et
2040 1679 2119 1740 qui

148 1748 324 1798 divinae
359 1750 582 1798 voluntat·
613 1752 850 1800 resistunt.

145 1873 349 1923 xxxva
420 1875 628 1924 Christus
665 1878 767 1925 dux
801 1884 969 1933 noster,
1007 1892 1092 1925 nos
1126 1878 1293 1925 milites
1329 1878 1457 1932 eius,·
1508 1877 1701 1938 quilibet
1734 1890 1872 1923 suum
1909 1877 2118 1924 ordinem

468 1966 513 2006 et
545 1961 787 2007 statium
821 1975 959 2008 ruam
993 1962 1213 2014 observet,
1249 1965 1300 2006 ut
1334 1959 1540 2006 membra
1575 1960 1795 2020 corporis.

284 2053 527 2102 uilitemua
561 2055 726 2116 igitur,
771 2056 855 2103 viri
903 2056 1093 2113 fratres,
1150 2055 1362 2102 omnibus
1398 2055 1572 2102 viribus
1609 2055 1696 2102 sub
1734 2054 1980 2116 inculpatis
2017 2056 2116 2102 eius

150 2124 425 2185 praeceptis.
508 2122 863 2172 Consideremus
916 2125 1107 2181 milites,
1161 2125 1239 2185 qui
1299 2124 1385 2170 sub
1445 2123 1642 2171 ducibus
1693 2124 1864 2171 nostris
1924 2132 2116 2181 merent,

148 2205 284 2253 qnam
319 2190 553 2251 ordinate,
599 2207 733 2255 quam
770 2193 1067 2251 obedienter,
1116 2207 1252 2255 quam
1289 2192 1516 2240 submisse
1553 2194 1774 2255 imperata
1821 2201 2117 2255 exequantur.

233 2381 284 2435 2)
324 2381 500 2423 Eandem
549 2381 792 2423 locutionem
843 2389 1010 2436 usurpat
1060 2384 1102 2424 B.

150 2437 296 2479 Paulus
330 2438 478 2491 pree.
514 2438 551 2486 1,
578 2437 642 2479 18.
681 2439 766 2480 Jac.

231 2494 280 2547 4)
308 2493 473 2534 Videtur
493 2494 536 2534 S.
557 2493 676 2535 Pater
704 2493 887 2536 alludere
918 2494 968 2535 ad
992 2495 1103 2536 Rom.

152 2550 188 2592 1.
207 2549 276 2591 21.
305 2556 346 2591 et
375 2549 519 2592 lPetr.
548 2549 590 2599 2,
613 2550 654 2592 9.
689 2549 801 2591 Wott.
859 2552 992 2592 Locus
1039 2564 1105 2593 re-

149 2606 293 2647 citatus
316 2618 339 2646 a
363 2604 488 2648 clem.
502 2605 610 2647 Alex.
628 2606 778 2648 Strom.
800 2606 861 2659 lv,
881 2608 930 2650 17
957 2607 1107 2661 p.613.

234 2662 261 2704 5
313 2661 434 2703 Hebr.
468 2662 505 2714 1,
533 2661 575 2705 3.
606 2662 645 2704 4.

172 2774 182 2784 .
232 2716 261 2760 0
310 2717 375 2759 rs.
410 2718 505 2769 103,
525 2718 566 2760 4.
595 2718 718 2761 Hebr.
751 2718 789 2770 1,
808 2719 848 2761 7.
907 2718 988 2761 Clr.
1011 2720 1111 2774 Lip-

149 2786 294 2883 ”⁸⁸7)‘
317 2774 602 2875 ‘ini'ff'wa
632 2829 735 2874 υἱοῦ
763 2832 869 2874 coni.
898 2832 1006 2874 nois.

240 2885 288 2939 8)
314 2886 381 2928 Pu.
411 2886 454 2938 2,
484 2887 526 2929 7.
554 2886 596 2931 8.
624 2887 747 2930 Hebr.
786 2889 823 2940 1,
854 2890 894 2931 5.

241 2940 290 2995 0)
317 2940 384 2983 1³⁸.
417 2942 512 2994 100,
547 2942 586 2987 1.
614 2942 737 2986 flebr.
771 2944 807 2995 1,
843 2944 908 2987 13.

245 2996 318 3051 10)
346 2997 482 3040 lunius
510 2998 678 3041 dederat
695 2998 742 3041 οἱ
766 2996 931 3058 ἱχθροὶ
948 2997 1106 3055 αὐτοῦ,

158 3052 371 3095 Wouonu
399 3054 583 3108 reponit
609 3052 775 3113 ἐχθροὶ
802 3058 974 3114 κυρίου.
1009 3058 1106 3099 flia-

158 3116 222 3150 tn·
259 3116 391 3152 ntem
429 3122 513 3152 nou
554 3117 618 3154 est
652 3109 828 3165 plurium
869 3125 989 3167 qnam
1037 3127 1107 3156 sex
1148 3113 1387 3173 ,Ἀρέσκετε
1439 3129 1475 3171 ῳ
1518 3109 1870 3171 στρατεύεσθε,
1921 3110 2030 3209 &zeid
2064 3126 2089 3153 ο

158 3164 376 3207 literarum.
419 3166 503 3209 sae.

245 3220 320 3276 11)
348 3221 392 3263 111
436 3222 515 3264 hoc
550 3222 645 3265 loco
675 3222 907 3267 Wottonnm
945 3232 1108 3268 secutus

157 3288 258 3328 tun,
345 3278 355 3288 '
386 3290 553 3321 eernere
592 3286 754 3334 poterat
783 3280 825 3322 in
855 3280 957 3323 Cod.
992 3283 1107 3325 Meto.

158 3333 242 3376 τοῦ
323 3335 421 3385 εοῦ,
469 3347 573 3389 qnae
621 3348 743 3378 vocet
785 3337 906 3379 bodie
945 3338 1107 3392 quidem

158 3401 239 3429 ιο·
296 3396 463 3432 munt.
541 3391 728 3445 Legimus
796 3400 926 3435 autem
977 3395 1108 3438 adbuc

157 3444 504 3490 mmm
517 3476 624 3491 .....
647 3448 1110 3495 ΤΩΘΒΛΗΜΛΤῙ

162 3498 545 3548 Tantam
681 3507 712 3548 1
843 3506 984 3549 lacuna
1015 3516 1109 3561 post

158 3556 595 3603 mlem
622 3561 806 3615 capiente
827 3562 966 3616 plures
987 3577 1106 3618 quam

161 3610 338 3665 quinque
365 3613 512 3658 vet-⁸
531 3614 683 3660 tinem.
731 3618 874 3661 Lectio
902 3633 999 3672 ergo
1021 3621 1106 3671 illa,

161 3678 279 3720 qun
310 3667 362 3711 dc
379 3682 459 3713 uo
487 3670 956 3727 ιιςίωδοᾱεηῑὴιιιίω,
988 3689 1106 3731 quam

1161 2382 1348 2424 exhibent
1396 2381 1497 2423 Edd.
1543 2394 1682 2422 omnes
1729 2387 1820 2422 ante
1865 2382 2113 2432 Wottonum,

1162 2452 1236 2479 nec
1267 2451 1348 2479 non
1379 2437 1585 2478 Russelius
1614 2444 1653 2478 et
1683 2438 2005 2489 Hornemannus,
2035 2435 2119 2481 ἀν-

1161 2489 1522 2551 τιτασσ[όμενοι
1564 2495 1647 2535 τοῦ
1692 2493 1833 2546 Θεοῦ]
1876 2495 1943 2549 τῷ
1981 2492 2118 2547 θελή-

1159 2565 1278 2609 ματι
1308 2551 1361 2592 τὸ
1392 2550 1579 2607 θέλημα
1611 2546 1760 2602 ἴδιον,
1790 2550 1881 2591 Msti
1912 2550 2006 2591 fidei
2036 2564 2118 2592 non

1162 2607 1294 2648 miuus
1326 2618 1444 2661 quam
1465 2606 1663 2647 sermonis
1680 2606 1771 2647 usui
1796 2614 2006 2659 repugnat.
2036 2607 2118 2649 Ja'c.

1248 2663 1346 2717 Cap.
1378 2663 1559 2704 XXXVII.
1623 2663 1665 2716 1)
1696 2662 1921 2704 Christiana
1963 2663 2119 2716 Religio

1164 2721 1327 2773 saepius
1359 2726 1618 2772 comparatur
1647 2719 1814 2761 militiae
1853 2726 2024 2773 propter
2054 2720 2114 2761 la-

1165 2777 1287 2818 bores
1315 2776 1543 2818 indefessos
1575 2782 1614 2817 et
1650 2776 1854 2828 pericula,
1901 2776 1994 2817 dum
2031 2776 2117 2818 eius

1165 2834 1299 2874 officia
1327 2834 1403 2875 rite
1433 2845 1687 2885 peragamus,
1717 2833 1939 2874 subeunda.
1992 2833 2117 2874 Huius

1163 2889 1327 2931 militiae
1359 2888 1543 2930 Christus
1576 2889 1653 2929 dux
1684 2895 1764 2940 est,
1806 2901 1924 2941 quem
1957 2895 2120 2942 oportet

1163 2959 1380 3000 sequamur
1410 2952 1449 2987 et
1481 2945 1659 2996 vestigiis
1680 2945 1765 2985 cius
1799 2944 2043 2995 insistamus,
2074 2951 2118 2985 ut

1163 3003 1212 3043 ab
1258 3016 1306 3043 eo
1343 3002 1573 3043 mercedem
1616 3001 1873 3053 accipiamus.
1941 3001 2043 3041 Hinc
2075 3001 2116 3040 S.

1162 3059 1337 3111 lgnatius
1386 3058 1487 3127 (Eg.
1543 3058 1593 3099 ad
1641 3058 1912 3110 Polycarpum
1960 3070 1993 3097 c.
2042 3055 2119 3126 0.)

2092 3128 2120 3155 υ

1162 3171 1241 3215 καὶ
1279 3169 1339 3214 τὰ
1395 3166 1587 3227 ὀψώνια
1627 3170 1891 3228 κομίζεσθε.
2084 3169 2119 3210 ll

1164 3228 1264 3270 Tim.
1295 3228 1335 3279 2,
1366 3228 1405 3270 3.
1439 3228 1478 3269 4.
1533 3227 1646 3269 Wott.

1249 3283 1293 3338 2)
1323 3284 1432 3325 Haec
1471 3284 1612 3333 lectio,
1657 3295 1676 3323 a
1711 3281 1835 3323 Millio
1884 3280 2116 3322 iamdudum

1164 3341 1348 3395 probata,
1381 3353 1499 3394 quam
1525 3338 1692 3390 margini
1725 3338 1934 3390 ailponunt
1968 3337 2116 3389 lunius,

1166 3398 1301 3438 Fellus
1331 3403 1370 3437 et
1393 3396 1658 3444 Colomesius,
1688 3394 1781 3447 quin
1814 3406 1905 3434 vera
1936 3393 2117 3448 sitequi-

1165 3454 1255 3495 dem
1287 3453 1420 3494 nullus
1453 3452 1614 3503 dubito;
1646 3450 1813 3501 legimus
1845 3450 1949 3491 enim
1978 3450 2017 3491 in
2036 3449 2116 3491 Co-

1165 3510 1254 3551 dice
1304 3511 1405 3551 Msto
1449 3510 1492 3550 E
1503 3506 1763 3550 ΥΕῙΚΊὨ.
1851 3506 2117 3558 Pergamenae

1165 3565 1361 3618 reliquiae
1393 3565 1549 3606 lacerae
1582 3564 1736 3604 literam
1768 3560 2117 3605 ultimamsstan-

1164 3629 1246 3664 tum
1286 3634 1367 3662 non
1406 3620 1600 3671 integram
1640 3619 1771 3660 adhuc
1814 3618 2026 3661 exhibent:
2066 3618 2116 3660 li-

1165 3678 1336 3727 brarius,
1369 3682 1413 3718 ut
1441 3676 1610 3726 videtur,
1643 3687 1718 3728 pro
1758 3676 1801 3717 Y
1826 3675 2046 3729 scripserat
2075 3679 2116 3729 I,

1710 3742 1770 3786 60
