2340 3900
503 166 538 215 1.
573 163 883 213 camus
916 163 988 211 An
1024 163 1147 212 COR.
1194 165 1357 213 nvn.
1392 164 1581 212 xtvnl.
1621 163 1768 211 XLIX.
2046 161 2114 212 95

222 300 388 349 XLVII.
455 302 711 351 Discordia
742 308 900 350 vestra
929 315 1090 349 recens
1116 305 1251 363 peior
1284 311 1350 353 est
1378 304 1555 367 priori,
1600 317 1724 366 quae
1754 303 1897 351 Pauli
1932 307 2043 349 tem-

961 385 1157 445 poribus
1190 386 1296 446 fuit.

288 480 539 543 Epistulam
569 480 691 529 beati
724 480 853 529 Pauli
885 480 1095 543 Apostoli
1129 482 1176 528 in
1212 496 1373 530 manus
1411 485 1592 532 sumite.
1663 483 1780 541 Quid
1814 483 2010 545 primum
2037 496 2114 530 vo·

150 550 224 597 his
258 551 306 597 in
340 550 569 612 principio
605 550 836 613 Evangelii
872 550 1092 612 scripsit?
1151 550 1282 597 Certe
1319 551 1531 600 divinitus
1568 554 1815 616 inspiratus
1853 553 1908 601 de
1945 553 2114 615 seipso,

152 619 210 667 de
246 617 400 681 Cepha
436 626 484 666 et
516 619 678 681 Apollo
713 620 773 667 ad
803 633 886 667 vos
921 619 1078 666 literas
1118 619 1257 677 dedit,
1291 622 1397 680 quia
1434 623 1568 669 etiam
1588 630 1681 670 tum
1701 624 1820 671 inter
1844 637 1926 670 vos
1959 622 2116 670 factio·

149 701 235 735 nes
267 695 314 735 et
345 689 543 750 partium
578 689 730 736 studia
763 688 957 737 fuerant.
1028 688 1120 736 Sed
1153 688 1292 735 factio
1330 689 1418 736 ista
1455 692 1604 738 minus
1629 691 1760 739 vobis
1784 691 1933 739 intulit
1946 691 2117 753 'pecca-

151 763 270 814 tum3
318 757 678 819 propendebatis
714 759 834 806 enim
869 759 915 805 in
949 757 1196 820 Apostolos
1232 758 1475 819 praeclaro
1514 761 1775 808 testimonio
1813 760 2036 819 celebreS,
2073 767 2119 808 et

150 826 197 872 in
233 825 375 872 virum
412 826 469 873 ab
502 826 592 874 illis
626 826 882 889 probatum.
948 826 1078 874 Nunc
1118 840 1257 884 vero,
1303 828 1382 887 qui
1417 828 1509 874 sint
1555 830 1632 889 qui
1686 844 1767 877 vos
1800 830 2116 892 perverterint,

150 901 196 940 et
243 896 592 942 nominatissimi
651 897 821 944 amoris
869 896 1006 945 vestri
1065 896 1255 943 fraterni
1305 896 1447 943 decus
1494 898 1826 953 imminuerint,
1881 898 2118 947 vobiscum

149 964 435 1025 perpendite.
506 965 699 1027 Turpia,
750 966 942 1022 fratres,
982 965 1133 1027 turpia
1169 965 1297 1012 valde
1353 972 1397 1011 et
1433 966 1678 1013 christiana
1726 968 1901 1015 vivendi
1938 968 2115 1015 ratione

151 1033 335 1094 indigna
370 1033 527 1080 audire
564 1034 809 1092 dehemus,
855 1034 1162 1082 firmissimam
1210 1034 1387 1081 scilicet
1436 1042 1482 1080 et
1515 1036 1743 1096 antiquam
1782 1035 2118 1084 Corinthiorum

149 1102 390 1149 ecclesiam
422 1110 616 1165 propter
659 1118 798 1152 unum
850 1111 928 1152 aut
961 1103 1152 1151 alterum
1197 1104 1430 1151 hominem
1470 1111 1627 1150 contra
1664 1104 1962 1167 presbyteros
2000 1106 2118 1154 sedi·

149 1171 321 1218 tionem
351 1185 549 1221 movere.
622 1172 678 1220 Et
711 1174 790 1222 hic
830 1173 1016 1235 quidem
1052 1187 1211 1220 rumor
1245 1187 1337 1220 non
1372 1179 1543 1220 tantum
1578 1173 1635 1220 ad
1673 1188 1786 1231 nos,
1825 1175 1907 1221 sed
1946 1175 2002 1222 ad
2037 1189 2118 1222 eos

147 1241 303 1298 etiam,
340 1241 417 1302 qui
454 1255 481 1288 a
515 1241 650 1290 nobis
686 1243 820 1291 alieni
857 1249 977 1301 sunt,
1010 1243 1234 1300 manavit3
1277 1243 1340 1290 ita
1398 1249 1450 1289 ut
1484 1249 1676 1304 propter
1722 1250 1915 1290 vestram
1968 1258 2118 1292 amen·

149 1310 257 1357 tiam
302 1309 616 1372 blasphemiae
662 1314 838 1361 nomini
870 1313 1051 1361 Domini
1100 1312 1379 1370 inferantur,
1429 1319 1475 1360 et
1522 1311 1654 1360 vobis
1700 1313 1814 1375 ipsis
1865 1313 2117 1376 periculum

148 1385 349 1428 creetur.

498 1505 683 1554 XLVIII.
747 1507 965 1557 Redeat&
1000 1509 1066 1556 ad
1100 1507 1302 1569 fraterni
1336 1508 1512 1554 amom‘s
1545 1507 1766 1554 studium.

285 1603 555 1651 Auferamus
591 1603 728 1665 igitur
762 1605 852 1652 hoc
888 1605 1104 1652 celeriter
1115 1619 1130 1665 ς,
1167 1604 1361 1666 pedibus
1381 1604 1558 1651 Domini
1596 1603 1899 1662 advolvamur,
1935 1610 1981 1651 et
2009 1604 2119 1652 flen-

152 1679 222 1719 tes
257 1673 529 1735 suppliciter
562 1673 856 1736 imploremus
893 1689 1022 1732 eum,
1073 1681 1124 1721 ut
1163 1674 1389 1736 propitius
1425 1674 1573 1720 factus
1611 1673 1743 1720 nobis
1781 1674 2119 1732 reconcilietur,

151 1748 200 1788 et
230 1742 449 1803 pristinae
484 1750 671 1790 nostrae
709 1743 905 1791 decorae
942 1751 989 1791 et
1025 1750 1177 1791 castae
1215 1743 1404 1790 fraterni
1455 1743 1623 1790 amoris
1657 1744 1996 1791 conversationi
2033 1757 2118 1790 nos

151 1811 374 1858 restituat.
448 1811 570 1859 Haec
608 1812 729 1860 enim
763 1814 853 1861 vita
886 1820 1021 1875 porta
1057 1813 1254 1860 iustitiae
1291 1820 1363 1860 est
1398 1813 1456 1860 ad
1493 1814 1628 1860 vitam
1657 1819 1828 1874 aperta,
1867 1813 1987 1859 sicut
2007 1814 2119 1860 scri-

150 1886 277 1941 ptumi
312 1887 407 1927 est:
443 1881 630 1943 ,aperite
665 1883 776 1929 mihi
813 1890 972 1944 portas
1009 1883 1234 1942 iustitiae3
1268 1883 1505 1944 ingressus
1542 1882 1588 1928 in
1625 1896 1703 1929 eas
1743 1880 2000 1929 confitebor
2035 1882 2119 1930 Do·

150 1949 302 2006 uni-03
350 1949 465 1996 haec
499 1957 632 2011 porta
666 1949 865 2008 Domini,
902 1953 1009 1999 iusti
1046 1951 1279 1998 intrabunt
1314 1952 1359 1997 in
1397 1949 1540 1997 eam.‘
1614 1950 1724 1997 Cum
1770 1951 1909 2012 igitur
1952 1951 2119 1998 multae

152 2024 314 2078 portae
347 2026 533 2079 apertae
565 2019 671 2075 sint,
711 2033 764 2066 ea
815 2034 933 2081 quae
969 2027 1043 2067 est
1077 2020 1290 2075 iustitiae,
1326 2019 1484 2066 eadem
1521 2025 1568 2066 et
1593 2020 1638 2065 in
1660 2018 1841 2065 Christo
1866 2025 1962 2078 est3
1998 2020 2119 2066 beati

156 2098 331 2141 οωυα,
362 2087 441 2148 qui
478 2087 523 2134 iu
558 2100 658 2134 eam
695 2087 944 2145 intrarunt,
980 2095 1027 2135 et
1063 2090 1150 2134 iter
1186 2102 1317 2134 suum
1354 2088 1398 2134 in
1436 2086 1674 2134 sanctitate
1714 2094 1760 2134 et
1796 2088 1964 2135 iustitia
2003 2089 2119 2135 dire-

154 2162 330 2211 xerunt,
367 2156 517 2202 omnia
546 2155 876 2217 imperturbate
913 2163 1202 2219 peragentes.
1274 2157 1343 2203 Sit
1378 2156 1544 2218 aliquis
1583 2155 1746 2213 tidelis„
1784 2157 1844 2203 sit
1878 2158 2117 2218 potensin

153 2224 406 2271 enarranda
441 2225 704 2286 cognitione
737 2226 1020 2283 sublimiori,
1053 2227 1113 2273 sit
1148 2227 1329 2287 sapiens
1378 2227 1423 2272 in
1472 2239 1734 2273 sermonum
1781 2225 2119 2284 diiudicatione‚

153 2293 213 2338 sit
247 2299 400 2339 castus
437 2294 482 2339 in
519 2294 766 2355 operibus3
809 2303 933 2343 tanto
971 2295 1186 2342 humilior
1238 2309 1341 2341 esse
1381 2294 1545 2352 debet,
1599 2301 1768 2355 quanto
1818 2296 1965 2341 maior
2013 2309 2118 2341 esse

153 2361 343 2418 videtur,
386 2368 433 2409 et
467 2375 692 2423 quaerere
729 2363 869 2412 debet
901 2364 1026 2428 quod
1062 2363 1274 2411 omnibus
1314 2364 1425 2411 utile
1463 2371 1546 2420 est,
1585 2377 1677 2410 non
1715 2362 1863 2410 solum
1902 2363 2004 2410 sibi.

743 2487 887 2536 xux.
966 2490 1216 2538 Chai-italis
1249 2491 1518 2537 encomium.

288 2582 371 2639 Qui
410 2583 675 2633 charitatem
714 2586 759 2632 in
796 2585 977 2633 Christo
1016 2585 1167 2644 habet,
1202 2593 1351 2635 servet
1389 2586 1557 2633 Christi
1594 2586 1818 2634 mandata.
1879 2586 2118 2635 Vinculum

150 2650 383 2699 charitatis
417 2652 497 2700 Dei
530 2654 634 2716 quis
669 2661 827 2717 potest
861 2656 1116 2703 enarrare?
1153 2655 1262 2713 Quis
1298 2655 1652 2719 pulchritudinis
1691 2656 1788 2703 eius
1824 2656 2116 2718 magnificen-

149 2720 273 2777 tiam,
310 2728 447 2782 prout
481 2737 565 2784 par
597 2730 695 2781 eat,
730 2724 885 2786 eloqui
920 2724 1067 2772 valet?
1138 2726 1363 2784 Altitudo,
1412 2726 1469 2772 ad
1516 2740 1652 2787 quam
1699 2726 1874 2785 evehit,
1923 2727 2119 2775 charitas

233 2856 279 2909 2)
314 2857 378 2897 rs.
426 2858 527 2907 117,
574 2858 638 2901 19.
677 2857 747 2900 20.
821 2858 955 2899 Locus
998 2865 1103 2899 extat
1159 2858 1198 2909 9,
1238 2858 1301 2900 12.
1363 2858 1481 2900 Porta
1525 2871 1620 2900 vero
1651 2860 1781 2901 Filius
1815 2860 1888 2901 Dei
1921 2866 2005 2910 est,
2052 2863 2119 2914 qui

148 2924 214 2965 ap.
244 2911 370 2954 Clem.
401 2914 507 2955 Alex.
533 2915 683 2956 Strom.
704 2914 735 2964 Ι,
757 2914 795 2955 7.
824 2926 866 2967 p.
886 2914 983 2956 338.
1005 2915 1100 2957 339.
1159 2917 1270 2957 solus
1301 2921 1358 2956 est
1394 2928 1575 2956 accessus
1606 2918 1658 2957 ad
1682 2916 1815 2957 Deum.

232 2983 280 3038 3)
311 2984 381 3024 us.
434 2979 855 3042 ἐξομολογῆσωμαι.
933 2984 1101 3026 vocales

149 3052 186 3081 ω
205 3046 245 3081 et
274 3053 301 3081 o
328 3041 446 3081 etiam
467 3040 507 3080 in
537 3038 972 3094 antiquiuimiseodd.
994 3040 1100 3082 haud

147 3107 242 3137 raro
271 3109 292 3136 a
325 3095 501 3137 librariis
531 3096 844 3138 confunduntur.

233 3179 281 3234 4)
310 3179 494 3222 Citantur
515 3180 614 3222 haec
634 3193 655 3221 a
676 3179 801 3222 Clem.
822 3179 928 3221 Alex.
954 3179 1102 3222 Strom.

146 3234 208 3286 vl,
238 3236 264 3279 8
292 3249 333 3290 p.
363 3237 468 3286 772,
513 3243 591 3278 tam
650 3249 713 3278 am
757 3248 804 3277 ex
836 3238 877 3277 S.
908 3236 1102 3286 Bernaba,

149 3290 266 3345 lapsu
296 3292 529 3342 memoriae,
559 3305 605 3334 ve
652 3292 728 3334 levi
758 3292 912 3334 incuria
939 3299 1007 3334 aut
1036 3305 1101 3335 er-

146 3359 262 3399 rore;
305 3361 428 3402 supra
458 3350 564 3391 euim
594 3350 764 3399 (strom.
797 3349 825 3398 Ι,
858 3350 897 3391 7.
930 3362 969 3402 p.
986 3348 1102 3401 339.)

147 3403 369 3455 Clementi,
406 3413 450 3447 ut
488 3405 584 3447 mihi
629 3405 807 3455 videtur,
856 3418 902 3448 ea
950 3405 1101 3447 tribuit.

147 3459 229 3501 lac.
259 3460 394 3501 nauli.
423 3461 464 3511 7,
498 3462 562 3504 13.
596 3462 660 3504 14.

232 3529 278 3583 5)
310 3529 392 3571 cfr.
423 3529 547 3596 igni.
582 3530 635 3572 aa
674 3530 830 3573 rhum.
872 3545 906 3574 c.
938 3533 976 3575 9.
1016 3530 1098 3574 αὐ-

147 3583 230 3634 τὸς
268 3581 338 3629 ὥν
378 3588 507 3642 &voa
550 3587 636 3629 τοῦ
678 3585 883 3643 πατρὸς,
935 3586 1008 3630 δι’
1050 3578 1104 3641 ἧς

147 3641 438 3701 εἰσέρχονται
480 3641 577 3685 κτλ.
641 3642 813 3686 Hermae
853 3644 959 3686 Past.
1005 3645 1102 3685 Sim.

1249 2970 1295 3026 6)
1329 2972 1463 3012 Matth.
1495 2972 1563 3022 23,
1601 2973 1664 3014 11.

1245 3026 1290 3081 7)
1322 3028 1337 3068 1
1370 3027 1463 3068 Cor.
1499 3029 1562 3078 10,
1593 3029 1660 3070 33.
1720 3027 1833 3080 Apud
1869 3026 1991 3068 Clem.
2010 3026 2117 3068 Alex.

1161 3084 1310 3125 Strom.
1341 3083 1402 3133 lV,
1438 3084 1501 3126 18.
1533 3097 1572 3137 p.
1604 3085 1699 3126 613.

1250 3197 1347 3250 Cap.
1384 3197 1515 3239 xux.
1579 3195 1619 3249 1)
1650 3195 1808 3236 coloss.
1840 3195 1887 3245 3,
1926 3195 1989 3237 14.
2021 3194 2117 3237 flie-

1160 3263 1351 3306 ronymus
1393 3253 1518 3307 (Opp.
1549 3253 1592 3293 T.
1626 3252 1700 3292 Vll.
1732 3262 1770 3303 p.
1802 3252 1897 3294 606.
1929 3251 1992 3292 ed.
2024 3250 2116 3292 Val-

1161 3308 1261 3357 lars)
1293 3309 1333 3349 in
1364 3309 1465 3362 Eph.
1496 3311 1543 3359 4,
1581 3310 1613 3350 1.
1648 3307 1834 3349 adnotat:
1882 3307 2036 3357 ‚Potest
2077 3313 2116 3348 et

1158 3364 1198 3405 in
1221 3363 1368 3406 Christi
1402 3365 1571 3406 vinculis
1605 3371 1642 3404 ot
1664 3364 1702 3403 in
1722 3375 1883 3404 carcere
1908 3375 1983 3416 pro
2006 3374 2115 3404 mar-

1158 3421 1262 3474 tyrio
1304 3422 1544 3463 constitutus
1577 3421 1674 3460 hacc
1716 3419 1919 3460 scribere:
1971 3419 2114 3460 metius

1158 3483 1287 3518 antem
1320 3484 1393 3527 est,
1422 3478 1456 3518 si
1479 3478 1651 3517 vinctum
1684 3475 1723 3515 in
1746 3474 1892 3516 Christi
1923 3474 2115 3517 charitate

1158 3533 1350 3574 dicamus.
1410 3534 1530 3574 Cuius
1564 3532 1620 3572 rei
1666 3537 1705 3571 ct
1735 3531 1919 3572 Clemens
1953 3530 2003 3572 ad
2035 3530 2117 3573 Co·

1159 3589 1332 3629 rinthios
1459 3590 1491 3629 's
1538 3594 1621 3637 est,
1676 3587 1859 3629 scribens
1920 3586 2114 3630 Vinculum

1158 3595 1471 3687 charitatum
1501 3645 1590 3699 quis
1624 3645 1771 3697 poterit
1802 3644 2023 3686 enarrare?⁸
