2340 3900
0 97 13 172 '’VV

370 197 577 245 {GNATn
611 196 885 244 EPISTOLA
922 197 993 243 An
1029 195 1314 243 EPHESlOS.
1352 197 1439 243 XV.
1476 195 1583 242 XVl.
1619 195 1747 242 xvn.
1782 195 1928 242 xvln.
2041 194 2135 245 135

166 343 260 392 est3
298 338 382 384 sed
419 344 466 384 et
500 350 620 399 quae
654 335 799 383 silens
821 336 945 393 fecit,
982 336 1117 398 digna
1134 336 1267 382 Patre
1304 343 1424 383 sunt.
1470 336 1556 393 Qui
1573 335 1759 383 verbum
1784 336 1887 384 lesu
1910 338 2130 399 possidet,

162 421 270 454 vere
306 413 462 468 potest
490 413 537 454 et
562 404 817 454 silentium
852 406 999 467 ipsius
1035 405 1207 462 audire,
1245 413 1297 451 ut
1329 406 1563 466 perfectus
1598 406 1670 463 sit,
1706 413 1757 453 ut
1790 420 1874 468 per
1910 421 1976 463 ea,
2016 421 2132 468 quae.

164 476 384 537 loquitur,
421 482 655 538 operetur,
688 482 738 522 et
771 489 856 537 per
892 475 1125 522 silentium
1161 488 1293 520 suum
1332 481 1652 535 cognoscatur.
1697 476 1816 523 Nihil
1851 476 1960 523 latet
1987 477 2132 524 Domi-

163 559 296 601 num,
344 546 427 592 sed
463 553 510 593 et
542 559 707 592 areana
740 551 901 591 nostra
935 558 1083 606 prope
1119 544 1268 604 ipsum
1315 551 1434 590 sunt.
1506 544 1662 591 Omnia
1711 546 1862 607 itaque
1899 545 2132 603 saciamuS‚

164 614 295 676 quasi
330 614 432 675 ipso
482 616 528 661 in
575 613 710 661 nobis
746 614 1002 670 habitante3
1059 620 1109 660 ut
1145 613 1261 658 illius
1312 613 1452 659 simus
1492 614 1683 675 templa,
1740 622 1787 661 et
1832 615 1931 676 ipse
1982 616 2040 662 sit
2086 615 2131 662 iu

163 683 297 731 nobis
334 684 453 731 Deus
490 690 678 740 noster;
727 683 959 745 quomodo
997 690 1044 730 et
1080 689 1151 729 est
1199 689 1244 728 et
1279 682 1518 742 apparebit
1554 690 1656 730 ante
1703 684 1865 731 faciem
1903 692 2129 741 nostram3

163 754 267 800 ideo
306 753 421 800 iuste
459 753 686 816 diligimus
718 753 885 815 ipsum.

161 885 209 926 et
242 878 362 925 lacta
397 886 518 926 sunt.
587 878 643 926 Et
678 892 795 941 quae
826 877 1021 925 tacendo
1058 876 1182 934 lecit,
1220 876 1356 937 digna
1393 883 1500 922 sunt
1533 876 1677 923 Patre.
1750 878 1834 935 Qui
1872 893 2132 928 sermonem

159 949 265 995 lesu
314 948 546 1011 possidet,
592 962 751 1013 revera
796 953 951 1010 potest
1003 947 1138 994 etiam
1174 945 1403 993 silentium
1441 946 1539 992 eius
1577 946 1763 1004 audire,
1813 955 1862 994 ut
1898 950 2130 1011 perfectus

159 1018 233 1075 sit,
269 1025 321 1064 nt
355 1032 442 1080 per
480 1032 548 1076 ea,
584 1032 701 1080 quae
734 1017 963 1080 loquitur,
1001 1022 1126 1078 agat,
1168 1022 1214 1062 et
1249 1016 1456 1072 interim,
1496 1015 1604 1062 dum
1640 1016 1768 1074 silet,
1811 1027 2131 1080 cognoscatur.

157 1086 278 1134 Nihil
311 1088 420 1134 latet
455 1087 716 1146 Dominum,
767 1101 870 1135 cum
914 1093 961 1134 et
994 1100 1159 1133 arcana
1202 1091 1360 1132 nostra
1409 1084 1496 1147 ipsi
1540 1085 1683 1132 vicina
1732 1093 1901 1147 patent.
1975 1089 2131 1135 Omnia

157 1157 299 1219 igitur
334 1158 464 1218 quasi
501 1158 603 1219 ipso
641 1158 688 1204 in
722 1156 860 1206 nobis
895 1155 1129 1204 habitante
1168 1155 1401 1211 saciamuS,
1435 1161 1485 1201 ut
1522 1169 1607 1202 nos
1635 1155 1755 1202 illius
1781 1157 1947 1218 templa
1974 1159 2131 1215 simuS,

158 1232 207 1273 et
238 1227 363 1289 ,ipse
417 1228 477 1273 sit
519 1227 566 1274 in
602 1227 738 1275 nobis
774 1227 893 1274 Deus
927 1233 1114 1283 noster,
1168 1224 1550 1286 quemadmodum
1586 1232 1632 1271 et
1669 1232 1763 1282 est,
1811 1232 1857 1273 et
1895 1227 2132 1288 apparebit

156 1302 260 1343 ante
297 1296 458 1344 faciem
494 1303 724 1355 nostram3
760 1297 882 1344 unde
918 1303 966 1345 et
999 1296 1098 1344 iure
1134 1296 1283 1357 ipsum
1318 1307 1534 1342 amamus.

156 1434 262 1482 xvl.
337 1434 434 1494 Qui
467 1436 607 1497 fidem
639 1437 780 1499 salsis
815 1437 1038 1486 matrinis
1073 1442 1398 1497 corrumpunt,
1434 1436 1486 1482 in
1520 1436 1673 1496 ignem
1711 1442 1952 1483 aeternum
1986 1437 2130 1483 ibunt.

293 1533 360 1580 Ne
396 1534 576 1591 erretiS,
611 1534 777 1583 fratres
814 1535 919 1582 mei.
988 1533 1275 1581 Familiarum
1311 1533 1658 1594 perturbatores
1696 1547 1887 1594 regnum
1924 1533 2002 1585 Dei
2040 1548 2131 1580 non

158 1602 496 1650 hereditabunt.
569 1603 617 1650 Si
669 1610 821 1652 autem
857 1605 915 1663 ii,
965 1604 1043 1666 qui
1097 1604 1348 1652 secundum
1397 1617 1580 1649 carnem
1632 1603 1745 1649 haec
1797 1604 1971 1665 operati
2010 1612 2130 1661 sunt,

156 1680 306 1720 morte
341 1679 449 1720 sunt
480 1673 659 1731 affecti3
696 1681 866 1736 quanto
906 1674 1064 1736 magis,
1103 1674 1142 1719 si
1180 1673 1283 1734 quis
1323 1672 1460 1720 fidem
1498 1672 1576 1719 Dei
1610 1686 1747 1734 prava
1785 1673 1992 1720 doctrina
2029 1687 2131 1720 cor-

155 1749 349 1804 rumpat,
381 1756 468 1803 pro
505 1757 594 1804 qua
632 1743 761 1791 lesus
797 1744 1006 1792 Christus
1045 1742 1291 1791 crucifixus
1329 1744 1437 1792 est?
1488 1742 1630 1798 Talis,
1668 1742 1928 1804 inquinatus
1967 1743 2127 1801 factus,

154 1812 202 1859 in
233 1812 386 1874 ignem
422 1812 806 1876 inextinguibilem
845 1814 952 1871 ibit3
989 1813 1198 1862 similiter
1235 1820 1281 1860 ct
1321 1813 1400 1874 qui
1437 1812 1562 1859 audit
1595 1812 1760 1874 ipsum.

297 1933 441 1984 ‘xvh
511 1937 577 1987 Ne
598 1941 779 1998 erretis,
815 1940 981 1988 fratres
1007 1940 1110 1987 mei.
1182 1939 1488 2000 corruptores
1532 1938 1802 1985 familiarum
1834 1951 2025 2000 regnum
2050 1938 2129 1985 Dei

159 2023 249 2055 non
288 2007 649 2055 haereditabunt.
721 2009 770 2057 Si
818 2009 958 2071 igitur
1011 2009 1263 2057 secundum
1298 2022 1479 2055 carnem
1530 2008 1645 2055 haec
1692 2008 1911 2054 facientes
1961 2008 2130 2054 mortui

158 2086 279 2135 sunt,
318 2086 487 2139 quanto
526 2079 667 2139 magis
702 2079 742 2125 si
777 2079 880 2140 quis
916 2078 1053 2125 tidem
1091 2079 1169 2124 Dei
1206 2077 1320 2123 mala
1360 2077 1566 2123 doctrina
1604 2083 1881 2139 corrumpat,
1918 2091 2003 2140 pro
2043 2091 2130 2138 qua

158 2147 287 2195 lesus
326 2147 534 2194 Christus
588 2147 835 2195 crucifixus
886 2155 984 2195 est:
1034 2146 1260 2194 eiusmodi
1311 2147 1450 2192 homo
1504 2145 1723 2193 sordibus
1791 2147 2127 2194 contaminatus

157 2218 204 2264 in
241 2218 391 2279 ignem
427 2216 818 2278 inextinguibilem
855 2217 961 2274 ibit3
997 2217 1207 2264 similiter
1243 2223 1288 2262 et
1325 2216 1376 2272 is,
1416 2217 1493 2276 qui
1531 2218 1679 2277 ipsum
1719 2216 1858 2263 audit.

528 2342 636 2389 XVl.
705 2343 871 2391 Cavete
900 2358 933 2390 a
967 2343 1107 2403 salsis
1140 2342 1479 2388 'naereticorum
1515 2342 1750 2388 doctrinis.

296 2441 363 2487 Ob
401 2442 445 2488 id
466 2441 682 2488 Dominus
718 2441 765 2487 in
802 2440 949 2503 eapite
986 2453 1071 2486 suo
1108 2439 1286 2500 accepit
1321 2444 1614 2499 unguentum,
1654 2444 1703 2484 ut
1739 2437 1958 2484 ecclesiae
1986 2437 2131 2499 spiret

157 2511 562 2572 incorruptionem.
611 2510 677 2558 Ne
713 2510 944 2572 ungamini
973 2515 1090 2556 tetro
1121 2508 1263 2555 odore
1289 2507 1524 2554 doctrinae
1550 2507 1774 2568 principis
1800 2508 1933 2554 huius
1958 2508 2126 2564 seculi,

156 2594 215 2627 ne
251 2580 455 2641 captivos
490 2594 571 2627 vos
605 2579 804 2627 abducat
830 2594 856 2627 a
891 2578 1127 2641 proposita
1162 2577 1264 2623 vita.
1334 2577 1424 2623 Cur
1459 2591 1568 2623 vero
1606 2590 1695 2622 non
1735 2591 1892 2624 omnes
1931 2578 2128 2638 pruden-

157 2656 228 2697 tes
264 2663 437 2706 sumus,
473 2655 660 2712 accepta
694 2649 775 2710 Dei
810 2650 1085 2711 cognitione,
1123 2647 1248 2708 quod
1286 2654 1356 2694 est
1390 2646 1518 2693 lesus
1557 2647 1795 2693 Christus?
1851 2647 1967 2703 Quid
2005 2648 2126 2695 fatue

157 2719 375 2781 perimus,
410 2733 503 2767 non
539 2725 846 2781 agnoscentes
882 2719 1067 2775 donum,
1105 2718 1230 2778 quod
1267 2731 1372 2763 vere
1412 2716 1533 2763 misit
1569 2716 1814 2762 DominusZ

297 2838 470 2896 ‘xvtt
542 2845 650 2894 Ideo
688 2851 970 2907 unguentum
1008 2845 1054 2892 in
1091 2845 1237 2907 capite
1276 2859 1359 2891 suo
1399 2843 1589 2905 accepit,
1626 2850 1676 2890 ut
1711 2842 1942 2891 Ecclesiae
1980 2845 2127 2891 incor-

157 2914 415 2975 ruptionem
450 2916 690 2977 aspiraret.
735 2915 836 2964 Non
872 2914 1103 2977 ungamini
1144 2921 1262 2962 tetro
1300 2914 1444 2961 odore
1482 2913 1717 2960 doctrinae
1742 2913 1962 2975 principis
1991 2914 2126 2960 huius

162 2980 321 3030 seculi.
391 2981 458 3031 Ne
493 2998 575 3031 vos
613 2984 829 3047 captivet,
876 2990 928 3031 ut
962 2997 1020 3032 ex
1053 2985 1154 3032 eius
1190 2984 1432 3047 proposito
1469 2983 1641 3030 vivatis.
1713 2983 1878 3030 Verum
1917 2997 1999 3029 cur
2036 2997 2126 3029 non

161 3065 321 3098 omnes
364 3064 523 3100 sumus
567 3053 845 3117 prudentes,
893 3067 998 3101 cum
1044 3055 1356 3116 acceperimus
1404 3054 1726 3115 cogitationem
1774 3052 1879 3110 Dei,
1931 3053 2008 3113 qui
2058 3059 2129 3099 est

162 3121 289 3168 lesus
324 3120 564 3169 Christum?
633 3123 750 3181 Quid
796 3121 935 3170 stulte
971 3122 1201 3185 perimus,
1250 3124 1513 3185 ignorantes
1549 3123 1744 3179 donum,
1795 3122 1920 3183 quod
1969 3135 2127 3170 revera

160 3190 377 3239 Dominus
412 3191 567 3239 misit?

412 3314 563 3365 xvul.
634 3315 799 3364 Gloria
834 3316 1001 3364 crucis.
1074 3315 1243 3364 Christi
1278 3317 1498 3365 nativitas
1535 3323 1576 3364 el
1612 3315 1876 3376 baptismus.

299 3413 649 3477 Purgamentum
686 3428 815 3462 meus
848 3414 1037 3477 spiritus
1074 3420 1145 3460 est
1181 3412 1356 3471 crucis,
1412 3429 1527 3476 quae
1566 3411 1811 3460 incredulis
1850 3413 2126 3473 scandalum,

163 3483 296 3531 nobis
331 3497 443 3532 vero
476 3483 599 3533 salus
636 3490 711 3534 est
745 3490 791 3530 et
827 3483 915 3532 vita
951 3490 1151 3531 aeterna.
1228 3480 1309 3529 Ubi
1347 3484 1562 3546 sapiens?
1601 3481 1683 3528 Ubi
1722 3481 2006 3543 disputator-2
2046 3482 2127 3531 Ubi

300 3604 324 3628 '
340 3606 489 3657 xvtu.
557 3605 758 3672 Spiritus
781 3624 910 3659 meus
934 3610 1248 3657 retrimentum
1286 3614 1359 3655 est
1380 3608 1548 3664 crucis,
1588 3621 1702 3669 quae
1727 3606 1976 3656 incredulis
1998 3622 2124 3656 scan-

164 3677 315 3728 dalum
357 3684 442 3736 est,
475 3677 610 3727 nobis
643 3685 792 3728 sutem
840 3679 965 3728 salus
1001 3676 1047 3726 et
1080 3678 1169 3725 vita
1206 3684 1403 3725 aeterna.
1477 3676 1558 3723 Ubi
1596 3675 1815 3738 sapiens?
1887 3676 1971 3725 Ubi
2020 3692 2125 3727 con·
