2340 3900
251 178 350 227 578
979 177 1201 222 HERMAE
1237 177 1465 223 PASTOR.

254 308 442 373 μένων,
496 302 554 355 τὰ
601 302 723 354 αὐτὰ
776 306 907 371 δῶρα
954 305 1036 354 καὶ
1087 306 1140 353 αἱ
1155 306 1483 393 ἐπαγγελίαι·
1539 304 1691 373 μόνον
1728 306 1902 356 έκεῖιοι
1939 305 1991 354 ἐκ
2029 306 2198 364 δεξιων

254 374 521 438 κάθηνται,
568 373 650 423 καὶ
687 372 845 437 ἕχωσι2
886 370 1032 433 δόξαν
1062 370 1181 423 τινά.
1253 378 1330 424 Συ
1367 374 1419 425 65
1453 377 1787 439 κατεπίθυμος
1823 370 1871 423 εἷ
1906 374 2108 423 καθίσαι
2145 372 2199 422 ἐκ

253 444 421 502 δεξιῶν
459 437 562 506 μετ’
604 437 794 500 αὐτῶν,
845 438 962 491 ἀλλὰ
994 438 1053 491 τὰ
1087 438 1388 508 ὖστερήματά
1423 459 1512 494 σου
1547 442 1725 495 πολλά’
1762 438 2110 510 καθαρισθήσῃ
2146 440 2198 490 δὲ

255 508 353 560 ἀπὸ
402 515 498 560 τῶν
546 505 886 595 ὖστερημάτων
933 522 1051 559 σου
1101 511 1184 560 καὶ
1218 510 1391 571 πάντες
1426 510 1479 562 65
1516 513 1566 562 οἱ
1593 510 1657 578 μὴ
1695 514 2031 597 διψυχοῦντες
2043 516 2199 560 καθα-

253 575 570 645 ρισθήσονται
621 575 718 628 άπὸ
766 583 862 629 τῶν
912 575 1260 664 ἁμαρτημάτων
1307 577 1466 630 αὐτῶν
1519 582 1586 641 εἷς
1628 579 1828 666 Μταύτην
1859 577 1975 665 τὴν
1996 575 2196 644 ἡμέραν.

260 652 422 697 Ταῦτα
469 646 520 697 δὲ
558 647 760 697 εἰποῦσα
794 644 974 713 ἤθελεν
1010 645 1263 699 ἀπελθεῖν
1299 647 1458 700 πεσὼν
1494 648 1545 699 δὲ
1583 647 1705 719 αὐτη
1741 646 1863 733 πρὸς
1897 645 2011 708 τοὺς
2044 646 2201 706 πόδας

253 713 479 800 ἠρώτησα
527 712 680 779 αὐτὴν
729 714 853 766 κατὰ
898 721 985 766 τοῦ
1032 718 1230 783 κυρίου,
1295 718 1377 768 ἵνα
1436 737 1517 784 μοι
1561 701 1769 805 ἐπιδείξῃ
1817 715 1843 767 ὃ
1894 717 2199 785 ἐπηγγείλατο

255 783 426 851 όραμα.
495 780 559 832 Ἡ
591 782 642 833 δὲ
677 780 822 835 πάλιν
858 780 1109 850 ἐπελάβετο
1141 791 1227 851 τῆς
1260 784 1418 854 χειρός
1454 806 1547 851 μου
1582 787 1664 837 καὶ
1698 783 1857 873 ήγειρέ
1892 806 1961 851 με,
1998 786 2079 837 καὶ
2115 805 2197 834 κα-

254 854 382 913 θίζει
429 852 508 902 ἐπὶ
549 850 601 903 τὸ
650 853 942 918 συμψέλλιον
991 854 1039 915 ἐξ
1074 852 1354 920 εὐωνύμων·
1389 855 1641 915 καθέζεται
1676 853 1728 904 δὲ
1763 854 1846 904 καὶ
1882 852 2003 918 αὐτὴ
2040 854 2093 904 ἐκ
2129 855 2202 904 δε-

254 923 391 981 ξιῶν·
439 921 522 971 καὶ
566 919 783 989 ἐπάρασα
811 921 1015 1008 ῥάβδον
1061 921 1168 974 τινὰ
1216 921 1439 1009 λαμπρὰν
1487 923 1621 1009 λέγει
1658 942 1739 987 μοι
1788 922 1990 981 Βλέπεις
2024 920 2203 989 μεγάλα

251 987 536 1077 πράγματα,·
587 990 730 1073 Λέγω
767 989 890 1061 αὐτῆ
938 994 1125 1078 Κυρία,
1178 989 1323 1043 οὐδὲν
1371 992 1543 1076 βλέπω.
1609 989 1738 1040 Ἰδοὺ
1774 989 1863 1056 οὐχ
1898 988 2038 1060 ὁρᾷς3
2070 989 2203 1041 κατέ-

254 1059 392 1108 ναντί
437 1074 526 1109 σου
580 1057 766 1127 πύργον
780 1060 950 1146 μέγαν
982 1058 1400 1154 ςιῖικοδομούμενον4
1435 1057 1513 1110 ἐπ’
1555 1056 1768 1110 ύδάτων5
1782 1100 1796 1122 ,
1842 1060 2005 1118 λίθοις
2048 1079 2202 1144 τετρα-

251 1127 428 1194 γώνοις
471 1133 734 1196 λαμπροῖς;
780 1125 870 1180 Ἐν
918 1128 1226 1215 τετραγώνῳ
1243 1130 1312 1180 τεῦ
1360 1126 1642 1213 ᾠκοδόμητο
1692 1126 1722 1178 6
1755 1125 1939 1213 πύργος
1972 1124 2070 1178 ὖπὸ
2107 1132 2203 1178 τῶν

249 1198 304 1256 ’ἓξ
350 1197 614 1248 νεανίσκων
648 1203 745 1249 τῶν
779 1195 1088 1264 ἐληλυθότων
1124 1195 1226 1264 μετ’
1268 1195 1443 1263 αὐτῆς·
1481 1194 1619 1247 άλλαι
1655 1195 1707 1247 65
1745 1194 1975 1265 μυριάδες
2010 1194 2203 1263 ἀνδρῶν

253 1264 528 1331 παρέφερον
568 1286 683 1327 τους
717 1267 918 1329 λίθους,
953 1267 1019 1328 foi
1050 1265 1136 1332 μὲν
1171 1265 1226 1316 ἐκ
1260 1271 1346 1317 τοῦ
1381 1265 1648 1331 βυθοῦ,οἱ
1678 1264 1731 1316 65
1766 1266 1820 1317 ἐκ
1854 1286 1942 1331 της
1974 1270 2085 1334 γῆς,
2122 1265 2204 1315 καὶ

255 1333 510 1385 ἐπεδίδουν
556 1341 658 1394 τοῖς
693 1337 987 1395 νεανίσκοις·
1025 1336 1199 1387 ἐκεῖνοι
1233 1334 1283 1386 65
1323 1332 1615 1419 ἐλάμβανον
1627 1354 1709 1385 και
1745 1333 2060 1423 ᾠκοδόμουν·
2090 1353 2206 1394 τους

256 1401 342 1467 μὲν
389 1403 441 1452 ἐκ
487 1409 573 1454 τοῦ
616 1406 785 1468 βυθοῦ
820 1406 998 1464 λίθους
1032 1404 1318 1475 ἑλκομένους
1350 1402 1534 1463 πάντας
1567 1400 1720 1463 οὕτως
1754 1405 1980 1456 ἐτίθεσαν
2014 1404 2083 1463 εἰς
2115 1399 2204 1468 τὴν

255 1469 541 1535 οἰκοδομήν·
587 1470 882 1539 ηρμοσμένοι
924 1470 1015 1558 γὰρ
1062 1475 1218 1539 ἠσαν,
1272 1473 1354 1523 καὶ
1401 1469 1715 1536 συνεφώνουν
1737 1478 1820 1559 τῇ
1866 1470 2052 1560 άρμογῇ
2088 1469 2203 1536 μετὰ

254 1543 351 1589 τῶν
388 1539 557 1625 ἑτέρων
592 1543 774 1591 λίθων·
811 1542 892 1592 καὶ
928 1539 1082 1600 οὕτως
1117 1542 1378 1593 ἐκολλῶντο
1415 1539 1663 1626 ἀλλήλοις,
1711 1540 1830 1593 ὥστε
1864 1540 1952 1626 τὴν
1987 1538 2204 1626 αρμογὴν

257 1605 417 1659 αυτῶν
465 1606 529 1674 μὴ
581 1609 861 1673 φαίνεσθαι.
925 1611 1195 1675 Ἐφαίνετο
1243 1610 1295 1661 δὲ
1342 1632 1374 1675 η
1424 1607 1656 1675 οἰκοδομὴ
1704 1616 1790 1662 τοῦ
1825 1607 2015 1696 πύργου
2051 1606 2117 1669 ὥς
2155 1609 2204 1670 ἐξ

257 1673 367 1735 ἐνὸς
416 1679 564 1728 λίθου
613 1676 974 1747 ώκοδομημένη.
1054 1676 1179 1738 Τοὺς
1227 1678 1279 1729 δὲ
1293 1678 1517 1763 ἑτέρους
1551 1681 1726 1739 λίθους
1759 1676 1873 1740 τοὺς
1907 1678 2205 1762 φερομένους

256 1742 354 1794 ἀπὸ
389 1750 476 1809 τῆς
511 1748 658 1811 ξηρᾶς
694 1767 783 1807 ους
818 1746 903 1811 μὲν
939 1745 1223 1812 ἆπέβαλλον,
1259 1767 1346 1807 ους
1383 1746 1434 1797 65
1471 1749 1671 1798 ἐτίθουν
1702 1750 1770 1809 εἷς
1804 1746 1892 1830 τὴν
1914 1744 2202 1833 οἶκοδομην·

254 1809 430 1871 αλλους
478 1812 530 1863 δὲ
573 1814 867 1866 κατέκοπτον
915 1816 998 1865 καὶ
1033 1816 1254 1896 ε’ρριπτον
1288 1835 1478 1881 μακραν
1516 1813 1612 1866 ἆπὸ
1648 1822 1734 1866 τοῦ
1769 1814 1974 1884 πύργου.
2034 1813 2203 1867 ’Ἀλλοι

256 1879 309 1929 65
352 1882 489 1931 λίθοι
538 1882 708 1932 πολλοὶ
756 1880 916 1952 κύκλῳ
951 1889 1038 1934 τοῦ
1045 1881 1262 1968 πύργου
1300 1883 1508 1944 ε’κειντο,
1557 1882 1641 1933 καὶ
1676 1882 1768 1935 οὐκ
1802 1885 2008 1971 ἐχρῶντο
2041 1881 2204 1944 αὐτοῖς

254 1949 323 2008 εἰς
359 1946 448 2014 τὴν
489 1948 783 2038 ,οἰκοδομήν
834 1952 961 2016 ησαν
996 1949 1087 2020 γάρ
1122 1971 1248 2012 τινες
1283 1951 1332 2013 ἐξ
1368 1951 1530 2003 αὐτῶν
1566 1950 1915 2042 ἐψωριακότες,
1965 1972 2138 2020 ετεροι
2153 1952 2204 2003 65

255 2015 452 2083 σχισμὰς
488 2018 698 2084 ἔχοντες,
750 2017 884 2070 άλλοι
919 2020 970 2071 65
1003 2020 1399 2086 κεκολοβωμένοιῗ
1414 2061 1428 2083 ,
1474 2018 1608 2071 άλλοι
1643 2020 1696 2072 δὲ
1730 2022 1892 2074 λευκοὶ
1926 2021 2009 2072 καὶ
2043 2037 2204 2091 στρογ-

251 2084 409 2153 γύλοι8
425 2127 439 2148 ,
490 2085 555 2173 μὴ
604 2085 888 2156 ἁρμόζοντες
933 2091 1002 2149 εἰς
1049 2111 1138 2155 την
1184 2089 1462 2176 οἰκοδομήν.
1517 2086 1763 2175 ’Έβλεπον
1812 2090 1865 2142 δὲ
1913 2090 2102 2158 ἑτέρους
2137 2093 2204 2142 λί-

252 2162 381 2215 θους
425 2175 540 2216 τους
591 2157 908 2245 ριπτομένους
953 2158 1142 2227 μακρὰν
1189 2156 1287 2210 άπὸ
1338 2165 1424 2210 τοῦ
1469 2155 1661 2244 πύργου
1696 2160 1779 2211 καὶ
1813 2160 2096 2228 ἐρχομένους
2134 2162 2203 2220 εἰς

251 2221 340 2289 τὴν
375 2220 495 2275 666v
530 2226 611 2275 και
647 2223 711 2292 μὴ
749 2227 979 2292 μένοντας
1013 2228 1066 2279 ἐν
1100 2248 1159 2298 τη
1197 2225 1326 2298 ὁδῷ,
1371 2225 1490 2279 ἄλλα
1521 2229 1836 2294 κυλιομένους
1870 2231 1924 2281 ἐκ
1958 2235 2045 2295 τῆς
2081 2226 2227 2280 ὁδοῦ·

254 2294 322 2351 εἷς
368 2290 456 2357 τὴν
507 2290 731 2346 ανοδίαν·
795 2296 999 2382 έτέρους
1034 2296 1085 2347 δὲ
1122 2278 1199 2348 ἐπι
1234 2294 1390 2365 πυρὸς
1426 2296 1741 2359 ἐκπίπτοντας
1775 2298 1857 2350 καὶ
1892 2298 2201 2365 καιομένους·

253 2361 442 2445 ἑτέρους
456 2361 540 2480 eg5
586 2367 848 2426 πίπτοντας
895 2363 1035 2434 ε’γγὺς
1086 2362 1303 2434 ὑδάτων,
1355 2366 1440 2417 καὶ
1474 2364 1540 2432 μὴ
1577 2367 1876 2435 δυναμένους
1910 2373 2204 2434 κυλισθῆναι

255 2430 325 2487 εἰς
358 2426 410 2479 τὸ
452 2450 483 2479 υ
518 2451 598 2497 ωρ.

394 2580 467 2628 ΙΙΙ
525 2575 754 2635 Δείξασα1
801 2575 854 2624 δέ
899 2594 981 2639 μοι
1017 2580 1167 2626 ταῦτα
1202 2573 1260 2626 τά
1295 2575 1591 2662 npossypwcvoc„
1639 2620 1671 2630 ..
1720 2577 2045 2663 αποκριθεῖσα
2053 2579 2202 2665 λέγει

250 2660 335 2708 μοι
365 2645 676 2736 2Πανοῢργος
727 2639 796 2704 εἷ,
846 2640 1103 2710 άνθρωπε,
1158 2644 1317 2694 θέλων
1351 2644 1604 2731 γινώσκειν
1641 2643 1701 2697 τὰ
1736 2648 1846 2712 περὶ
1880 2645 1967 2699 τόν
1997 2647 2196 2717 πύργον.

256 2710 383 2760 Ναί2
398 2753 409 2777 ,
459 2713 605 2777 φημί,
657 2713 842 2795 κυρία,
880 2732 960 2761 ινα
1006 2718 1111 2771 τοῖς
1144 2710 1374 2776 ἀδελφοῖς
1409 2712 1672 2799 ἇναγγείλω
1704 2716 1785 2766 καὶ
1823 2716 2097 2784 ἱλαρώτεροι
2132 2719 2200 2785 γί-

252 2798 441 2839 νονται,
490 2780 571 2830 καὶ
619 2784 769 2830 ταῦτα
815 2775 1107 2842 ἀκούσαντες
1153 2779 1464 2849 γινώσκουσι3
1512 2781 1596 2834 τὸν
1632 2780 1754 2835 θεὸν
1795 2784 1847 2835 έν
1881 2791 2033 2856 πολλῇ
2069 2783 2199 2855 δόξη.

251 2843 317 2896 Ἡ
357 2846 408 2896 65
461 2847 554 2914 ἔφη
593 2845 912 2898 Ἀκούσονται
959 2848 1045 2932 μὲν
1079 2852 1270 2901 πολλοί·
1329 2850 1620 2912 ἀκούσαντες
1668 2852 1722 2903 δέ
1766 2873 1892 2914 τινες
1939 2854 1988 2915 ἐξ
2040 2854 2201 2906 αὐτῶν

250 2913 565 3000 χαρήσονται,
613 2917 736 2976 τινὲς
772 2916 823 2967 δὲ
853 2916 1164 2968 κλαύσονται·
1203 2917 1322 2970 ἀλλὰ
1358 2921 1440 2970 καὶ
1474 2924 1640 2991 οὑτοι,
1678 2918 1762 2972 ἐαν
1797 2919 2088 2984 ἀκούσαντες
2123 2943 2200 2989 με·

249 2980 546 3050 τανοήσωσι,
596 2986 678 3036 καὶ
726 2983 862 3037 αὐτοὶ
909 2985 1211 3074 χαρήσονται.
1282 2988 1466 3076 ’Ἄκουε
1516 2991 1606 3041 οὐν
1655 3010 1740 3050 τας
1789 2990 2069 3076 παραβολάς
2114 2998 2202 3043 τοῦ

250 3052 462 3120 πύργου·
510 3051 814 3118 ἀποκαλύψω
861 3069 936 3105 σοι
981 3077 1072 3123 γαρ
1123 3078 1182 3107 τα
1225 3054 1404 3108 πάντα·
1424 3059 1537 3109 καὶ
1572 3059 1737 3125 μηκέτι
1773 3080 1855 3126 μοι
1890 3058 2076 3121 κόπους
2109 3060 2201 3112 πά-

338 3204 382 3254 2)
413 3202 574 3271 ἔχωσι;
614 3206 668 3244 ita
701 3219 854 3258 apogr„
883 3220 963 3246 non
996 3206 1163 3262 ἔχουσι.
1338 3210 1433 3262 Cap.
1458 3212 1522 3250 ΙΙΙ.
1556 3210 1596 3262 1)
1617 3209 1834 3258 δείξασαε
1870 3225 2007 3264 apogr.
2031 3210 2199 3260 δείξας.

333 3259 377 3308 3)
408 3260 493 3326 οὐχ
521 3257 655 3326 ὁρᾷςε
692 3274 828 3325 apogr.
859 3259 883 3302 6
910 3265 1078 3318 χῶρος.
1250 3266 1346 3306 Post
1378 3262 1637 3322 πράγαατα
1657 3267 1773 3318 plura
1805 3268 1999 3308 excidisse
2019 3277 2197 3320 apparet.

335 3314 380 3366 4)
400 3300 804 3382 ᾠκοδομούμενονε
815 3317 1044 3368 itaprorsus
1056 3332 1194 3370 apogr.
1336 3320 1382 3372 2)
1411 3322 1451 3360 in
1483 3334 1620 3373 apogr.
1651 3323 1785 3373 potius
1802 3324 2087 3374 :adscriptum
2110 3337 2198 3364 esse

335 3369 381 3419 5)
410 3367 489 3410 ἐπ’
522 3367 731 3413 ὑδάτωντ
774 3372 828 3411 ita
858 3385 1025 3423 prorsus
1053 3387 1191 3426 apogr.
1248 3375 1416 3415 videtur.

334 3424 378 3474 6)
409 3435 481 3465 re:
511 3425 565 3464 ita
598 3439 736 3477 apogr.
1334 3430 1378 3478 3)
1407 3437 1451 3470 ut
1479 3432 1685 3482 praecedit
1727 3433 1961 3485 γιιόνται,
2012 3434 2066 3474 ita
2099 3435 2136 3474 h.
2171 3435 2196 3475 Ι.

334 3477 378 3528 7)
409 3491 546 3529 apogr.
576 3482 959 3536 κεκολωβωμένοι.
1248 3482 1543 3539 γινώσκουσι.
1585 3487 1666 3526 Sed
1696 3500 1749 3526 ov
1779 3491 2094 3541 suplascriptum
2125 3497 2196 3540 est,

334 3532 376 3582 8)
407 3545 545 3583 apogr.
566 3536 841 3592 στρογγιλοὶ.
884 3538 990 3578 Infra
1007 3551 1100 3579 vero
1113 3539 1191 3579 Vis.
1250 3552 1369 3590 quum
1397 3540 1500 3579 infra
1531 3553 1612 3580 non
1642 3542 1738 3582 satis
1766 3549 1901 3594 pateat
1930 3551 2060 3584 utrum
2080 3559 2114 3586 ω
2147 3559 2195 3584 an

247 3583 311 3625 ΙΙΙ.
343 3598 428 3637 cap.
457 3589 513 3627 VI.
541 3597 649 3632 recte
680 3587 1301 3695 στρογγύλοι.ου
1332 3596 1550 3635 exaraverit
1584 3596 1678 3638 Sim.
