2340 3900
262 147 361 198 608
988 148 1211 195 HERMAE
1247 150 1474 198 PASTOR.

261 285 346 330 τοῦ
382 280 524 363 ἔργου
562 272 621 328 06
658 276 908 362 εἰργάσατο
952 277 1082 328 θέλω
1131 275 1281 329 αὐτὸν
1318 276 1707 366 συγκληρονόμον
1740 285 1808 347 τῷ
1843 281 1938 349 υἱῷ
1973 299 2067 345 μου
2103 300 2209 332 ποι-

257 353 398 412 ῆσαι,
435 346 508 397 ὅτι
543 343 596 397 τὸ
634 352 783 397 καλον
830 343 1080 435 φρονήσας
1113 345 1172 399 οὐ
1222 346 1638 433 παρενεθυμήθη,
1679 331 1785 399 ἀλλ’
1825 331 2032 400 ἐτέλεσεν
2068 346 2202 401 αὐτό.

266 413 425 485 Ταύτῃ
451 420 519 500 τῇ
554 436 719 502 γνωμῃ
757 413 785 467 6
820 414 927 476 υἱὸς
968 420 1054 465 τοῦ
1092 413 1327 467 δεσπότου
1379 417 1760 483 συνηυδόκησεν4
1796 415 1942 488 αὐτῷ,
1980 418 2062 469 ’ἵνα
2098 435 2204 486 συγ-

257 466 572 569 κληρονόμος
598 484 790 577 γένηται
825 482 855 536 6
902 485 1074 545 δοῦλος
1122 489 1194 571 τῷ
1225 486 1329 556 υἱῷ.
1405 484 1550 538 Μετὰ
1582 484 1761 554 ημέρας
1806 471 1970 555 ὀλίγας
2006 488 2203 538 δεῖπνον

257 553 480 617 ἐποίησεν
515 550 667 604 αὐτοῦ
689 593 701 615 ,
758 554 841 604 καὶ
876 553 1090 618 ἔπεμψεν
1137 551 1267 641 αὐτῷ
1314 555 1366 607 ἐκ
1401 560 1488 606 τοῦ
1524 558 1723 607 δείπνου
1769 556 1999 622 ἐδέσματα
2034 552 2199 608 πολλά.

257 619 442 687 Λαβὼν
478 621 529 672 δὲ
566 619 594 673 6
629 623 802 683 δοῦλος
850 619 907 673 τὰ
929 622 1174 707 ἐδέσματα
1208 620 1267 674 τὰ
1311 624 1596 709 πεμφθέντα
1646 622 1777 695 αὐτῷ
1822 623 1953 711 παρὰ
1997 629 2085 676 τοῦ
2134 625 2208 676 δε-

257 688 464 753 σπότου,
502 687 561 742 τὰ
608 689 849 774 ἀρκοῦντα
885 688 1016 761 αὐτῷ
1065 692 1181 778 ἠρε,
1216 690 1276 743 τὰ
1319 690 1463 744 λοιπὰ
1513 693 1564 745 δὲ
1599 701 1700 754 τοῖς
1736 678 2020 755 συνδούλοις
2056 691 2208 745 αὐτοῦ

257 759 649 812 διέδωκεν.οἱ
694 759 745 810 δὲ
790 743 1048 812 σύνδουλοι
1098 759 1247 813 αὐτοῦ
1297 760 1521 848 λαβόντες
1568 760 1626 813 τὰ
1674 763 1904 830 ἐδέσματα
1951 759 2202 829 ἐχάρησαν,

256 829 338 879 καὶ
370 826 577 914 ηρξαντο
629 825 854 895 εὔχεσθαι
906 826 1026 912 ὑπὲρ
1075 827 1255 896 αὐτοῦ,
1290 832 1370 882 ἵνα
1416 830 1554 898 χάριν
1587 833 1778 896 μείζονα
1825 831 1941 918 εὕρῃ
1973 830 2104 915 παρὰ
2138 836 2206 917 τῷ

256 896 491 982 δεσπότῃ,
540 896 613 948 ὅτι
660 897 812 958 οὕτως
861 896 1087 966 ἐχρήσατο
1136 873 1315 961 αὐτόῖς.
1395 905 1557 951 Ταῦτα
1602 897 1758 950 πάντα
1804 898 1863 951 τὰ
1912 898 2141 987 γεγονότα
2171 884 2206 952 6

256 950 491 1033 δεσπότης
526 964 677 1018 αὐτοῦ
712 964 919 1051 ἤκουσε,
963 967 1057 1021 καὶ,
1091 966 1237 1020 πάλιν
1282 971 1390 1019 λίαν
1437 966 1578 1035 ἐχάρη
1630 969 1708 1018 ἐπὶ
1742 973 1801 1052 τῆ
1834 966 2003 1053 πράξει
2038 967 2204 1020 αὐτοῦ.

255 1033 681 1123 Συγκαλεσάμενος
726 1034 870 1088 πάλιν
917 1033 1030 1098 τοὺς
1064 1039 1238 1102 φίλους
1273 1034 1302 1088 6
1337 1036 1573 1102 δεσπότης
1620 1036 1703 1087 καὶ
1744 1028 1831 1087 τόν
1876 1033 1989 1089 υἱὸν
2037 1035 2204 1101 αὐτοῦ,

256 1103 540 1191 ἀπήγγειλεν
586 1103 751 1166 αὐτοῖς
793 1103 880 1172 τὴν
926 1108 1098 1194 πρᾶξιν
1144 1104 1297 1158 αὐτοῦ
1344 1126 1408 1171 ην
1444 1106 1643 1190 ἔπραξεν
1693 1105 1773 1156 ἐπὶ
1819 1111 1920 1167 τοῖς
1953 1105 2206 1192 ἐδέσμασιν

256 1171 407 1226 αὐτοῦ
442 1170 517 1235 οἷς
540 1174 731 1257 ἐλ.αβεν
812 1175 876 1226 Οἱ
894 1173 994 1225 δὲ”
967 1195 1033 1226 ετι
1052 1180 1233 1241 μᾶλλον
1253 1171 1617 1242 συνευδόκησαν
1634 1174 1884 1242 γενέσθαι6
1919 1171 2004 1227 τὸν
2027 1177 2204 1228 δοῦλον

257 1241 646 1313 σνγκληρονόμον
679 1249 744 1313 τῷ
780 1245 874 1314 υἱῷ
910 1241 1077 1295 αὐτοῦ.

393 1361 461 1406 111.
533 1354 675 1422 Λέγω
714 1351 886 1439 Κύριε,
906 1351 1028 1437 ἐγώ
1066 1351 1243 1414 ταύτας
1287 1351 1389 1414 669¹
1418 1350 1714 1440 παραβολὰς
1745 1351 1803 1404 06
1837 1351 2056 1439 γινώσκω
2091 1351 2206 1406 οὐδὲ

259 1419 467 1510 δύναμαι
501 1429 692 1508 νοῆσαι,
730 1420 815 1473 ἐὰν
853 1420 918 1489 μή
940 1444 1021 1488 μοι
1043 1421 1272 1493 ἐπιλῦσῃς
1309 1421 1471 1483 αὐτάς.
1530 1420 1702 1473 Πάντα
1726 1439 1802 1474 σοι
1815 1419 2036 1486 ἐπιλύσω,
2069 1425 2202 1490 φησί,

258 1512 341 1542 και
379 1492 471 1542 ὅσα
517 1489 577 1542 ἂν
613 1489 800 1557 λαλήσω
835 1489 948 1557 μετὰ
987 1497 1102 1560 σοῦ,
1141 1494 1280 1553 δείξω
1315 1508 1406 1543 σοι.
1482 1489 1580 1551 Τὰς
1615 1489 1807 1553 ἐντολὰς
1842 1489 2019 1545 αὐτοῦ.
2072 1491 2206 1544 ,ἐάν

215 1604 223 1611 .
255 1560 314 1643 γέ
344 1579 387 1611 τι
424 1557 618 1629 ἀγαθὸν
650 1559 856 1647 ποιήσῃς
891 1557 1026 1621 ἐκτὸς
1061 1534 1147 1626 της
1183 1561 1377 1626 ἐντολης
1412 1565 1499 1611 τοῦ
1525 1565 1666 1625 θεοῦ,
1705 1565 1889 1612 σεαυτω
1915 1534 2205 1651 περιποιήσῃ

257 1629 403 1691 δόξαν
451 1629 817 1717 περισσοτέραν,
869 1630 950 1680 καὶ
998 1630 1081 1700 ἔσῃ
1119 1629 1422 1695 ἐνδοξότερος
1470 1627 1602 1696 παρὰ
1649 1635 1714 1698 τῷ
1762 1635 1868 1700 θεῷ
1913 1624 1974 1681 οὗ
2021 1631 2207 1716 ἔμελλες

259 1693 394 1750 εἶναι.
459 1696 581 1750 Ἐὰν
625 1691 714 1782 οῦν
758 1674 1020 1763 φυλάσσων
1067 1696 1151 1759 τὰς
1197 1697 1390 1759 ἐντολὰς
1435 1703 1522 1749 τοῦ
1567 1681 1694 1750 θεοῦ
1726 1683 1952 1784 προσθῃς
1997 1700 2079 1750 καὶ
2116 1695 2205 1760 τὰς

254 1768 551 1850 λειτουργίας
585 1764 786 1830 ταύτας,
825 1765 1025 1853 χαρήση,
1059 1764 1144 1854 ἐάν
1200 1783 1410 1838 τηρησῃς
1462 1765 1611 1827 αὐτὰς
1644 1765 1768 1819 κατὰ
1801 1789 1890 1854 την
1925 1766 2046 1855 ἐμὴν
2080 1768 2205 1820 ἐντο-

255 1833 360 1900 λήν.
407 1835 570 1922 Λέγω
607 1832 736 1923 αὐτῷ
780 1834 947 1901 Κύριε,
983 1818 1014 1886 ὀ
1051 1834 1136 1886 ε’άν
1167 1856 1247 1900 μοι
1286 1819 1493 1923 ἐντείλῃ,
1532 1834 1731 1899 φυλάξω
1768 1833 1914 1887 αὐτό·
1969 1834 2080 1888 οἶδα
2114 1833 2206 1906 γὰρ

257 1902 331 1954 ’ὅτι
367 1900 426 1993 σύ
460 1902 559 1970 μετ’
606 1904 723 1970 ἐμοῦ
762 1900 815 1954 εἶ.
871 1902 1101 1989 ”Εσομαι,
1155 1906 1302 1970 φησί,
1341 1885 1457 1970 μετά
1494 1909 1606 1967 σοῦ,
1645 1903 1720 1956 ὅτι
1756 1903 1982 1971 τοιαύτην
2016 1913 2206 1992 προθυ·

253 1974 368 2038 μίαν
393 1973 510 2039 ἔχεις
531 1978 616 2040 τῆς
639 1971 1054 2041 ἆγαθοποιήσεως,
1092 1973 1174 2024 καὶ
1208 1971 1324 2039 μετὰ
1357 1971 1552 2025 πάντων
1589 1946 1642 2024 δὲ
1676 1974 1859 2039 ἔσομαι,
1894 1976 2060 2041 φησίν,
2095 1972 2200 2026 ὅσοι

252 2039 429 2107 ταύτην
467 2040 554 2109 τὴν
601 2044 885 2110 προθυμίαν
929 2043 1130 2109 ἔχουσιν.
1199 2040 1267 2093 Ἡ
1293 2044 1487 2109 νηστεία
1520 2041 1667 2108 αῦτη,
1706 2045 1853 2132 φησί,
1897 2043 2205 2130 τηρουμένων

254 2116 350 2162 τῶν
385 2112 591 2163 ἐντολῶν
624 2117 711 2163 τοῦ
743 2114 917 2198 κυρίου
953 2114 1061 2163 λίαν
1106 2111 1230 2179 καλή
1276 2112 1415 2164 ἐστιν.
1491 2110 1660 2173 Οὕτως
1707 2107 1798 2164 οὖν
1842 2112 2070 2177 φυλάξεις
2117 2109 2206 2199 τὴν

254 2182 475 2246 νηστείαν
523 2177 702 2247 ταύτην
748 2179 812 2248 ἣν
858 2181 1038 2247 μέλλεις
1089 2188 1258 2248 τηρεῖν.
1336 2185 1542 2249 Πρῶτον
1594 2179 1788 2234 πάντων
1840 2179 2051 2246 φύλαξαι
2103 2179 2200 2234 ἀπὸ

255 2247 434 2310 παντὸς
470 2248 680 2318 ρήματος
713 2256 934 2337 πονηροῦ
968 2271 1050 2302 και
1085 2249 1244 2317 πάσης
1271 2251 1535 2316 ἐπιθυμίας
1557 2257 1790 2319 πονηρᾶς,
1827 2251 1908 2302 καὶ
1927 2247 2205 2316 καθάρισόν

255 2334 343 2369 σου
380 2316 468 2385 τὴν
512 2321 719 2386 καρδίαν
766 2317 861 2371 ἀπὸ
914 2319 1107 2371 πάντων
1158 2341 1254 2371 των
1299 2317 1647 2385 ματαιωμάτων
1679 2326 1766 2372 τοῦ
1803 2321 1982 2382 αἰῶνος
2014 2318 2202 2374 τούτου.

248 2385 372 2438 Ἐὰν
407 2394 556 2438 ταῦτα
593 2388 823 2477 φυλάξῃς,
860 2389 990 2440 ἔσται
1025 2405 1102 2441 σοι
1139 2388 1260 2456 αὕτη
1296 2386 1329 2455 6
1366 2392 1588 2474 νηστεία
1592 2391 1757 2441 τελεία.
1815 2389 1955 2441 Οὕτω
1990 2389 2042 2441 δὲ
2063 2388 2203 2477 ποιή-

255 2472 381 2516 σεις·
419 2457 697 2517 συντελέσας
732 2457 790 2508 τὰ
825 2459 1138 2545 γεγραμμένα,
1180 2459 1231 2509 ἐν
1256 2458 1423 2546 ἐκείνῃ
1433 2464 1518 2552 2τῇ
1553 2456 1707 2528 ἡμέρα
1727 2480 1759 2530 ῃ
1788 2457 2032 2545 νηστεύεις
2054 2457 2205 2525 μηδεν

254 2522 402 2608 γεύσῃ
439 2526 483 2575 εἰ
515 2522 580 2590 μὴ
617 2523 760 2613 ἄρτον
795 2527 877 2577 καὶ
914 2525 1073 2610 ὕδωρ·
1129 2528 1211 2577 καὶ
1248 2527 1300 2577 ἐκ
1334 2527 1451 2578 τῶν2
1489 2509 1758 2592 ἐδεσμάτων
1795 2543 1884 2579 σου
1914 2548 1984 2579 ων
2018 2528 2214 2613 ἔμελλες·

253 2592 450 2661 τρώγειν
487 2596 759 2660 συνοψίσας
791 2592 878 2660 τὴν
912 2594 1154 2680 ποσότητα
1203 2600 1288 2660 τῆς
1321 2592 1542 2661 δαπάνης
1577 2596 1764 2680 ἐκείνης
1796 2601 1883 2661 τῆς
1928 2594 2125 2684 ἡμέρας
2123 2616 2204 2681 ης

254 2662 441 2728 ἔμελλες
474 2669 644 2748 ποιεῖν,
685 2662 854 2725 δώσεις
890 2660 1006 2714 αὐτὸ
1042 2684 1165 2733 χηρα
1200 2661 1232 2729 η’
1267 2662 1469 2746 ὀρφανῷ
1503 2662 1537 2730 ἢ
1572 2661 1924 2750 ὑστερουμένῳ,
1960 2664 2042 2715 καὶ
2077 2662 2203 2716 οὕτω

254 2707 723 2817 ταπεινοφρονήσεις,
755 2734 838 2785 ι’να
873 2732 924 2783 ἐκ
952 2753 1046 2816 της
1077 2732 1525 2817 ταπεινοφροσύνης
1561 2749 1649 2784 σου
1686 2731 1714 2784 6
1750 2717 1960 2819 εἰληφώς
1981 2730 2198 2820 ἐμπλήσῃ

253 2797 342 2866 τὴν
377 2800 553 2851 εαυτοῦ
588 2798 755 2867 ψυχὴν
789 2823 871 2854 και
911 2798 1100 2867 εὔξηται
1131 2798 1252 2869 ὑπὲρ
1289 2807 1378 2852 σοῦ
1414 2800 1535 2869 πρὸς
1571 2799 1655 2853 τὸν
1680 2800 1875 2888 κύριον.
1917 2798 2040 2853 Ἐὰν
2075 2801 2202 2854 οὕτω

252 2868 443 2956 τελέσῃς
487 2867 575 2936 τὴν
623 2872 847 2937 νηστείαν
882 2869 948 2931 ὥς
985 2888 1061 2921 σοι
1097 2868 1422 2956 ἐνετειλάμην,
1480 2872 1610 2956 ἕσταθι
1661 2892 1693 2936 η
1745 2872 1901 2922 θυσία
1937 2886 2026 2922 σου
2061 2868 2203 2937 δεκτὴ

252 2936 383 3024 παρὰ
417 2943 484 3008 τῷ
522 2945 652 3010 θεῷ,
693 2940 775 2991 καὶ
810 2941 1072 3026 ἔγγραφος
1086 2940 1212 2991 ἔσται
1249 2937 1284 3005 6
1319 2941 1511 3006 νηστεία
1545 2937 1699 3026 αὕτη,
1751 2939 1832 2992 καὶ
1866 2937 1903 3006 6
1935 2941 2204 3008 λειτουργία

253 3006 406 3068 οὕτως
443 2983 728 3095 ἐργαζομένη
776 3006 896 3074 καλὴ
934 3010 1017 3061 καὶ
1027 3006 1192 3095 ίλαρά
1239 3008 1337 3060 ἐστι
1381 3009 1464 3060 καὶ
1509 3006 1889 3098 εὐπρόσδεκτος
1911 3013 1978 3078 τῷ
2023 3011 2190 3079 κυρίω.

260 3081 422 3128 Ταῦτα
448 3077 574 3165 (spuo
600 3077 822 3145 τηρήσεις
846 3076 906 3130 σὺ
932 3076 1047 3143 μετὰ
1066 3083 1162 3129 τῶν
1197 3079 1375 3129 τέκνων
1411 3095 1499 3129 σου
1533 3079 1615 3130 καὶ
1651 3076 1768 3130 ὅλου
1803 3082 1889 3130 τοῦ
1923 3060 2062 3130 όῗκου
2097 3094 2200 3130 σου.

261 3143 483 3230 Τηρήσας
519 3146 572 3198 δὲ
609 3146 732 3199 αὐτὰ
755 3146 987 3236 μακάριος
1009 3148 1116 3232 ἔσῃ·
1154 3168 1234 3199 και
1258 3146 1366 3199 ὅσοι
1389 3146 1451 3198 &v
1478 3145 1771 3209 ἀκούσαντες
1793 3144 1916 3198 αὐτὰ
1945 3146 2200 3232 τηρήσωσι,

251 3213 479 3284 μακάριοι
514 3217 726 3268 ἔσονται
765 3218 847 3269 καὶ
882 3217 973 3269 666
1009 3214 1069 3267 ἄν
1106 3214 1413 3269 οἰκοῦσονται3
1445 3214 1576 3285 παρὰ
1599 3222 1685 3269 τοῦ
1722 3217 1912 3283 κυρίου,
1948 3213 2201 3281 λήψονται.

336 3356 381 3407 4)
414 3351 779 3410 συνηυδόκησεν;
812 3356 864 3398 ita
898 3357 1009 3408 cod.;
1042 3357 1102 3397 ed.
1135 3370 1195 3408 pr.
1339 3356 1432 3407 Cap.
1447 3357 1508 3397 111.
1544 3355 1584 3409 1)
1599 3354 1704 3403 669:
1725 3355 1789 3423 sic,
1798 3361 1904 3395 certe
1924 3356 2028 3406 cod„
2049 3355 2202 3407 non(ut

254 3410 435 3454 συνευδ.
1255 3411 1317 3451 ed.
1350 3412 1430 3464 pr.)
1459 3409 1552 3457 τὰς.
1613 3412 1708 3450 Post
1736 3409 1875 3451 αὐτοῦ
1904 3411 2019 3461 plura
2050 3411 2204 3451 desunt.

340 3469 382 3517 5)
413 3468 469 3508 sic
502 3467 638 3508 codex.
1341 3468 1384 3512 2)
1411 3467 1489 3506 καὶ
1517 3464 1567 3506 ἐκ
1601 3467 1723 3508 τῶν.·
1762 3465 1820 3505 sic
1853 3466 1990 3506 codex.
2036 3467 2109 3507 Ed.
2139 3478 2201 3518 pr.

338 3523 381 3572 6)
413 3521 552 3564 αὐτοῦ
571 3516 956 3577 οἶς--γενέσθαις
990 3524 1086 3563 haec
1109 3535 1199 3563 rur·
1256 3519 1306 3562 ἐκ
1333 3519 1423 3572 (δὲ)
1459 3523 1566 3562 τῶν

258 3588 326 3615 sus
356 3577 416 3616 bis
450 3578 594 3630 scripta
634 3585 735 3619 sunt.
1341 3575 1385 3626 3)
1423 3571 1723 3619 ἀκούσονται·
1760 3577 1811 3617 ita
1842 3576 1945 3618 male
1977 3577 2114 3619 codex
