2340 3900
420 143 652 192 unum
683 142 918 190 Pasa-ott.
984 143 1148 192 LIBER
1182 145 1255 193 111.
1326 144 1552 195 sunm.
1590 144 1646 192 ΙΙ.
1681 143 1754 193 111.
1790 141 1862 205 (B)
2019 143 2120 197 487

152 297 263 343 ergo
298 281 545 329 similitudo
578 280 730 342 posita
764 284 836 325 est
870 279 915 325 in
952 283 1166 341 personis
1202 296 1439 330 servorum
1475 282 1580 341 Dei,
1619 284 1836 345 pauperis
1870 289 1918 332 et
1952 283 2118 332 divitis·

151 350 564 408 Quemadmodum,
633 348 849 408 inquam,
922 348 1134 405 domine,
1198 351 1460 399 demonstra
1522 351 1647 399 milii.
1735 352 1879 410 Audi,
1957 352 2119 416 inquit.

152 420 284 467 nives
320 418 505 481 quidem
546 429 663 479 opes
694 414 859 472 babet3
893 417 951 463 ad
1001 416 1140 464 Deum
1190 433 1300 466 vero
1350 421 1483 482 inops
1530 427 1614 467 est.
1682 420 1947 469 Protractus
1996 422 2117 474 euim

152 490 275 535 circa
323 485 498 535 divitias
543 497 653 531 suas
699 484 906 545 exiguam
954 485 1209 542 orationem
1258 487 1314 534 ad
1363 487 1601 535 Dominum
1645 488 1881 550 possidet,
1924 502 2116 552 eamque

151 556 288 604 babet
332 556 525 602 inertem
570 558 619 600 et
662 545 851 600 latuam'
899 552 1156 615 nullamque
1208 556 1296 601 vim
1346 557 1466 617 apud
1516 556 1753 605 Dominum
1790 557 2116 619 possidentem.

151 623 340 683 Quando
373 629 522 669 autem
560 613 787 669 relicitur-⁴
821 635 997 683 pauper
1043 636 1069 668 a
1114 623 1280 679 divite,
1330 631 1712 686 praestanturque
1748 627 1792 673 ei
1845 640 1962 688 quae
2009 633 2118 675 sunt

149 689 426 746 necessaria,
461 689 624 737 credet
647 689 805 751 utique
827 689 969 747 dives,
1004 691 1220 751 quoniam
1255 693 1295 737 si
1325 701 1542 754 operatur
1568 694 1614 740 in
1646 708 1911 756 pauperem,
1946 696 2119 757 poterit

149 759 270 822 apud
290 758 433 806 Deum
455 758 716 806 mercedem
738 758 897 820 operis
921 759 1140 806 invenire.
1212 759 1426 821 Intelligit
1446 755 1605 816 enim,⁸
1621 763 1837 824 pauperis
1863 764 2118 812 orationem

148 829 324 876 beatam
357 841 489 885 esse,
524 834 572 875 et
602 826 799 874 adeundi
833 826 893 874 ad
928 826 1069 874 Deum
1114 828 1203 874 vim
1240 842 1449 889 maguam
1495 829 1679 878 babere.
1751 831 1959 879 Praestat
2000 845 2114 894 ergo

148 896 273 944 dives
309 896 500 958 pauperi
533 896 685 943 omnia
714 896 816 943 sine
853 894 1008 953 dubio,
1043 887 1118 942 ac‘
1142 911 1319 958 pauper
1352 897 1708 946 subministratis
1733 899 1820 946 sibi
1857 898 1915 947 ad
1950 900 2114 948 victum

148 965 421 1012 necessariis
455 965 626 1026 gratias
658 962 754 1025 agit
785 964 878 1012 Deo
915 978 1002 1026 pro
1038 979 1112 1023 eo,
1148 966 1229 1026 qui
1265 965 1423 1012 tribuit
1459 966 1537 1012 illi.
1606 967 1845 1023 Quomodo
1883 981 1994 1029 ergo
2038 967 2114 1015 ille

146 1033 272 1082 dives
307 1033 492 1080 festinat
506 1047 592 1095 pro
628 1046 846 1094 paupere,
882 1047 939 1081 ne
958 1033 1069 1094 quid
1101 1033 1145 1080 ei
1174 1033 1293 1080 desit
1310 1034 1354 1080 in
1381 1035 1503 1081 omni
1525 1035 1614 1082 vita
1637 1049 1740 1082 sua:
1776 1036 1844 1083 sic
1869 1042 1915 1083 et
1943 1049 2117 1098 pauper

146 1108 249 1150 orat
269 1116 356 1163 pro
375 1101 525 1149 divite.
594 1100 796 1162 Uterque
816 1115 929 1163 ergo
951 1102 1122 1149 suntin
1145 1116 1301 1163 opere.
1370 1102 1497 1151 Alter
1515 1104 1634 1150 enim
1655 1110 1871 1165 operatur
1890 1105 2115 1162 oratione,

145 1171 194 1218 in
240 1184 333 1231 qua
378 1169 541 1218 beatus
589 1175 688 1228 est,
730 1177 781 1217 et
824 1170 957 1218 reddi
1006 1170 1115 1217 facit
1163 1171 1423 1219 mercedem
1458 1187 1484 1219 a
1526 1171 1733 1220 Domino.
1804 1172 2020 1221 Similiter
2068 1179 2117 1220 et

147 1237 274 1286 dives
309 1238 368 1286 de
401 1238 491 1296 bis,
526 1252 644 1300 quae
676 1239 858 1301 accepit
889 1253 915 1286 a
951 1239 1171 1296 Domino,
1206 1241 1307 1286 sine
1340 1240 1623 1288 dubitatione
1662 1246 1864 1302 praestat
1905 1241 2113 1302 pauperi.

148 1306 246 1355 lloc
281 1321 467 1370 quoque
501 1321 620 1369 opus
655 1321 867 1368 magnum
890 1314 964 1355 est
997 1315 1329 1370 acceptumque
1352 1307 1558 1365 Domino,
1598 1310 1704 1369 quia
1739 1308 1865 1355 dives
1898 1308 2117 1355 intellexit

146 1383 195 1423 et
229 1376 404 1423 Domini
440 1391 560 1438 opus
594 1375 707 1423 lecit
739 1376 786 1423 in
821 1390 1086 1438 pauperem.
1156 1376 1217 1422 Ex
1243 1376 1377 1423 donis
1413 1376 1591 1423 Domini
1618 1376 1730 1423 tecit
1763 1382 1810 1422 et
1832 1376 2117 1431 ministravit,

146 1453 195 1492 et
229 1452 355 1492 necte
391 1444 638 1507 complevit
669 1444 972 1491 ministerium
1004 1458 1152 1492 suum.
1224 1443 1356 1504 Apud
1396 1444 1605 1490 homines
1654 1456 1766 1503 ergo
1816 1443 1965 1489 ulmus
2020 1456 2113 1491 nou

145 1520 330 1575 putatur
363 1512 549 1561 adferre
581 1513 796 1568 fructum,
831 1518 880 1559 et
914 1513 1126 1560 nesciunt
1149 1525 1298 1572 neque
1329 1511 1598 1572 intelligunt,
1638 1511 1763 1572 quod
1788 1524 1892 1558 cum
1931 1511 2115 1559 siccitas

145 1582 301 1637 fuerit,
337 1580 486 1628 ulmus
509 1594 676 1642 aquam
711 1579 887 1627 liabens
921 1580 1065 1627 nutrit
1084 1580 1235 1637 vitem,
1268 1580 1463 1640 vitisque
1497 1593 1748 1641 perennem
1774 1593 1936 1640 aquam
1969 1580 2116 1670 possi·

144 1650 261 1698 deus
296 1649 485 1711 duplum
519 1649 596 1697 dat
629 1648 827 1696 fructum
860 1655 910 1696 et
942 1662 1028 1710 pro
1050 1663 1102 1695 se
1140 1655 1187 1695 et
1218 1662 1304 1710 pro
1343 1648 1480 1695 ulmo.
1553 1648 1630 1695 Sic
1667 1654 1712 1695 et
1749 1662 1974 1710 pauperes
2028 1662 2115 1711 pro

143 1717 374 1780 locuplete
408 1718 631 1766 adeuntes
665 1716 950 1765 orationibus
986 1718 1083 1764 suis
1120 1717 1176 1764 ad
1224 1717 1461 1764 Dominum
1497 1723 1665 1778 augent
1711 1717 1886 1764 divitias
1936 1730 2114 1779 eorum,

144 1800 400 1849 rursusque
451 1786 710 1849 locupletes
759 1792 1135 1849 praestantesque
1184 1785 1466 1847 pauperibus
1516 1780 1815 1846 quaecuuque
1860 1785 1948 1833 illis
1997 1800 2115 1847 opus

145 1862 276 1911 suut,
323 1855 505 1918 replent
555 1855 730 1903 animas
775 1869 950 1903 eorum.
1035 1849 1258 1902 Fuerunt‘*
1314 1868 1428 1914 ergo
1475 1854 1607 1901 ambo
1660 1860 1901 1900 consortes
1957 1854 2113 1915 operis

147 1925 296 1985 aequi.
366 1924 636 1985 Quicunque
681 1937 795 1986 ergo
847 1923 959 1970 baec
1001 1924 1062 1970 ita
1097 1923 1321 1979 iecerint,
1358 1937 1451 1969 non
1490 1923 1764 1970 deserentur
1798 1935 1824 1967 a
1861 1921 1983 1979 Deo,
2029 1921 2115 1969 sed

145 1999 283 2041 eruut
315 1993 524 2054 inscripti
559 1993 604 2039 iu
639 1991 760 2039 libro
795 1992 1052 2039 viventium.
1122 1990 1314 2048 Felices,
1350 1992 1427 2052 qui
1466 1989 1637 2037 babent
1670 1998 1718 2038 et
1746 1990 1963 2051 sentiunt,
2001 2002 2113 2050 quo·

147 2061 284 2110 modo
318 2074 345 2108 a
380 2060 571 2109 Domino
604 2059 955 2123 locupletantur.
1024 2060 1110 2117 Qui
1133 2067 1283 2109 autem
1311 2059 1399 2107 boc
1421 2060 1667 2116 senserint,
1694 2062 1911 2120 poterunt
1945 2056 2115 2121 aliquid

887 2266 1154 2299 stuturcno
1191 2266 1374 2298 tzuru-

286 2339 353 2400 (a)
387 2341 598 2390 Ostendit
629 2341 740 2388 mihi
772 2339 966 2388 arbores
1002 2339 1124 2388 foliis
1146 2339 1351 2396 abiectis,
1389 2352 1505 2400 quae
1527 2337 1649 2385 velut
1684 2337 1837 2385 aridae
1859 2338 1970 2385 mihi
1994 2337 2114 2385 vide·

149 2411 315 2458 bantur
347 2425 482 2466 esse3
515 2424 678 2458 omues
713 2410 833 2457 euim
864 2409 1036 2456 similes
1072 2415 1216 2456 erant.
1289 2407 1342 2454 Et
1375 2410 1437 2453 ait
1469 2407 1607 2453 mihi:
1646 2407 1801 2462 vides,
1837 2406 1997 2467 inquit,
2031 2406 2114 2454 has

147 2479 373 2527 arbores?
411 2478 568 2534 Video,
604 2479 804 2540 iuquam,
840 2477 1038 2534 domine,
1075 2477 1246 2524 similes
1285 2483 1332 2523 et
1366 2474 1518 2523 aridas
1555 2488 1674 2521 esse.
1745 2474 1798 2521 Et
1837 2474 1946 2521 dixit
1979 2473 2114 2522 mihi:

147 2548 234 2595 bae
269 2546 476 2604 arbores,
508 2559 624 2608 quas
659 2546 811 2603 vides,
849 2546 895 2592 lii
932 2553 1064 2601 sunt,
1100 2545 1178 2607 qui
1215 2545 1258 2591 in
1297 2544 1386 2590 hoc
1427 2542 1585 2590 seculo
1625 2549 1776 2604 agunt.
1845 2542 2012 2599 Quare,
2049 2542 2114 2588 in·

149 2630 301 2679 quam,
337 2616 537 2674 domine,
585 2614 709 2663 velut
737 2614 921 2672 aridae,
968 2621 1046 2663 aut
1089 2613 1210 2661 velut
1246 2613 1419 2660 similes
1468 2611 1610 2659 sunt?
1661 2611 1906 2669 Quoniam,
1955 2611 2116 2671 inquit,

146 2698 299 2748 neque
327 2685 468 2742 iusti,
516 2697 668 2746 neque
701 2683 847 2745 iniqui
883 2684 929 2731 in
979 2683 1069 2731 hoc
1102 2682 1260 2731 seculo
1299 2682 1627 2735 dinoscuntur,
1666 2679 1750 2728 sed
1783 2679 1958 2727 similes
1994 2684 2117 2728 suut.

147 2752 245 2802 noe
266 2750 401 2802 'enim
435 2752 640 2802 seculum
675 2753 810 2801 iustis
844 2752 1006 2815 hyems
1043 2758 1128 2807 est,
1165 2764 1251 2799 nec
1292 2750 1593 2798 dinoscuntur
1637 2762 1741 2797 cum
1789 2746 2112 2810 peccatoribus

151 2820 424 2870 habitantes.
492 2820 623 2871 Sicut
654 2820 778 2869 cuim
813 2820 977 2884 hyeme
1012 2820 1202 2868 abiectis
1240 2819 1361 2867 soliis
1398 2817 1591 2866 arbores
1614 2817 1785 2865 similes
1809 2822 1929 2873 sunt,
1966 2826 2116 2875 neque

151 2895 370 2951 appareat
403 2902 521 2950 quae
570 2888 723 2937 aridae
758 2895 808 2936 et
840 2902 958 2950 quae
993 2890 1114 2936 vivae
1151 2895 1282 2934 sunt:
1334 2887 1403 2933 sic
1440 2892 1487 2932 et
1522 2886 1567 2931 in
1621 2885 1710 2931 hoc
1761 2882 1918 2931 seculo
1965 2894 2116 2943 neque

152 2958 285 3019 aequi
322 2970 471 3018 neque
507 2956 651 3020 iniqui
687 2955 1004 3015 dinoscuntur,
1042 2956 1305 3018 similesque
1343 2960 1450 3001 sunt
1486 2966 1663 3001 omnes.

240 3145 341 3187 δί..
370 3143 437 3187 ΙΙΙ.
497 3142 542 3198 Ι)
574 3142 689 3185 Vides
720 3144 848 3197 §aq-te
889 3143 962 3183 bas
992 3143 1106 3183 arbo-
1248 3144 1276 3185 6
1326 3141 1382 3183 na
1414 3153 1449 3181 c.
1481 3138 1577 3189 vat..
1612 3140 1681 3192 qui
1715 3136 1820 3189 vulg.

155 3213 218 3243 m
247 3200 333 3243 Vas.
1248 3197 1272 3238 7
1324 3198 1424 3237 sicut
1453 3196 1582 3247 huense
1615 3195 1774 3234 arbores
1809 3203 1941 3234 omes
1975 3191 2059 3234 Vat.

239 3255 290 3309 2)
316 3256 438 3298 Voce.
464 3255 711 3311 flam-dau
730 3255 836 3295 dieu
865 3255 964 3294 niso·
983 3253 1109 3294 omis·

155 3312 314 3355 stat.
339 3312 429 3355 aab.
450 3311 732 3354 &aalma
744 3310 1105 3364 poi-imaeue..
1243 3305 1292 3360 8)
1325 3318 1488 3359 eamque
1519 3325 1574 3335 —
1603 3306 1757 3355 ratum
1776 3302 1862 3345 l’al.

240 3367 290 3421 ⁸)
318 3367 376 3411 ΕΙ
410 3367 496 3410 Vnt.
530 3366 626 3409 Fab.
655 3369 716 3408 St.
750 3372 792 3407 ot
823 3364 913 3407 cot
951 3365 1106 3406 restitui
1244 3362 1295 3468 3
1326 3364 1518 3412 reficietur
1546 3359 1629 3401 Pan.

159 3427 296 3467 som
349 3452 363 3466 .
387 3424 588 3466 hodu-
620 3421 757 3465 Laaib.
789 3420 888 3463 vett.
1324 3417 1590 3468 metune-um
1619 3427 1659 3469 p.
1693 3414 1883 3467 tutamen
1913 3415 2016 3455 enim
2032 3410 2116 3455 Pal.

240 3479 296 3575 ἂι
526 3477 863 3533 “quum
890 3476 995 3517 oeta
1016 3479 1099 3516 ari·
1247 3473 1295 3526 6)
1326 3486 1373 3513 ac
1404 3473 1439 3512 ιε’
1470 3470 1553 3537 [fal.

159 3538 231 3577 ω
296 3540 352 3576 at.
1251 3529 1297 3579 7)
1324 3541 1509 3581 pauperos
1526 3525 1728 3577 Pal.,de{n
1743 3527 1943 3580 merus!-
1957 3527 2121 3578 afluent·

243 3589 291 3643 ⁸)
315 3589 469 3632 efflas
498 3595 592 3633 Μ
621 3589 715 3631 huic
742 3588 874 3630 seculo
910 3587 994 3627 vat.
1186 3588 1194 3595 ‘
1250 3585 1295 3638 8)
1323 3586 1470 3635 luerint
1502 3581 1586 3624 Pal.
