2340 3900
143 153 242 202 618
866 151 1093 198 lIERMAE
1129 153 1354 200 PASTOR.

140 283 284 339 πόσοι
309 280 597 349 μετενόησαν
620 281 702 334 καὶ
725 280 998 346 ἐσώθησαν.
1043 279 1230 367 Βλέπω,
1268 283 1410 365 φημί,
1435 280 1584 352 κύριε.
1650 283 1758 336 Ἵνα
1774 284 1911 372 ἴδῃς,
1948 286 2085 351 φησί,

142 353 229 420 τὴν
271 352 745 438 πολυευσπλαγχνίαν
788 354 874 402 τοῦ
903 350 1106 435 κυρίου,
1156 347 1231 402 ότι
1265 348 1443 419 μεγάλη
1493 354 1577 405 καὶ
1623 350 1815 440 ἔνδοξός
1861 350 1959 404 ἐστι
2004 353 2086 404 καὶ

141 425 285 475 ἔδωκε
319 426 508 506 πνεῦμα
543 426 643 481 τοῖς
677 418 844 504 ἀξίοις
865 411 975 471 οὖσι
1010 420 1277 483 μετανοίας.
1351 419 1436 472 Εἰ1
1467 415 1603 474 οὗτοι
1626 416 1729 485 οὗν,
1768 423 1911 488 φημί,
1937 418 2085 488 κύριε,

140 489 312 550 πάντες
348 486 407 540 06
444 487 760 555 μετενόησαν,
825 480 919 539 Ὧν
955 482 1065 548 εἶδε,
1102 488 1240 574 φησί,
1277 485 1366 556 τὴν
1399 492 1603 558 καρδίαν
1631 467 1898 576 μέλλουσαν
1931 498 2088 542 καθα·

139 558 253 643 ρὰν
263 558 495 644 γενέσθαι
527 559 609 610 καὶ
645 553 892 608 δουλεύειν
928 552 1059 624 αὐτῷ
1095 556 1143 618 ἐξ
1179 555 1297 644 όλής
1330 560 1556 627 καρδίας,
1592 557 1780 620 τούτοις
1817 559 1966 610 ε’δωκε
1989 556 2087 645 τὴν

139 642 419 695 μετανοιαν
457 647 525 678 ων
561 627 613 678 δὲ
648 622 744 678 εἶδε
779 622 868 692 τὴν
903 606 1156 690 δολιότητα
1191 647 1272 678 και
1307 630 1560 711 πονηρίαν,
1597 626 1861 694 μελλόντων
1897 628 1949 679 ἐν
1972 625 2086 679 ὑπο

141 699 291 764 κρίσει
326 701 586 759 μετανοεῖν,
623 696 825 755 ἐκείνοις
861 691 953 745 οὐκ
989 693 1134 745 εδωκε
1169 690 1454 761 μετάνοιαν,
1491 693 1674 786 μήποτε
1702 695 1848 749 παλιν
1880 694 2086 781 βεβηλώ-

141 782 259 817 σωσι
292 762 346 816 τὸ
383 762 538 831 όνομα
575 762 739 816 αὐτοῦ.
812 761 956 830 Λέγω
992 759 1130 847 αὐτῷ
1162 762 1329 829 Κύριε,
1368 770 1460 817 νῦν
1496 787 1588 818 ουν
1612 787 1694 832 μοι
1719 765 1938 831 δήλωσον
1972 763 2086 826 τοὺς

140 832 224 895 τὰς
260 831 474 901 ῥαβδους
511 830 888 894 έπιδεδωκότας,
939 829 1158 892 ποταπός
1200 853 1272 893 τις
1321 830 1484 886 αὐτῶν
1520 834 1616 890 ἐστὶ
1665 835 1748 887 καὶ
1775 833 1871 919 τὴν
1905 855 2088 895 τουτων

139 904 400 966 κατοικίαν,
439 903 522 956 ἵνα
558 899 846 961 ἀκούσαντες
882 902 932 953 οἷ
963 901 1298 962 πιστεύσαντες
1333 902 1415 954 καὶ
1451 900 1701 987 εἰληφότες
1737 899 1824 968 τὴν
1847 905 2088 988 σφραγῖδα

140 974 223 1024 καὶ
256 968 544 1032 τεθλακότες
579 968 733 1036 αὐτὴν
768 969 852 1022 καὶ
888 968 954 1056 μή
991 967 1280 1053 τηρήσαντες
1314 968 1442 1058 ὑγιῆ,
1483 971 1562 1022 ἐπι
1593 969 1778 1030 νόντες2
1811 992 1870 1022 τα
1906 972 2090 1023 ἑαυτῶν

141 1043 254 1110 ἔργα
289 1039 618 1127 μετανοήσωσι
653 1037 883 1106 λαβόντες
921 1034 1017 1091 υπὸ
1055 1044 1144 1096 σοῦ
1180 1041 1450 1126 σφραγιδα,
1499 1060 1582 1092 και
1618 1037 1854 1101 δοξάσωσι
1888 1037 1974 1092 τὸν
2006 1039 2089 1091 κύ-

141 1131 264 1197 ριον,
299 1108 375 1162 ’ὅτι
407 1106 797 1196 εὐσπλαγχνίσθη
833 1105 914 1160 ἐπ’
955 1104 1135 1168 αὐτοὺς
1169 1128 1252 1159 και
1287 1105 1532 1162 ἀπέστειλέ
1567 1124 1619 1161 σε
1653 1113 1741 1161 τοῦ
1777 1105 2089 1162 ἀνακαινίσαι

139 1201 196 1231 τα
230 1175 476 1264 πνεύματα
512 1176 688 1230 αὐτων.
742 1175 941 1242 ’Ἀκουε,
980 1197 1018 1241 φ
1054 1178 1153 1227 σίν·
1204 1169 1272 1227 ὡν
1310 1176 1366 1227 αἱ
1398 1173 1573 1262 ράρδοι
1612 1177 1761 1262 ξηραὶ
1797 1198 1879 1229 και
1910 1180 2089 1263 βεβρω-

139 1250 277 1315 μέναι
311 1245 408 1300 ὑπὸ
447 1245 611 1314 σητὸς3
645 1243 944 1330 εὑρέθησαν,
992 1247 1129 1298 ουτοί
1178 1246 1300 1296 εἰσιν
1348 1245 1399 1299 οἱ
1441 1243 1705 1300 αποσταται
1740 1244 1821 1297 καὶ
1838 1245 2090 1332 προδόται

138 1324 222 1385 τῆς
257 1318 510 1383 ἐκκλησίας
545 1316 626 1369 καὶ
661 1312 1093 1404 βλασφημήσαντες
1125 1313 1176 1365 ἐν
1211 1319 1316 1374 ταῖς
1340 1310 1595 1400 αμαρτίαις
1618 1314 1780 1370 αὐτῶν
1803 1312 1888 1368 τὸν
1902 1312 2087 1403 κύριον,

139 1388 207 1438 ἔτι
240 1385 293 1437 δὲ
327 1386 410 1438 καὶ
443 1385 841 1471 ἐπαισχυνθέντες
875 1404 927 1435 το
963 1404 1116 1450 ονομα
1161 1384 1335 1451 κυρίου
1372 1379 1425 1435 τὸ
1462 1383 1727 1472 ἐπικληθὲν
1774 1381 1855 1435 ἐπ’
1896 1383 2089 1445 αὐτούς.

146 1449 295 1507 Οὗτοι
331 1447 422 1509 οὖν
457 1456 525 1516 εἰς
561 1455 693 1515 τέλος
728 1451 975 1506 ἀπώλοντο
1011 1457 1077 1522 τῷ
1112 1456 1232 1538 θεῷ.
1307 1452 1506 1514 Βλέπεις
1542 1451 1645 1504 δὲ’
1629 1452 1704 1510 ότι
1750 1450 1864 1504 οὐδὲ
1900 1449 1969 1515 εἷς
2003 1452 2090 1542 663

141 1530 236 1576 τῶν
271 1521 548 1589 μετενόησε,
598 1524 680 1575 καὶ
713 1504 1125 1608 παρακούσαντες*
1159 1518 1218 1572 τὰ
1253 1518 1442 1608 ῥήματα
1476 1518 1508 1577 ἃ
1543 1519 1769 1589 έλαλησεν
1804 1520 1996 1586 αὐτοῖς,
2057 1520 2091 1576 ά

141 1611 216 1645 σοι
254 1591 579 1659 ἐνετειλάμην·
643 1589 740 1643 ἀπὸ
778 1596 874 1641 τῶν
909 1587 1140 1641 τοιούτων
1173 1587 1209 1655 ή
1243 1593 1337 1655 ζωη
1362 1588 1569 1678 ἀπέστη
1642 1590 1707 1643 Οἷ
1740 1590 1793 1643 δὲ
1826 1613 1911 1652 τας
1945 1590 2092 1678 ξηρὰς

141 1663 222 1713 καὶ
259 1660 525 1728 ἀσήπτους5
567 1657 933 1720 ἐπιδεδωκότες,
979 1659 1062 1709 καὶ
1097 1659 1232 1710 οὑτοι
1267 1656 1409 1727 ἐγγὺς
1445 1657 1632 1711 αυτῶν·
1684 1654 1811 1745 ἦσαν
1844 1658 1934 1729 γὰρ
1971 1659 2088 1713 ύπο-

143 1731 302 1798 κριταὶ
335 1732 419 1782 καὶ
455 1727 651 1795 διδαχάς
686 1730 822 1790 ξένας
868 1727 1167 1812 εἰσφέροντες
1215 1728 1295 1778 καὶ
1336 1727 1682 1814 ἐκστρέφοντες
1725 1726 1840 1789 τοὺς
1886 1729 2092 1792 δούλους

142 1801 230 1850 τοῦ
264 1804 405 1863 θεοῦ,
444 1798 646 1863 μάλιστα
683 1797 736 1848 δὲ
770 1793 885 1855 τοὺς
917 1793 1253 1863 ἡμαρτηκότας
1290 1794 1354 1861 μὴ
1389 1794 1609 1860 ἀφιέντες
1632 1803 1878 1884 μετανοεῖν
1900 1796 2092 1862 αὐτούς,

142 1864 263 1918 ἀλλὰ
296 1873 401 1927 ταῖς
412 1869 678 1952 διδαχαῖς
687 1871 792 1925 ταῖς
828 1870 1012 1930 μωραῖς
1047 1865 1305 1924 πείθοντες
1334 1863 1526 1925 αὐτούς.
1594 1859 1743 1916 Οὗτοι
1779 1859 1868 1917 οὖν
1905 1867 2094 1933 ἔχουσιν

142 1937 313 1989 ἐλπίδα
346 1941 434 1987 τοῦ
444 1939 786 2023 μετανοῆσαι
844 1933 1034 1998 βλέπεις
1069 1932 1122 1984 δὲ
1156 1929 1364 1992 πολλοὺς
1411 1933 1459 1995 ἐξ
1509 1931 1671 1993 αὐτῶν
1714 1934 1796 1985 καὶ
1831 1939 2045 2001 μετα[νε-
2047 1937 2093 2022 1⁶

141 2004 412 2092 νοηκότας,
431 2002 524 2070 ἀφ’
562 2006 641 2071 ήςῗ
680 2001 884 2069 ἐλάλησα
920 2000 1084 2061 αὐτοῖς
1119 1999 1206 2062 τὰς
1241 1998 1436 2063 ἐντολάς
1472 2021 1594 2068 μου·
1645 2025 1726 2055 και
1763 2003 1831 2054 ἔτι
1864 2001 2096 2072 μετανοή-

143 2091 324 2128 σουσιν.
384 2073 533 2126 Ὀσοι
569 2073 621 2125 δὲ
658 2071 718 2126 06
736 2070 1150 2159 μετανοήσωσιν,”
1189 2068 1441 2123 ἀπωλεσαν
1475 2069 1565 2138 τὴν
1601 2069 1727 2139 ζωὴν
1764 2071 1947 2127 αὐτῶν·
1984 2073 2092 2128 οσοι

141 2144 194 2196 δὲ
241 2141 531 2230 μετενόησαν
586 2143 634 2204 ἐξ
690 2140 879 2202 αὐτῶν,
934 2137 1118 2208 αγαθοὶ
1164 2140 1414 2208 ἐγένοντο,
1473 2141 1556 2192 καὶ
1592 2141 1773 2228 ἐγένετο
1808 2139 1843 2208 6
1877 2146 2096 2196 κατοικία

143 2212 305 2265 αὐτῶν
340 2214 408 2274 εἰς
442 2210 501 2264 τὰ
535 2213 662 2279 τείχη
697 2208 768 2296 τὰ..
790 2215 984 2295 πρῶτα·
1030 2207 1156 2269 τινὲς
1191 2209 1244 2260 δὲ
1277 2209 1360 2261 καὶ
1397 2210 1466 2276 εἰς
1499 2208 1586 2262 τὸν
1619 2208 1804 2280 πύργον
1837 2210 2094 2296 ανέβησαν.

144 2282 344 2343 Βλέπεις
379 2275 485 2345 οὖν,
521 2283 696 2348 φησίν,
753 2278 828 2331 ’ὅτι
860 2300 894 2344 η
931 2276 1158 2343 μετάνοια
1193 2275 1302 2345 τὴν9
1353 2283 1452 2329 τῶν
1497 2278 1790 2348 ἁμαρτωλῶν
1824 2277 1950 2348 ζωὴν
1986 2283 2093 2350 ἔχει,

144 2350 197 2404 τὸ
235 2351 288 2403 δέ
319 2349 385 2419 μὴ
421 2356 711 2417 μετανοησαι
746 2346 978 2400 θάνατον.

2319 2505 2329 2518 2
2327 2488 2328 2493 .
2305 1775 2340 2478 m·m⁶m.qve,ffl·
2323 1739 2331 1747 ..
2316 1716 2317 1721 Α

284 2483 370 2528 V11.
424 2474 572 2526 “060t
601 2473 652 2524 δὲ
685 2470 950 2559 ήμιξήρους
987 2472 1262 2532 ἐπέδωκαν,
1310 2470 1394 2522 καὶ
1426 2470 1480 2522 ἐν
1516 2469 1689 2533 αυταῖς
1720 2470 1918 2539 σχισμὰς
1951 2470 2095 2540 εἶχον,

146 2564 294 2596 ακουε
328 2543 412 2595 καὶ
445 2543 557 2610 περὶ
590 2542 763 2593 αὐτῶν.
818 2540 988 2592 Ὀσων
1034 2533 1161 2606 ἦσαν
1196 2541 1250 2590 αἱ
1282 2537 1459 2624 ῥἀβδοι
1494 2537 1613 2592 κατὰ
1649 2539 1703 2592 τὸ
1742 2539 1880 2593 αὐτὸι
1929 2540 2098 2627 ήμίξη·

146 2633 237 2702 ροι,
274 2614 476 2678 δίψυχοί
510 2613 654 2663 εἰσιν·
693 2607 801 2661 ούτε
835 2630 939 2691 γαρ
963 2613 1117 2678 ζῶσιν,
1155 2605 1266 2659 ούτε
1292 2606 1599 2674 τεθνήκασιν
1676 2611 1743 2660 Οἱ
1759 2610 1811 2661 δὲ
1831 2607 2098 2678 ήμιξήρους

147 2682 329 2748 ἔχοντες
365 2681 448 2733 καὶ
484 2681 535 2732 ἐν
571 2678 740 2740 αὐταῖς
771 2675 994 2744 σχισμᾶς,
1032 2678 1167 2728 οὗτοι
1201 2697 1283 2727 και
1319 2677 1520 2742 δίψυχοι
1556 2676 1639 2727 καὶ
1673 2676 1931 2730 κατάλαλοί
1962 2679 2096 2743 εἰσι,”

145 2751 227 2802 καὶ
263 2750 384 2816 μηδὲ
419 2746 749 2836 εἰρηνεύοντες
775 2748 828 2798 ἐν
876 2747 1064 2806 ἑαυτοῖς
1104 2742 1222 2796 ἀλλὰ
1266 2746 1654 2810 διχοστατοῦντες
1697 2744 1924 2798 πάντοτε·
1976 2747 2096 2800 ἀλλὰ

147 2820 230 2871 καὶ
265 2817 475 2882 τούτοις,
514 2819 690 2902 φησίν,
728 2817 960 2868 ἐπίκειται
993 2834 1237 2880 μετανοια.
1310 2813 1534 2877 Βλέπεις,
1570 2817 1722 2910 φησί,
1755 2836 1890 2877 τινας
1926 2817 1975 2879 ἐξ
2010 2815 2097 2869 αὗ-

145 2893 243 2939 τῶν
276 2883 704 2954 μετανενοηκότας·
764 2885 848 2936 καὶ
883 2885 966 2947 ε’τι,
1003 2885 1172 2950 φησίν,
1208 2882 1336 2935 ἐστὶν
1372 2883 1423 2934 ἐν
1453 2881 1638 2945 αὐτοῖς3
1676 2884 1807 2945 ἐλπὶς
1828 2888 2093 2951 μετανοίας.

230 3095 422 3146 Cap.V1.
483 3092 524 3144 1)
562 3094 601 3135 iu
634 3105 772 3145 apogr.
803 3099 864 3133 est
893 3091 937 3132 οἱ
966 3079 1094 3137 οὗτοι
1235 3090 1278 3142 6)
1307 3103 1382 3133 νε·
1397 3091 1553 3143 syllaba
1584 3093 1730 3139 omissa
1762 3101 1822 3134 ost
1850 3094 1888 3133 in
1919 3106 2077 3161 apogr.

147 3141 240 3191 οὖν.
287 3150 379 3189 Levi
410 3147 627 3190 mutatione
657 3149 760 3190 faeta
790 3148 1022 3199 scripsimus
1051 3147 1093 3188 εἰ
1233 3146 1278 3194 ’7)
1307 3147 1365 3186 sic
1387 3159 1547 3198 apogr.;
1566 3149 1662 3190 Sim.
1680 3155 1718 3188 et
1742 3149 1916 3189 editores
1939 3147 2016 3203 ἀφ’
2023 3163 2090 3190 ου.

148 3203 275 3245 οὗτοι
305 3197 398 3247 οὖν.
440 3204 534 3244 Sim.
568 3216 655 3244 cum
698 3215 827 3256 eoquo
867 3203 998 3248 editor
1030 3215 1090 3253 pr.
1234 3200 1279 3253 8)
1310 3202 1363 3245 ita
1400 3215 1538 3253 apogr.
1597 3203 1861 3245 Correxerunt
1901 3204 1991 3245 edd.
2030 3217 2091 3255 pr.

152 3261 193 3300 εἰ
221 3260 499 3324 praetermisit.
550 3259 675 3326 Atque
706 3259 771 3299 hic
803 3259 963 3311 quidem
992 3270 1090 3309 pro-
1145 3250 1527 3312 μετανοήσουσιν.

149 3316 282 3365 posuit
310 3313 390 3356 διὰ
424 3317 471 3355 τί
497 3327 572 3365 pro
606 3304 746 3355 οὗτοι.
1232 3312 1276 3364 9)
1307 3325 1444 3363 apogr.
1477 3320 1663 3365 corrupto
1694 3313 1748 3353 οι.

236 3371 282 3421 2)
312 3383 449 3422 apogr.
477 3367 775 3423 ἐπιγνῶντες.

236 3425 281 3478 3)
313 3423 472 3477 σητόςε
504 3436 643 3475 apogr.
676 3422 831 3477 σητὰς.
871 3426 930 3465 Cf.
961 3438 1095 3488 supra.
1237 3424 1332 3474 Cap.
1353 3423 1430 3462 VH
1475 3421 1516 3472 1)
1547 3435 1684 3488 apogr.
1714 3419 1842 3462 καθὰ
1872 3420 1925 3463 τὸ
1949 3420 2093 3464 αὐτὸν

235 3481 281 3530 4)
311 3481 369 3519 sic
398 3492 535 3545 apogr.
578 3481 621 3520 In
662 3480 725 3521 ed.
764 3493 824 3532 pr.
855 3481 1096 3563 proponitur
1152 3478 1224 3519 Ed.
1253 3490 1314 3528 pr.
1341 3475 1503 3528 ([κατὰ
1533 3475 1585 3517 τὸ
1613 3473 1811 3532 ἥμισυ])

151 3535 320 3590 καίπερ
350 3530 505 3576 ἀκούσ.
1233 3533 1279 3584 2)
1312 3532 1424 3571 deest
1452 3532 1615 3583 aliquid.

237 3589 281 3642 5)
308 3601 444 3641 apogr.
472 3585 691 3641 ἀσήπους.
1238 3587 1287 3639 3)
1313 3598 1450 3638 apogr.
1472 3585 1522 3629 ἐν
1549 3585 1743 3634 ἑαυτοῖς.
