2340 3900
333 187 541 242 lunarii
574 185 845 235 81⁵1st
878 186 951 233 Al)
989 187 1539 247 PHILADELPHENSES·
1584 189 1652 238 vl.
1689 188 1778 238 vll.
1813 190 1923 239 vm.
2010 189 2099 242 181

151 332 391 394 quisquam
425 325 625 390 gloriari,
660 323 734 372 vel
770 330 951 372 secreto
987 325 1059 372 vel
1093 327 1254 388 palam,
1291 344 1317 377 a
1351 343 1425 378 me
1458 341 1728 393 quemquam
1752 337 1979 393 gravatum
2002 345 2108 379 esse

148 407 225 447 aut
259 401 306 447 in
339 409 494 460 parvo,
527 400 607 442 aut
638 394 685 441 iu
720 407 899 456 magno.
949 393 1006 441 Et
1037 396 1260 456 omnibus,
1299 400 1356 446 ad
1393 414 1514 462 quos
1536 399 1715 449 locutus
1738 414 1852 460 sum,
1888 393 2014 464 opto,
2048 415 2106 448 ue

152 470 197 516 in
233 464 540 516 testimoninm
575 463 621 510 id
656 462 790 510 cedat
825 470 984 511 contra
1019 464 1162 526 ipsos.

146 579 231 614 nec
265 562 402 612 babet
434 561 698 624 quisquam,
734 560 858 623 quod
894 560 1143 623 glorietur,
1189 551 1261 610 vel
1308 574 1486 613 secreto
1534 567 1606 614 vel
1659 568 1831 630 palam,
1885 582 1957 614 me
2004 583 2106 630 gra-

144 648 272 683 vasse
320 645 621 694 quemquam,
674 629 743 678 vel
789 630 837 678 in
885 644 1024 692 parvo
1072 631 1140 677 vel
1186 633 1231 678 in
1279 647 1457 696 magno.
1529 636 1584 682 Et
1630 651 1789 684 omnes
1838 651 1949 694 oro,
1987 637 2105 686 iuter

155 717 271 768 qnos
304 701 487 749 locutus
522 715 649 758 sum,
683 713 742 748 nc
778 698 891 747 illud
926 700 973 746 in
1010 699 1320 749 testimonium
1355 705 1466 751 mihi
1503 714 1786 754 conservent.

287 826 382 875 vn.
452 826 503 877 S.
540 826 719 890 Spiritu
757 826 1017 889 inpellente
1050 841 1133 875 vos
1167 828 1234 876 ad
1266 829 1490 876 unitatem
1525 829 1802 879 adhortatus
1836 846 1951 880 sum.

273 925 552 988 Quamquam
584 926 705 974 enim
740 923 947 972 nonnulli
983 925 1237 973 secundum
1273 939 1457 973 carnem
1493 940 1565 974 me
1601 928 1814 990 decipere
1851 930 2092 988 voluerint,

136 996 324 1061 spiritus
357 1002 622 1044 tamennon
644 995 887 1057 decipitur,
921 994 1060 1042 aDeo
1098 1002 1241 1042 ortus.
1276 994 1409 1042 Novit
1432 997 1567 1052 enim,
1604 998 1725 1044 unde
1742 1000 1904 1056 veniat,
1941 1008 1988 1048 et
2010 1015 2101 1062 quo

137 1065 281 1123 vadat,
299 1072 348 1114 et
369 1072 551 1113 secreta
564 1065 784 1127 coarguit.
832 1063 1038 1119 Clamavi,
1065 1077 1167 1112 cum
1190 1078 1412 1127 praesens
1437 1078 1603 1123 essem,
1625 1066 1804 1114 locutus
1825 1083 1924 1115 sum
1942 1084 2104 1132 magna

134 1149 275 1185 voce:
309 1134 531 1198 episcopo
559 1133 745 1181 obedite
771 1141 818 1182 et
838 1133 1131 1197 presbyterio
1159 1141 1205 1181 et
1229 1134 1450 1182 diaconis.
1497 1134 1687 1192 Quidam
1709 1143 1858 1183 autem
1884 1139 2103 1201 suspicati

134 1212 268 1263 sunt,
300 1218 402 1265 me,
439 1211 492 1251 ut
524 1204 785 1266 praescium
822 1202 1058 1251 schimatis
1095 1204 1402 1266 quorundum,
1441 1205 1554 1251 haec
1590 1206 1770 1253 dixisse.
1841 1207 1988 1254 Testis
2026 1223 2101 1255 au·

135 1282 226 1324 tem
266 1274 376 1322 mibi
410 1275 449 1321 is
487 1280 585 1331 est,
631 1287 717 1336 pro
757 1286 849 1335 quo
885 1273 1063 1321 vinctus
1101 1288 1229 1331 sum,
1278 1273 1403 1336 quod
1455 1288 1480 1320 a
1518 1288 1654 1322 carne
1702 1275 1896 1322 humana
1932 1277 1977 1324 id
2010 1291 2102 1324 non

135 1344 438 1408 cognoverim.
492 1340 586 1390 Sed
619 1342 820 1405 Spiritus
856 1344 1149 1401 annuntiavit,
1185 1343 1368 1390 dicens:
1407 1342 1506 1390 sine
1540 1345 1759 1406 episcopo
1797 1345 1909 1391 nihil
1946 1345 2096 1399 facite,

134 1419 525 1462 carnemmtram
559 1418 611 1460 ut
629 1411 708 1460 Dei
745 1411 965 1474 templum
1001 1413 1243 1470 custodite,
1277 1413 1493 1460 unionem
1514 1420 1676 1470 amate,
1712 1413 1903 1460 dissidia
1930 1414 2085 1476 sugite,

134 1484 382 1532 imitatores
416 1489 516 1531 este
549 1480 654 1530 Iesu
675 1481 859 1536 Christi,
895 1482 1017 1530 sicut
1052 1489 1099 1531 et
1133 1483 1232 1544 ipse
1267 1482 1410 1545 patris
1448 1483 1535 1529 sui.

269 1602 403 1657 ‘vti
472 1607 748 1671 Quamqmm
796 1609 915 1657 enim
961 1608 1165 1656 nonnulli
1212 1609 1465 1656 secundum
1513 1622 1695 1656 carnem
1747 1622 1819 1656 me
1870 1609 2096 1658 seducere

129 1679 396 1735 voluerunt3
453 1678 539 1725 sed
595 1677 785 1741 spiritus
830 1691 858 1725 a
909 1678 1001 1726 Deo
1059 1678 1297 1741 profectus
1355 1692 1449 1725 non
1512 1678 1754 1740 decipitur.
1827 1678 1923 1726 Scit
1957 1670 2093 1742 ohim,

128 1749 249 1798 unde
284 1748 429 1805 venit,
465 1754 513 1796 et
559 1761 652 1810 qno
702 1747 850 1805 vadit,
901 1755 948 1795 et
980 1756 1161 1796 secreta
1198 1748 1418 1811 coarguit.
1486 1748 1736 1796 Exclamavi
1779 1762 1890 1796 voce
1936 1763 2097 1811 magna

127 1821 248 1867 inm·
280 1831 390 1877 eos,
428 1816 596 1880 quibus
630 1816 881 1880 loquebar:
927 1817 1159 1881 Episcopo
1196 1818 1439 1875 attendite,
1475 1825 1523 1866 et
1554 1817 1879 1879 Presbyterio,
1917 1825 1963 1865 et
1998 1819 2095 1866 Dia·

128 1889 282 1944 eouis3
325 1894 373 1935 at
405 1886 470 1935 illi
505 1886 883 1951 suspicabantur,
916 1902 990 1935 me
1023 1888 1138 1936 haec
1177 1889 1358 1945 dicere,
1397 1889 1528 1950 quasi
1564 1888 1800 1935 dissidium
1854 1888 2093 1935 nonnullo·

127 1973 229 2007 rum
262 1957 601 2020 praesciverim.
668 1956 780 2004 lilii
815 1963 967 2004 autem
1003 1958 1134 2004 testis
1171 1965 1243 2006 est
1278 1957 1369 2014 ille,
1407 1958 1454 2004 in
1491 1971 1582 2018 quo
1618 1958 1796 2003 vinctus
1822 1970 1939 2013 sum,
1968 1957 2093 2018 quod

126 2027 185 2075 ab
221 2040 359 2075 earne
394 2027 590 2074 bumana
623 2039 716 2074 nou
754 2026 1072 2088 cognoverim:
1127 2027 1209 2074 sed
1245 2027 1436 2088 spiritus
1472 2025 1779 2081 annuntiabat,
1821 2027 1888 2072 sic
1911 2026 2092 2073 dicens:

128 2096 229 2145 sine
259 2094 489 2158 Episcopo
524 2094 637 2142 nibil
674 2094 824 2142 facite.
897 2094 1086 2143 Carnem
1121 2102 1319 2143 vestram
1368 2102 1420 2142 ut
1470 2094 1686 2156 templum
1724 2094 1802 2141 Dei
1852 2095 2093 2142 custodite.

127 2163 351 2214 unitatem
387 2163 582 2226 diligite:
619 2162 806 2212 dissidia
843 2163 1007 2226 fugite:
1057 2165 1309 2212 imitatores
1344 2164 1510 2211 Christi
1548 2170 1710 2222 estote,
1749 2164 1870 2211 sicut
1906 2171 1953 2211 et
1988 2164 2087 2226 ipse

131 2234 218 2283 ruit
250 2233 395 2282 Patris
431 2234 519 2282 sui.

352 2356 462 2407 vm.
531 2358 723 2408 studete
755 2359 939 2407 «nitati.
1008 2358 1216 2406 Christus
1251 2359 1352 2406 loco
1389 2360 1767 2406 documentorum
1801 2365 1881 2406 est.

259 2454 355 2518 Ego
390 2455 559 2518 itaque,
594 2453 719 2518 qnod
753 2469 904 2503 nieum
941 2462 1052 2512 erat,
1088 2455 1191 2511 feci,
1227 2462 1279 2503 ut
1313 2455 1450 2502 homo
1487 2454 1545 2501 ad
1581 2454 1797 2502 unionem
1823 2455 2088 2504 destinatus.

124 2522 206 2575 ubi
241 2530 391 2573 autem
425 2524 587 2573 divisio
622 2530 696 2573 est
724 2531 772 2573 et
805 2525 887 2583 ira,
923 2524 986 2572 ibi
1023 2524 1142 2572 Deus
1178 2538 1271 2572 non
1310 2523 1496 2572 habitat.
1547 2524 1766 2572 Omnibus
1803 2525 1942 2587 igitur
1978 2541 2085 2588 poe-

121 2593 371 2644 nitentibus
405 2593 596 2643 remittit
629 2593 774 2650 Deus‚
816 2596 857 2643 si
902 2608 956 2642 se
989 2601 1257 2643 convertant
1307 2594 1365 2642 ad
1399 2594 1615 2641 unionem
1661 2607 1766 2641 cum
1804 2594 1897 2643 Deo
1947 2602 1994 2643 et
2030 2597 2087 2644 ad

122 2665 487 2713 communionem
523 2676 627 2711 cuin
663 2664 899 2728 episcopo.
979 2663 1128 2712 Credo
1166 2665 1338 2727 gratiae
1375 2663 1479 2711 lesu
1518 2662 1710 2721 Christi,
1767 2664 1841 2726 qui
1882 2664 2028 2713 solvet
2059 2682 2085 2714 a

121 2733 252 2782 vobis
287 2746 422 2782 omne
472 2732 717 2782 vinculum.
789 2732 995 2783 Obsecro
1042 2741 1192 2782 autem
1225 2747 1334 2792 voe,
1369 2740 1428 2781 ut·
1456 2733 1567 2781 nihil
1605 2735 1892 2781 contentiose
1929 2737 2086 2797 agatiS,

124 2802 208 2852 sed
240 2804 364 2852 iuxta
397 2802 563 2851 Christi
597 2801 868 2852 doctrinam.
931 2804 1043 2852 Cum
1080 2804 1284 2852 audirem
1322 2802 1545 2866 quosdam
1586 2804 1815 2852 dicentes:
1853 2804 1942 2851 nisi
1965 2805 2084 2852 inve-

121 2884 235 2921 nero
277 2873 327 2920 in
360 2872 559 2935 antiquis
599 2873 843 2931 vaticiniis,
890 2872 1130 2937 Evangelio
1179 2888 1270 2922 non
1320 2873 1485 2931 credo,
1536 2879 1582 2920 et
1617 2873 1798 2921 dicente
1836 2887 1907 2920 me
1942 2874 2086 2936 ipsis:

122 2942 345 3003 seriptum
378 2947 468 2996 est,
500 2941 843 3004 responderunt
858 2942 995 2991 milii:
1030 2943 1120 2991 hoc
1156 2941 1560 2992 demonstrandum
1597 2949 1680 2989 est.
1717 2942 1823 2990 Mihi
1849 2956 1956 2990 vero
1980 2942 2083 2990 loco

123 3010 403 3073 antiquitatis
435 3016 509 3058 est
541 3007 672 3058 lenus
705 3009 930 3071 Chi-istus,
965 3012 1232 3076 incorrupta
1267 3020 1315 3061 et
1348 3013 1532 3074 antiqua
1569 3011 1780 3074 dogmata
1831 3012 1941 3058 mihi
1980 3018 2082 3059 sunt

262 3115 413 3170 ‘vm
487 3118 583 3183 Rgo
617 3121 798 3184 itaque,
834 3121 960 3183 qnod
994 3135 1145 3171 meum
1180 3130 1293 3180 erat,
1337 3123 1454 3182 ieci,
1500 3130 1550 3170 ut
1591 3123 1729 3170 homo
1767 3123 1823 3170 ad
1861 3122 2078 3170 unitatem

183 3190 422 3255 aponius.
466 3187 551 3238 ubi
583 3196 733 3240 antem
770 3190 1009 3239 dissidium
1048 3198 1122 3239 est
1146 3198 1193 3239 et
1227 3193 1308 3250 ira,
1345 3191 1409 3241 ibi
1433 3192 1553 3241 Deus
1580 3206 1671 3239 non
1698 3191 1882 3240 habitat.
1932 3191 2079 3240 Omni·

252 3258 593 3324 poenitentibus
639 3260 829 3310 remittit
861 3260 1007 3319 Deus,
1058 3262 1097 3309 si
1135 3261 1415 3324 poenitentia
1449 3261 1728 3311 reducantur
1764 3260 1821 3308 ad
1864 3261 2080 3309 unitatem

310 3328 370 3377 ad
403 3329 770 3379 communionem
805 3328 1034 3394 Episcopi.
1100 3330 1249 3378 Credo
1287 3332 1457 3393 gratiae
1492 3331 1597 3379 lesu
1634 3331 1826 3388 Christi,
1875 3330 1953 3392 qui
1991 3329 2080 3379 sol-

229 3411 258 3446 a
289 3397 419 3447 vobis
453 3412 587 3448 omne
621 3399 866 3448 vinculum.
937 3399 1141 3449 Obsecro
1176 3406 1327 3449 sutem
1360 3414 1467 3459 vos,
1502 3406 1554 3448 ut
1603 3400 1714 3448 nihil
1764 3412 1847 3462 per
1893 3405 2079 3448 conten-

328 3467 486 3532 agatis,
521 3468 606 3518 sed
641 3470 791 3518 omnis
828 3469 947 3518 iuxta
971 3470 1139 3518 Christi
1174 3469 1473 3532 disciplinam.
1508 3470 1663 3518 Audivi
1701 3469 1820 3516 enim
1858 3468 2079 3531 quosdam

341 3550 357 3583 ε
390 3535 480 3586 nisi
513 3537 562 3587 in
595 3538 806 3598 archivis,
840 3538 933 3588 hoc
966 3546 1051 3599 est,
1090 3542 1133 3587 in
1172 3539 1412 3602 Evangelio
1449 3540 1679 3595 invenero,
1717 3551 1808 3586 non
1833 3537 1997 3598 credo,
2034 3545 2083 3588 et

264 3603 464 3655 dican
497 3605 638 3671 ipsis,
674 3607 800 3672 qnod
835 3609 880 3657 in
917 3610 1158 3673 scripturis
1205 3607 1419 3667 habetur,
1465 3607 1804 3671 responderunt
1849 3607 1987 3667 inihi,
2032 3608 2079 3657 id

233 3673 337 3723 ibus
382 3679 587 3739 patero.-
624 3677 732 3727 nihi
780 3685 930 3728 autem
979 3693 1063 3743 pro
1115 3678 1310 3727 archivis
1361 3685 1433 3726 est
1468 3677 1597 3726 lesus
1633 3677 1861 3726 Christus:
1910 3675 2079 3728 illibata

122 3204 212 3446 3332

125 3335 296 3515 ξ,

125 3535 330 3723 ³²}
