2340 3900
85 161 185 210 410
387 151 389 153 ’
467 164 691 211 HERMAE
729 165 961 214 PASTOR.
1031 168 1192 216 LIBER
1227 170 1258 216 1.
1331 169 1478 218 vislo
1516 172 1548 218 1.
1588 167 1660 229 (A)

84 306 272 362 peccata
309 307 382 346 tua
420 315 604 361 arguam
642 303 762 362 apud
797 298 1105 352 Dominum.‘¹³
1174 305 1422 365 ‚Domina,‘
1469 309 1679 369 inquam,
1729 321 1853 364 ,num
1889 312 1939 354 tu
1971 322 2044 355 me

87 382 248 428 argues
263 365 302 412 2‘
372 366 522 426 ,Non‚‘
555 370 716 430 inquit.
790 372 893 428 ,Sed
933 374 1039 420 audi
1074 375 1225 433 verba,
1265 391 1380 437 quae
1416 377 1498 423 tibi
1522 377 1694 423 dictura
1719 390 1837 424 sum.
1909 377 2043 433 Deus,

87 438 163 499 qui
198 437 241 481 in
280 438 417 485 caelis
456 438 638 495 habitat,
677 447 722 486 et
747 442 952 488 condidit
986 458 1042 489 ex
1076 444 1220 490 nihilo
1259 460 1311 492 ea
1366 461 1479 506 quae
1519 452 1637 502 sunt,
1666 452 1710 491 et
1737 443 2047 505 multiplicavit

83 511 275 568 propter
312 513 513 553 sanctam
553 508 796 555 ecclesiam
833 525 974 567 suam,
1009 513 1222 559 irascitur
1258 515 1355 570 tibi,
1393 515 1609 575 quoniam
1631 514 1834 575 peccasti
1870 514 1917 559 in
1940 512 2045 560 me.‘

82 577 381 637 Respondens
420 576 521 623 dico
561 579 628 624 ei:
663 579 875 637 ,domina,
914 581 952 626 si
990 581 1034 627 in
1071 587 1114 627 te
1141 596 1225 643 ego
1251 584 1449 643 peccavi,
1474 583 1565 639 ubi,
1604 590 1680 628 aut
1702 597 1792 642 quo
1816 583 1863 628 in
1886 575 2044 639 loco,¹⁴

83 651 158 692 aut
220 646 398 704 quando
452 645 536 692 tibi
597 654 727 709 turpe
787 644 1012 696 verbum¹⁵
1070 651 1252 697 locutus
1305 652 1437 698 sum?
1545 652 1703 697 Nonne
1767 665 1951 712 semper
1995 657 2043 698 te

83 713 212 775 quasi
250 708 517 761 dominam¹⁶
554 717 801 765 arbitratus
841 719 977 765 sum?
1049 720 1210 766 Nonne
1250 735 1435 781 semper
1473 727 1515 766 te
1551 713 1763 766 veritus¹⁷
1811 719 1933 766 velut
1967 734 2040 767 so-

82 784 266 830 rorem?
338 784 455 840 Quid
491 786 536 831 in
574 780 684 832 me¹⁸
722 789 1033 835 commentiris
1071 790 1184 835 haec
1220 795 1311 835 tam
1335 789 1528 835 nefanda
1545 787 1582 833 2‘
1658 789 1783 834 Tunc
1819 788 1895 834 illa
1929 789 2040 835 arri-

84 853 196 899 dens
233 853 344 899 mihi
381 855 471 900 ait:
519 856 582 912 ,in
631 856 772 903 corde
818 863 896 904 tuo
948 858 1156 904 ascendit
1205 858 1578 919 concupiscentia
1620 857 1866 917 nequitiae.
1934 851 2042 904 An¹⁹

81 936 174 968 non
209 922 390 969 videtur
426 923 531 981 tibi,
581 925 677 971 viro
715 927 835 972 iusto
873 941 970 973 rem
1003 928 1204 987 iniquam
1243 941 1373 983 esse,
1422 928 1461 972 si
1509 927 1770 973 ascenderit
1815 927 1863 972 in
1899 927 2041 974 corde

82 991 196 1037 mala
234 994 636 1053 concupiscentia?
686 995 928 1042 Peccatum
966 1003 1035 1042 est
1072 997 1129 1052 ei,
1169 1002 1215 1042 et
1252 997 1435 1056 quidem
1473 997 1659 1057 grande.
1692 1015 1702 1023 ·
1730 996 1881 1042 Iustus
1918 995 2042 1042 enim

80 1061 147 1106 vir
182 1054 344 1107 iusta²⁰
382 1064 566 1124 cogitat.
642 1065 875 1125 Cogitante
930 1080 1041 1126 ergo
1078 1065 1155 1110 illo
1218 1079 1335 1124 quae
1382 1066 1499 1111 iusta
1551 1071 1681 1121 sunt,
1730 1071 1778 1111 et
1821 1069 1950 1112 recte
1985 1079 2041 1111 eo

81 1130 318 1176 incedente
335 1123 388 1188 ,²¹
434 1132 481 1178 in
521 1132 658 1179 caelis
695 1134 943 1195 propitium
982 1133 1169 1180 habebit
1201 1133 1439 1180 Dominum
1478 1134 1523 1179 in
1561 1130 1682 1180 omni
1718 1131 1904 1196 negotio
1938 1146 2043 1182 suo.

81 1199 163 1256 Qui
200 1205 348 1246 autem
387 1201 581 1247 nefanda
619 1204 820 1263 cogitant
866 1203 910 1248 in
960 1202 1175 1249 cordibus
1226 1201 1348 1259 suis,
1399 1208 1594 1249 mortem
1644 1210 1690 1250 et
1740 1202 2042 1264 captivitatem

80 1261 212 1315 sihi²²
250 1277 509 1331 assumunt3
547 1272 736 1318 maxime
773 1265 863 1328 ii,²³
902 1273 980 1332 qui
1017 1270 1221 1318 seculum
1258 1270 1347 1318 hoc
1386 1271 1592 1332 diligunt,
1627 1277 1674 1319 et
1706 1265 1960 1334 gloriantur
1993 1270 2043 1320 in

81 1337 243 1384 divitiis
282 1339 394 1396 suiS,
428 1347 474 1386 et
511 1340 588 1400 qui
623 1355 714 1387 non
751 1347 1017 1402 exspectant
1040 1340 1193 1386 futura
1219 1340 1362 1387 bona:
1398 1347 1647 1388 vacuantur
1670 1341 1843 1388 animae
1863 1351 2041 1390 eorum.

80 1406 202 1454 Haec
239 1414 387 1454 autem
424 1409 599 1455 faciunt
636 1410 785 1467 dubii,
824 1412 903 1470 qui
936 1423 1029 1455 non
1065 1408 1238 1455 habent
1282 1423 1412 1470 spem
1451 1410 1496 1455 in
1532 1409 1747 1467 Domino,
1793 1416 1839 1457 et
1885 1417 2039 1458 conte-

80 1484 239 1523 mnunt
274 1483 319 1523 et
353 1477 592 1538 negligunt
626 1479 760 1524 vitam
798 1470 988 1526 suam.²⁴
1060 1477 1149 1523 Sed
1184 1484 1233 1523 tu
1271 1492 1351 1524 ora
1397 1478 1455 1524 ad
1489 1477 1744 1536 Dominum,
1782 1485 1828 1526 et
1861 1478 2041 1526 sanabit

78 1552 266 1605 peccata
299 1552 390 1603 tua,
426 1547 660 1607 totiusque
698 1547 858 1593 domus
893 1553 1011 1603 tuae,
1048 1552 1094 1593 et
1130 1546 1332 1593 omnium
1369 1546 1662 1593 sanctorum.‘

573 1644 600 1671 0

218 1694 286 1757 (Α)
315 1698 368 1743 11.
422 1700 669 1759 Postquam
694 1706 841 1746 autem
864 1698 1019 1745 locuta
1054 1693 1140 1746 est¹
1176 1699 1313 1745 verba
1349 1699 1476 1755 haec,
1513 1699 1655 1746 clausi
1678 1705 1785 1747 sunt
1806 1700 1932 1748 caeli.
1988 1700 2044 1747 Et

81 1783 166 1831 ego
202 1775 323 1815 totus
362 1781 488 1813 eram
524 1768 569 1813 in
605 1761 838 1816 maerore2
876 1774 922 1814 et
955 1774 1094 1824 metu,
1133 1775 1179 1814 et
1216 1767 1421 1814 dicebam
1457 1768 1575 1814 intra
1602 1783 1698 1814 me:
1735 1770 1792 1824 ‚si
1814 1770 1905 1816 hoc
1931 1769 2045 1816 mihi

79 1842 315 1900 peccatum
351 1836 640 1893 adscribitur,
679 1852 770 1897 quo
807 1836 945 1882 modo
982 1843 1146 1896 potero
1183 1837 1330 1882 salvus
1365 1851 1486 1891 esse,
1524 1843 1602 1882 aut
1636 1849 1729 1896 quo
1767 1837 1906 1884 modo
1942 1850 2043 1884 exo-

80 1907 190 1953 rabo
217 1905 453 1951 Dominum
478 1919 562 1966 pro
588 1906 789 1967 peccatis
817 1906 930 1950 meis
954 1904 1393 1950 abundantissimis?
1467 1898 1658 1960 Quibus³
1694 1905 1847 1952 verbis
1869 1906 2044 1966 rogabo

81 1975 348 2030 Dominum,
386 1980 438 2020 ut
472 1975 582 2020 mihi
619 1975 846 2036 propitius
886 1971 993 2019 sitZ‘
1066 1972 1190 2019 Haec
1227 1987 1298 2020 me
1335 1973 1618 2033 recogitante
1667 1980 1715 2020 et
1749 1973 2043 2022 discernente

80 2046 124 2092 in
165 2043 305 2090 corde
341 2057 468 2100 meo,
507 2044 637 2091 video
675 2050 835 2091 contra
874 2057 945 2089 me
981 2036 1262 2088 cathedram⁴
1299 2042 1354 2088 de
1391 2042 1506 2088 lanis
1544 2042 1763 2098 candidis,
1801 2043 1921 2090 siout
1955 2043 2044 2100 nix,

79 2115 241 2161 factam
277 2127 498 2174 magnam.
571 2113 625 2160 Et
658 2114 782 2160 venit
816 2112 978 2158 mulier
1018 2126 1132 2158 anus
1169 2112 1214 2158 in
1242 2117 1366 2157 veste
1393 2107 1647 2172 splendida,
1674 2111 1850 2159 babens
1874 2110 2045 2159 librum

81 2186 126 2231 in
163 2196 325 2239 manu3
362 2189 408 2229 et
443 2182 562 2229 sedit
597 2176 731 2239 sola‚⁵
769 2187 814 2228 et
848 2182 1054 2227 salutavit
1090 2195 1186 2227 me:
1225 2180 1420 2237 ‚Herma,
1457 2179 1568 2226 ave.‘
1638 2181 1693 2226 Et
1727 2194 1816 2241 ego
1840 2187 2041 2228 maestus

81 2259 127 2300 et
173 2252 359 2313 plorans
397 2252 513 2298 dixi:
562 2252 786 2309 ,domina,
837 2248 945 2296 ave.‘
1017 2250 1071 2295 Et
1117 2249 1194 2296 illa
1244 2250 1354 2296 (lixit
1388 2249 1522 2295 mihi:
1575 2249 1700 2310 ,quid
1737 2252 1938 2296 maestus
1970 2259 2040 2307 es,

80 2321 272 2377 Herma,
326 2321 403 2381 qui
454 2332 554 2367 eras
590 2322 766 2382 patiens
816 2325 861 2365 ct
895 2319 1131 2365 modestus
1169 2326 1215 2366 et
1250 2332 1432 2380 semper
1468 2315 1672 2365 hilaris2‘
1741 2314 2045 2380 Respondens

83 2391 184 2436 dico
221 2391 288 2435 eit
324 2388 534 2447 ,domina,
574 2389 849 2442 contumelia
886 2381 1016 2434 mihi⁶
1040 2388 1221 2434 obiecta
1256 2396 1326 2434 est
1350 2403 1376 2434 a
1410 2386 1599 2434 muliere
1624 2387 1809 2448 optima,
1846 2387 2042 2445 dicente,

84 2452 227 2519 quod⁷
263 2459 447 2518 peccavi
488 2459 531 2503 in
568 2456 693 2505 eam.‘
766 2451 850 2503 Ac⁸
885 2457 958 2503 illa
996 2457 1107 2503 dixit
1140 2457 1274 2502 mihi:
1314 2456 1452 2513 ,absit
1493 2471 1518 2501 a
1555 2468 1687 2503 servo
1712 2455 1795 2503 Dei
1830 2469 1906 2504 res
1942 2456 2042 2503 ista.

84 2528 175 2574 Sed
210 2526 331 2572 forte
367 2527 413 2571 in
452 2527 591 2573 corde
626 2533 704 2573 tuo
754 2525 958 2572 ascendit
991 2525 1110 2571 illius
1159 2518 1566 2586 concupiscentia.9
1635 2525 1716 2571 Est
1763 2524 1948 2585 quidem
1997 2525 2043 2571 in

83 2596 226 2643 servis
255 2592 335 2642 Dei
370 2595 472 2640 talis
500 2595 712 2656 cogitatio
732 2600 971 2656 peccatum
996 2593 1216 2639 inferens.
1268 2593 1369 2638 Non
1395 2594 1513 2639 enim
1538 2593 1675 2640 debet
1691 2592 1806 2640 haec
1830 2592 2044 2654 cogitatio

85 2664 374 2712 abhorrenda
407 2677 509 2711 csse
531 2665 578 2711 in
608 2678 741 2711 servo
765 2663 857 2720 Dei,
877 2676 1024 2723 neque
1058 2661 1244 2722 spiritus
1274 2661 1494 2724 probatus
1517 2662 1851 2724 concupiscere
1874 2662 2046 2711 malum

171 2909 241 2962 13)
273 2924 298 2950 α
327 2909 483 2950 domino
508 2920 548 2960 p.
574 2907 914 2964 apud-Dominum
932 2907 1031 2954 Vat.‚
1090 2905 1210 2946 binde
1239 2905 1386 2946 mutavi
1416 2908 1720 2948 comminisceris
1748 2906 1791 2947 in
1814 2909 2044 2949 commemi-

87 2967 153 3021 qui
183 2966 316 3019 pergit
346 2965 508 3006 domina
534 2976 604 3004 nec
635 2969 676 3004 lu
691 2976 750 3003 me
773 2964 919 3014 arquis.
949 2961 1032 3002 Non
1089 2963 1159 3002 ris.
1198 2962 1298 3006 Quid
1329 2963 1447 3003 michi
1477 2965 1747 3005 commentaris
1783 2963 1880 3004 Fal».
1916 2964 1974 3005 st.

86 3025 213 3076 inquit
242 3024 311 3062 sed
342 3022 476 3062 audivi
513 3022 630 3060 verba
668 3032 739 3071 que
782 3020 854 3059 tibi
883 3019 1030 3069 incipio
1177 3017 1247 3069 19)
1281 3018 1353 3058 Aut
1382 3031 1422 3070 p.
1453 3019 1511 3060 An
1539 3020 1644 3069 Vat.‚
1677 3026 1769 3060 mox
1798 3025 1931 3061 sevam
1962 3032 2045 3061 ren

88 3082 236 3121 elicere·
269 3079 450 3118 domin-us
481 3078 548 3129 qui
579 3077 622 3115 in
650 3076 762 3118 celis,
811 3075 1032 3115 Laudatum
1091 3087 1177 3114 esse
1210 3075 1246 3114 si
1278 3076 1452 3115 ascendit
1485 3078 1527 3117 in
1557 3077 1668 3117 corde
1690 3076 1804 3116 illius
1820 3077 1928 3117 mola
1942 3088 2045 3118 con·-

86 3137 191 3176 hunc
221 3135 355 3175 locum
384 3133 576 3173 habemus
611 3132 718 3183 apud
740 3130 847 3181 Orig.
866 3130 978 3170 Tom.
1003 3130 1031 3169 Ι.
1092 3132 1335 3182 cupiscentia
1360 3138 1563 3182 peccatum
1598 3134 1634 3172 ei
1662 3132 1818 3185 quidem
1845 3138 2040 3184 magnum»

90 3197 300 3232 comment.
338 3189 377 3229 in
418 3189 556 3229 Ioann.
584 3188 624 3237 l,
660 3188 694 3227 1.
726 3187 770 3227 T.
800 3187 828 3226 1.
860 3187 902 3226 Ρ.
933 3186 961 3225 Ι.
992 3198 1031 3237 p.
1175 3187 1249 3238 20)
1280 3188 1381 3227 iuste
1415 3188 1499 3228 Vat.

87 3248 154 3288 37.
186 3247 248 3287 ed.
278 3244 548 3287 Lommatzch.
586 3243 670 3283 cfr.
699 3243 803 3283 infra
834 3242 963 3282 Mand.
998 3242 1031 3282 1.
1174 3238 1248 3292 21)
1278 3243 1516 3293 inyrediente
1541 3245 1609 3284 illo
1624 3255 1666 3295 p.
1680 3254 1724 3283 eo
1739 3242 1938 3283 incedente
1957 3242 2043 3282 van.

176 3303 247 3352 14)
279 3308 315 3342 et
343 3302 412 3342 ubi
443 3305 510 3340 aut
538 3301 581 3340 in
610 3312 683 3352 quo
711 3301 791 3340 loco
823 3299 907 3338 Vat.
1138 3349 1144 3352 Π
1178 3297 1250 3347 22)
1285 3299 1361 3338 sibi
1419 3299 1576 3340 adiunxi
1630 3310 1677 3338 ex
1727 3297 1812 3337 Pal.
1868 3297 1956 3338 Vnt.
1998 3303 2045 3338 ot

177 3358 248 3405 15)
289 3358 391 3408 Vuly.
422 3369 539 3408 pron.
574 3356 734 3408 aliquod
761 3360 855 3406 post
879 3355 1034 3395 verbum
1093 3353 1189 3393 Fab.
1222 3354 1280 3394 St.

92 3413 241 3455 exclusi
272 3427 305 3453 c.
335 3413 419 3453 Pal.
447 3413 532 3451 Vat.
1176 3409 1248 3459 23)
1280 3410 1320 3449 hi
1350 3410 1456 3460 Vat.‚
1488 3410 1554 3462 qui
1583 3408 1730 3462 repetit
1757 3414 1853 3461 post
1884 3410 2041 3450 dio-'liis

177 3469 246 3520 16)
279 3482 322 3509 ωε
352 3470 390 3509 si
419 3469 530 3508 deam
543 3479 583 3519 p.
598 3468 714 3519 quasi
730 3467 928 3507 dominam
947 3466 1031 3506 Vat.
1090 3466 1174 3504 suis
1214 3477 1325 3505 voce.
1364 3471 1523 3508 mortem
1562 3470 1601 3506 et
1637 3466 1921 3517 captivitatem
1961 3466 2042 3506 sibi

177 3525 247 3575 17)
276 3526 422 3565 veritus
459 3523 579 3576 (Fab.
611 3523 722 3575 Stap.
750 3524 896 3563 veritus
929 3521 1031 3574 sum)
1090 3525 1310 3560 assumunt.

95 3594 138 3632 p.
167 3583 351 3622 reveritus
383 3592 468 3620 sum
501 3591 548 3620 ex
581 3579 666 3619 Vat.
1172 3575 1247 3623 24)
1278 3579 1316 3614 et
1369 3581 1641 3629 contempnunt
1685 3577 1890 3629 neqliynmt
1929 3577 2041 3644 giam

182 3634 252 3688 18)
283 3637 360 3676 mei
387 3648 428 3688 p.
458 3637 502 3675 in
529 3647 588 3676 me
603 3635 702 3687 Vat.‚
732 3646 822 3676 cum
853 3645 932 3687 quo
963 3644 1033 3672 su·
1093 3643 1205 3671 suam
1232 3629 1315 3671 Vat.
1916 3668 1918 3670 ,
