2340 3900
240 173 339 223 240
551 175 763 223 IGNATII
799 174 1075 222 EPISTOIA
1111 175 1181 221 AD
1220 176 1574 226 TRALLIANOS.
1624 179 1714 225 XII.
1750 179 1861 225 XIII.

237 327 286 358 τε
319 327 399 357 και
444 302 690 371 πνεύματι.
766 309 1054 390 Παρακαλεῖ
1092 304 1219 373 ὑμᾶς
1269 304 1327 359 τὰ
1372 308 1524 375 δεσμά
1572 330 1695 377 μου,
1744 307 1774 360 ἃ
1827 308 1987 360 ἕνεκεν
2024 305 2187 374 Ἰησοῦ

244 380 454 464 Χριστοῦ
488 373 743 461 περιφέρω,
779 372 1058 441 αἰτούμενος
1100 378 1226 429 Θεοῦ
1280 377 1528 445 ἐπιτυχεῖν
1601 378 1879 464 Διαμένετε
1896 378 1948 429 ἐν
1979 382 2038 447 τῇ
2075 375 2185 464 ὁμο·

239 447 346 495 νοία
381 449 438 514 τῇ
474 441 598 507 πρὸς
631 441 865 509 ἀλλήλους
899 445 981 496 καὶ
1010 450 1071 516 τῇ
1115 452 1369 519 προσευχῆ.
1442 448 1627 534 Πρέπει
1661 447 1752 533 γὰρ
1787 444 1902 512 υμῖν
1935 452 2038 507 τοῖς
2069 444 2184 498 καθ’

238 513 337 574 ἓνα,
377 497 622 599 ἐξαιρέτως
667 514 744 564 καὶ
779 519 880 574 τοῖς
925 517 1292 604 πρεσβυτέροις,
1337 515 1603 583 ἀναψύχειν
1648 515 1731 568 τὸν
1777 516 2067 579 ἐπίσκοπον,
2121 518 2190 577 εἰς

238 579 381 647 τιμὴν
433 580 669 667 Πατρὸς,2
716 583 798 633 καὶ
853 583 919 644 εἰς
959 582 1109 671 τιμὴν
1149 583 1311 653 Ἰησοῦ
1361 591 1574 653 Χριστοῦ
1619 586 1701 636 καὶ
1744 591 1840 636 τῶν
1893 582 2187 637 ἀποστόλων.

240 649 462 718 Εῦχομαι
498 649 623 718 υμᾶς
660 652 711 702 ἐν
743 649 910 740 ἀγάπῃ
947 650 1154 706 ἀκοῦσαί
1188 675 1311 721 μου,
1346 657 1427 707 ἵνα
1463 654 1528 722 μὴ
1567 656 1634 715 εἰς
1681 652 1944 741 μαρτύριον
1995 676 2033 706 ω
2069 652 2188 740 υμῖν

236 720 444 790 γράψας.
519 721 618 772 Καὶ
651 721 759 788 περὶ
797 705 914 788 ἐμοῦ
951 722 1002 775 δὲ
1036 722 1376 811 προσεύχεσθε,
1416 731 1500 791 τῆς
1537 722 1616 787 ἀφ’
1669 721 1807 789 ὑμῶν
1852 721 2041 792 ἀγάπης
2063 721 2188 807 χρῄ-

240 791 420 852 ζοντος3
458 792 510 842 ἐν
545 796 611 862 τῷ
650 790 765 842 ἐλέει
797 797 883 843 τοῦ
924 794 1074 858 Θεοῦ,
1121 796 1189 855 εἰς
1236 792 1288 845 τὸ
1337 795 1700 859 καταξιωθηναί
1746 813 1803 859 με
1847 799 1934 845 τοῦ
1987 791 2185 863 κλήρου,

239 862 299 911 οὐ
337 844 624 929 περίκειμαι,
663 860 910 928 ἐπιτυχεῖν,
947 863 1029 914 ι’να
1064 860 1128 931 μὴ
1169 860 1400 931 ἀδόκιμος
1437 861 1638 931 ευρεθῶ.

375 992 487 1038 XIII.
516 983 800 1048 Ἀσπάζεται
823 983 952 1052 υμᾶς
973 984 1008 1053 ἦ
1029 984 1190 1056 ἀγάπη
1212 990 1521 1075 Σμυρναίων1
1553 988 1635 1040 καὶ
1650 985 1906 1050 Ἐφεσίων.
1981 990 2190 1054 Μνημο-

238 1051 394 1106 νεύετε
429 1052 589 1121 ’ἡμῶν2
626 1061 712 1122 τῆς
747 1056 798 1108 ἐν
835 1058 995 1142 Συρία
1030 1057 1291 1123 ἐκκλησίας,
1331 1057 1450 1109 ὅθεν
1490 1079 1581 1109 ουκ
1617 1055 1752 1118 άξιός
1805 1058 1901 1122 εἰμι
1940 1056 2186 1143 λέγεσθαι,

239 1122 307 1175 ὠν
345 1124 536 1190 ε’σχατος
570 1130 666 1177 τῶν
705 1125 812 1177 ἐκεῖ.
870 1108 1135 1193 ’Έῤῥωσθε
1171 1127 1223 1178 ἐν
1256 1129 1424 1197 Κυρίῳ
1452 1124 1614 1193 Ἰησοῦ
1667 1131 1884 1216 Χριστῷ,
1922 1122 2186 1179 υποτασσό-

237 1214 372 1260 μενοι
406 1199 473 1264 τῷ
510 1192 790 1266 ἐπισκόπω,3
816 1192 994 1261 ὁμοίως
1029 1197 1110 1248 καὶ
1148 1203 1249 1257 τοῖς
1275 1181 1630 1284 πρεσβυτέροις4
1663 1197 1744 1247 καὶ
1779 1202 1881 1256 τοῖς
1916 1193 2187 1257 διακόνοις·

237 1264 333 1359 καὶὸ
355 1264 405 1315 οἷ
438 1261 560 1315 κατὰ
569 1249 760 1350 ἀνδρα,
799 1262 1034 1331 ἀλλήλους
1064 1263 1296 1352 ἀγαπᾶτε
1345 1266 1396 1318 ἐν
1445 1264 1676 1333 ἀμερίστῳ
1713 1267 1898 1352 καρδίᾳ.
1961 1262 2188 1328 Ἀσπάζε-

236 1333 333 1383 ται5
368 1330 497 1419 ὑμᾶς
531 1330 584 1385 τό
619 1334 741 1421 ἐμὸν
781 1340 986 1401 πνεῦμα,
1023 1333 1082 1386 οὗ
1118 1333 1268 1400 μόνον
1315 1341 1422 1399 νῦν,
1460 1334 1576 1387 ἀλλὰ
1610 1335 1691 1386 καὶ
1742 1334 1860 1387 ὅταν
1909 1337 2038 1387 Θεοῦ
2086 1335 2187 1388 ἐπι-

235 1401 373 1469 τύχω.
433 1400 544 1454 ’Έτι
577 1400 667 1473 γὰρ
717 1404 1044 1465 ἐπικίνδυνος·6
1083 1407 1201 1472 εἰμί·
1239 1403 1357 1456 ἀλλὰ
1392 1403 1580 1476 πιστὸς
1595 1402 1622 1458 ἆ
1657 1403 1834 1491 Πατὴρ
1862 1401 2025 1491 Ἰησοῦ
2068 1410 2187 1472 Χρι-

235 1477 350 1524 στοῦ
386 1475 636 1559 πληρῶσαί
669 1494 762 1541 μου
797 1495 886 1540 την
923 1476 1112 1542 αἴτησιν
1147 1475 1229 1527 καὶ
1264 1472 1414 1542 ὑμῶν,
1453 1476 1504 1528 ἐν
1541 1476 1578 1547 ᾠ
1617 1472 1947 1543 ευρεθείημεν”
1982 1471 2186 1543 άμωμοι.

230 1539 490 1610 Ὀναίμηνὸ
526 1540 662 1610 υμῶν
697 1544 750 1596 ἐν
787 1545 972 1616 Κυρίω.

321 1741 364 1792 2)
395 1741 505 1792 Vulg.
539 1742 620 1782 τοῦ
660 1747 750 1781 ante
783 1738 962 1794 πατρὸς
1000 1739 1114 1780 omisi
1147 1753 1180 1779 e.
1324 1738 1367 1790 5)
1399 1736 1427 1780 ἀ
1430 1740 1635 1794 γνίζεται
1665 1741 1767 1781 Med.

239 1798 267 1837 B
288 1798 316 1837 F
341 1797 428 1837 OV.
1326 1796 1369 1845 6)
1400 1753 1703 1839 ἐπικινδυνὸν
1734 1797 1763 1836 F
1785 1792 1997 1846 OV,2‘271‹·>
2027 1794 2187 1839 κινδυ-

322 1853 366 1905 3)
392 1852 634 1910 χρίζοντος
664 1852 694 1891 Ο
716 1852 758 1902 V,
791 1851 876 1891 illic
904 1846 931 1903 ή
961 1863 1095 1902 supra.
1238 1847 1322 1893 νὸν
1351 1851 1453 1890 Med.

1322 1907 1366 1954 7)
1399 1903 1477 1960 εὑρ
1482 1909 1610 1960 εθείη
1615 1920 1664 1949 τε
1698 1908 1799 1948 Med.

319 1963 414 2015 Cap
441 1963 541 2002 XIII.
605 1962 645 2015 1)
680 1961 922 2019 σμυρνέων
952 1962 981 2001 F
1009 1961 1039 2001 O
1058 1962 1100 2000 V.
1328 1961 1370 2012 8)
1401 1921 1610 2018 ὁνεῇιιεινη
1611 1963 1711 2016 [sic]
1745 1963 1837 2016 OV,
1872 1961 2074 2019 ὀναίμην
2101 1963 2186 2003 illic

320 2020 365 2072 2]
399 2017 425 2061 ἱ
427 2021 533 2076 μῶν
562 2018 651 2069 OV,
683 2017 734 2062 ἐν
765 2021 868 2065 ταῖς
900 2018 1183 2076 προσευχαῖς
1240 2017 1290 2056 ad
1324 2030 1446 2057 oram.

235 2073 370 2133 υμῶν
400 2033 501 2116 M‘ued.
1322 2074 1365 2113 In
1395 2074 1425 2113 V
1454 2074 1719 2114 subscribitur
1759 2074 1839 2115 τοῦ
1886 2070 2033 2142 ἁγίου
2052 2073 2186 2128 ῗγνα-

324 2132 368 2184 3)
401 2129 463 2177 ὡς
495 2133 550 2188 τῇ
580 2129 740 2188 ἐντολῇ
775 2131 867 2171 add.
901 2130 1002 2171 Med.
1241 2130 1342 2169 τίου
1370 2126 1703 2186 ἱερομάρτυρος
1732 2127 1953 2184 ἐπιστολὴ
1983 2125 2033 2184 β’
2065 2129 2186 2187 πρὸς

320 2188 366 2242 4)
401 2189 466 2243 τῷ
498 2189 815 2247 πρεσβυτερίῳ
846 2187 947 2228 Med.
1240 2185 1554 2243 τραλλησίους.
