2340 3900
230 213 326 264 172
548 215 752 263 IGNATII
789 213 1060 262 EPISTOLA
1096 214 1164 262 AD
1201 214 1476 265 ROMANOS.
1522 217 1632 266 VIII.
1668 218 1738 266 IX.
1774 218 1826 266 X.

917 352 1031 400 VIII.
1099 354 1314 403 Faveatis
1350 357 1474 405 mihi.

369 442 558 495 Οὐκέτιι
593 440 724 494 θέλω
759 462 883 499 κατα
917 440 1214 513 ἀνθρώπους
1246 446 1369 513 ζῆν.2
1443 453 1596 499 Τοῦτο
1634 445 1685 498 66
1717 446 1871 510 ε’σται,
1908 440 1993 496 ε’ὰν
2028 440 2165 510 ὑμεῖς

226 513 497 580 θελησητε.3
567 507 892 598 Θελήσατε,“
869 533 950 564 ινα
983 514 1066 566 καὶ
1099 514 1235 581 ὑμεῖς
1268 522 1527 603 θεληθῆτε.
1604 513 1686 567 Δι’
1730 513 1905 600 ὀλίγων
1951 511 2166 581 γραμμά-

227 583 338 634 των*
374 584 601 668 αἰτοῦμαι
637 578 788 647 ὑμᾶς·
823 580 1104 636 πιστεύσατέ
1131 604 1231 672 μοι.
1293 583 1481 651 Ἰησοῦς
1517 585 1569 637 δὲ
1606 581 1817 656 Χριστὸς
1856 579 1983 668 ὑμῖν
2016 587 2167 634 ταῦτα

226 650 538 738 φανερώσειῆ,
573 670 647 702 οτι
682 649 882 738 ἀληθῶς
913 652 1056 722 λέγω
1095 651 1148 706 τὸ
1186 651 1399 719 ἀψευδὲς
1434 654 1600 721 στόμα,
1639 655 1691 705 έν
1726 656 1765 724 ᾧ
1801 649 1828 703 6
1863 647 2020 737 πατὴρ
2059 649 2163 702 ἐλά-

225 726 365 787 λησεν
401 719 616 787 ἀληθῶς.
688 718 973 809 Αἰτήσασθε
1007 724 1117 810 περὶ
1151 724 1294 791 ἐμοῦ,
1332 726 1413 776 ι’να
1450 723 1664 790 ἐπιτύχω.
1731 707 1824 773 06
1858 717 1980 772 κατὰ
2013 717 2167 807 σάρκα

224 788 339 856 ὑμῖν
374 791 592 860 ἔγραψα,
629 787 748 842 ἀλλὰ
781 788 905 843 κατὰ
937 792 1133 862 γνώμην
1174 769 1314 845 Θεοῦ.
1374 791 1506 846 Ἐὰν
1540 793 1717 855 πάθω,
1753 787 2044 858 ἠθελήσατε·
2081 787 2167 843 ἐὰν

223 857 607 928 ἆποδοκιμασθῶ
620 860 656 922 ,⁰
692 859 954 928 ἐμισήσατε

618 993 688 1039 ΙΧ.
762 993 902 1042 Orate
927 1009 1014 1056 pro
1050 996 1243 1042 ecclesia
1279 995 1455 1054 Syriae.
1524 994 1772 1041 Salutatio-

365 1080 714 1149 Μνημονεύετε
749 1083 801 1136 ἐν
833 1089 891 1157 τῇ
926 1090 1163 1157 προσευχὴ
1198 1082 1336 1180 υμῶν
1372 1089 1459 1147 τῆς
1494 1083 1546 1134 ἐν
1581 1084 1746 1172 Συρία
1776 1080 2086 1148 ἔκκλησίας,“’
2063 1080 2169 1169 ἥτις

223 1149 330 1202 ἀντὶ
381 1152 501 1239 ἐμοῦ
549 1153 742 1220 ποιμένι
785 1159 852 1241 τῷ
893 1156 999 1223 Θεῷ
1044 1157 1242 1242 χρῆταιέ
1316 1151 1492 1214 Μόνος
1537 1149 1690 1219 αὐτὴν
1732 1149 1947 1239 Ἰησοῦς
1958 1149 2168 1218 Χριστὸς

220 1219 560 1289 ἔπισκοπήσει,
595 1223 678 1275 καὶ
711 1222 748 1310 ’ἡ
781 1222 917 1291 ὑμῶν
952 1223 1152 1319 ἀγάπη.2
1193 1220 1321 1292 Ἐγω
1355 1223 1407 1275 66
1458 1220 1742 1310 αἰσχύνομαι
1787 1221 1836 1283 ἐξ
1889 1217 2050 1274 αὐτῶν
2095 1221 2167 1272 λέ-

219 1299 420 1380 γεσθαι·
457 1290 572 1345 0666
638 1314 696 1360 αρ
732 1290 868 1355 άξιός
903 1294 1024 1359 εἰμι,
1064 1292 1152 1346 (3νῖ
1189 1294 1380 1381 ε’σχατος
1417 1289 1578 1344 αὐτῶν
1610 1292 1693 1344 καὶ
1729 1292 1958 1377 ε’κτρωμα.
2019 1288 2161 1342 ”Αλλ

219 1359 426 1428 ηλέημαί
459 1383 531 1424 τις
566 1314 705 1428 εἶξαι,
732 1360 817 1415 ἐὰν
843 1365 971 1415 Θεοῦ
996 1361 1211 1431 ἐπιτύχω.
1278 1359 1579 1425 Ἀσπάζεται3
1605 1359 1732 1446 υμᾶς
1755 1358 1810 1412 τὸ
1836 1357 1955 1426 ἐμὸν
1977 1365 2168 1427 πνεῦμα

220 1431 301 1483 καὶ
336 1429 370 1498 ἦ
404 1429 566 1520 ἀγάπη
601 1438 698 1485 τῶν
733 1433 995 1517 ἐκκλησιῶν
1029 1439 1126 1486 τῶν
1162 1432 1429 1498 δεξαμένων
1464 1453 1521 1499 με
1559 1433 1625 1494 εἰς
1660 1429 1816 1498 ὄνομα
1854 1428 2017 1497 Ἰησοῦ
2048 1434 2167 1498 Χρι-

220 1504 363 1564 στοῦ,
410 1499 516 1568 οὐχ4
563 1523 629 1563 ως
681 1499 1023 1590 παροδεύοντα.
1092 1504 1189 1554 Καὶ
1231 1501 1321 1573 γὰρ
1376 1504 1430 1554 αἱ
1469 1500 1534 1569 μὴ
1588 1500 1942 1572 προσήκουσαί5
1989 1520 2074 1567 μοι
2107 1505 2167 1572 τῇ

220 1567 349 1640 ὁδῷ,
385 1577 443 1643 τῆ
475 1568 598 1623 κατὰ
633 1569 808 1641 σάρκα,
846 1594 967 1624 κατα
997 1570 1140 1625 πόλιν
1175 1593 1232 1640 με
1267 1578 1496 1643 προῆγον.

1003 1706 1052 1751 Χ.
1123 1705 1375 1752 Conclusio.

357 1789 558 1878 Γράφωι
592 1792 645 1845 66
678 1790 794 1861 ὖμῖν
827 1799 978 1846 ταῦτα
1014 1791 1110 1846 ἆπό
1136 1793 1367 1882 Σμύρνης
1402 1792 1465 1846 δι’
1500 1791 1745 1860 Ἐφεσίων
1777 1799 1875 1847 τῶν
1910 1793 2167 1891 ἆξιομακα-

217 1862 400 1946 ρίστων.
457 1858 629 1914 ’Ἐστιν
662 1864 713 1915 66
747 1864 831 1915 καὶ
861 1862 961 1930 άμα
997 1864 1103 1931 ἐμοὶ
1138 1863 1229 1916 σὺν
1264 1862 1426 1925 άλλοις
1460 1870 1656 1926 πολλοῖς
1695 1862 1933 1934 ΚρόκοςξΞ
1980 1883 2035 1916 το
2081 1884 2166 1916 πο-

214 1927 374 1995 θητόν
409 1950 492 1996 μοι
527 1928 696 1998 ὄνομα.
770 1933 898 2000 Περὶ
931 1938 1028 1985 τῶν
1059 1930 1400 2020 προελθόντων
1435 1954 1492 2000 με
1528 1931 1624 1986 ἆπὸ
1662 1936 1866 2024 Συρίας
1885 1935 1954 1996 εἶς
1977 1930 2167 2021 Ῥωμην

215 2000 284 2059 εἰς
330 1998 477 2062 δόξαν
524 2007 610 2053 τοῦ
653 2004 805 2065 Θεοῦ,
854 1999 1063 2055 πιστεύω
1113 2000 1242 2071 ὑμᾶς
1277 2002 1628 2089 ἐπεγνωκέναι,
1681 2001 1756 2065 οἷς
1788 2004 1873 2056 καὶ
1884 2001 2168 2091 ε,ὃηλοιῖσατε

215 2066 356 2137 ἐγγύς
404 2089 460 2136 με
513 2067 643 2123 ὄντα.
716 2069 906 2134 Πάντες
954 2070 1044 2158 γάρ
1088 2073 1207 2124 εἰσιν
1259 2069 1384 2135 ἄξιοι
1436 2078 1524 2125 τοῦ
1565 2075 1692 2125 Θεοῦ
1738 2073 1820 2125 καὶ
1865 2070 2028 2139 υμῶν·
2080 2071 2168 2134 οὓς

212 2139 404 2226 πρέπον
432 2137 548 2205 ὖμῖν
584 2141 711 2193 ἐστὶν
759 2139 881 2193 κατὰ
926 2141 1085 2194 πάντα
1135 2140 1428 2195 ἀναπαῦσαι.
1484 2139 1743 2231 ’ζἘγραψα
1755 2141 1810 2194 66
1857 2140 1975 2210 ὑμῖν
2017 2147 2167 2194 ταῦτα

211 2213 270 2280 τῇ
316 2206 411 2277 πρὸ
461 2209 599 2263 ἐννέα
657 2213 910 2264 καλανδῶν
960 2214 1301 2299 Σεπτεμβρίων
1354 2212 1615 2277 [τουτέστιν
1666 2209 1955 2300 Αὐγούστου
2012 2210 2169 2264 εἰκάδι

214 2262 384 2351 τρίτῃ]
389 2279 406 2304 ³
465 2276 729 2349 ’Έρρωσθε
772 2283 841 2343 εἰς
874 2281 1030 2346 τέλος,
1070 2283 1122 2334 ἐν
1156 2281 1381 2355 ’ὑπομονῇ
1411 2280 1574 2349 Ἰησοῦ
1615 2287 1842 2351 Χριστοῦ
1910 2279 2101 2350 Ἀμήν.4

297 2474 499 2528 Cap.v111.
533 2474 574 2528 1)
599 2475 695 2529 Cap.
716 2484 897 2519 octavum
914 2485 954 2519 et
972 2479 1164 2521 maiorem

214 2531 308 2572 noni
338 2538 494 2584 partem
532 2533 655 2585 Syrus
683 2547 764 2574 non
797 2535 926 2575 vertit.

302 2586 348 2640 2)
378 2589 588 2640 Loquendi
625 2588 770 2630 modus
815 2590 940 2631 Paulo
968 2591 1163 2644 Apostolo

213 2644 508 2696 perfamiliaris
569 2644 649 2686 Crr.
665 2646 777 2686 Rom.
797 2646 836 2695 3,
855 2648 892 2687 5.
923 2648 938 2687 I
960 2647 1050 2688 Cor.
1071 2649 1108 2698 9,
1125 2648 1162 2689 8.

214 2700 299 2740 Gal.
330 2700 369 2751 3,
405 2700 468 2740 15.

298 2754 344 2806 3)
377 2756 492 2796 Vetus
543 2756 744 2807 Iat.1nt.,
788 2759 982 2810 Metaph„
1033 2758 1160 2799 Codd.

215 2812 372 2852 BFOV
400 2824 554 2853 recens
570 2813 836 2865 interpolatae
857 2815 1038 2868 θέλητε.
1083 2816 1161 2855 So-

217 2868 420 2909 lummodo
450 2868 491 2907 in
520 2880 645 2920 marg.
677 2869 937 2910 Ottoboniani
958 2866 1161 2937 θελήση-

213 2938 304 2988 ται,
338 2929 529 2964 mutatum
566 2924 607 2964 in
647 2920 884 2978 θελήσητε.
928 2922 1159 2980 θελήσατε

210 2970 292 3022 οὖν
323 2980 401 3022 ἵνα
432 2979 512 3020 καὶ
540 2978 677 3037 ὑμεῖς
703 2981 956 3034 θεληθῆθε.

298 3048 345 3102 4)
381 3048 461 3090 cfr.
509 3049 594 3090 Gal.
626 3050 673 3100 6,
706 3050 769 3091 11.
814 3051 886 3102 Ep.
927 3051 978 3091 ad
1023 3051 1158 3104 Polyc.

214 3119 246 3145 c.
268 3106 307 3146 7.
367 3105 444 3145 Pro
476 3106 744 3158 subsequente
795 3106 1016 3163 αἰτοῦμαι
1045 3109 1159 3172 Igna-

210 3161 307 3202 tium
335 3161 478 3213 procul
512 3162 632 3203 dubio
664 3163 919 3220 παρακαλῶ
949 3164 1159 3215 scripsisse

213 3223 349 3258 censet
376 3217 552 3258 Vossius.

297 3285 344 3338 5)
384 3285 482 3327 Cod.
530 3288 561 3328 A
608 3281 875 3344 φανερώσει
929 3301 1049 3341 supra
1103 3304 1159 3330 οι.

213 3342 385 3394 Optandi
413 3343 561 3384 modus
591 3350 780 3397 praestat.

294 3397 339 3451 6)
370 3399 412 3439 Si
453 3401 638 3454 reprobus
681 3401 853 3452 efficiar,
896 3402 933 3440 si
968 3403 1159 3453 repudier,

212 3454 329 3495 Marc.
360 3455 406 3506 8,
436 3455 503 3497 31.
551 3457 732 3498 Pearson.
793 3456 834 3496 Si
883 3470 903 3497 a
940 3464 1068 3498 morte
1109 3457 1159 3497 li-

210 3510 394 3561 berabor,
430 3512 817 3564 quaS1re1ectaneus
849 3518 889 3554 et
910 3513 988 3553 hoc
1006 3514 1159 3555 honore

1223 2490 1340 2531 quem
1379 2486 1488 2520 tanto
1538 2479 1657 2521 animi
1701 2491 1790 2520 cum
1835 2479 1993 2520 fervore
2034 2478 2165 2521 ambio

1221 2547 1408 2586 prorsum
1437 2535 1632 2587 indignus.
1671 2536 1807 2577 Smith.

1309 2618 1403 2671 Cap.
1443 2620 1504 2661 IX
1575 2619 1614 2672 1)
1651 2619 1678 2660 I.
1723 2632 1757 2661 e.
1799 2619 1980 2662 Christo:
2026 2628 2072 2662 ut
2119 2634 2165 2663 ex

1221 2675 1446 2716 immediate
1478 2676 1736 2729 sequentihus
1769 2676 1988 2718 clarissime
2026 2677 2164 2731 liquet.

1222 2731 1322 2771 Male
1341 2744 1435 2782 ergo
1455 2733 1574 2772 habet
1595 2733 1886 2799 interpolator.
1906 2746 1971 2788 τῳ
1986 2735 2163 2803 Κυρίῳ,

1220 2788 1285 2840 τῷ
1323 2784 1527 2842 εἰπόντι,
1577 2783 1668 2842 ἐγώ
1712 2789 1810 2845 εἰμι
1858 2785 1883 2829 ὁ
1925 2787 2102 2854 ποιμὴν
2137 2766 2163 2831 6

1217 2839 1368 2890 καλός.
1427 2845 1510 2884 Hac
1542 2845 1645 2885 enim
1666 2846 1867 2897 superflua
1898 2845 2161 2898 explicatione

1218 2906 1378 2940 enervat
1425 2900 1713 2951 testimonium,
1771 2901 1880 2953 quod
1927 2902 2075 2955 ubique
2122 2902 2161 2942 in

1217 2954 1278 2994 his
1309 2956 1501 3007 Epistolis
1531 2957 1675 3009 ingerit
1703 2932 1746 2998 S.
1773 2957 1968 3008 IgnatiuS,
2011 2958 2060 2998 de
2093 2958 2164 2999 Di-

1215 3010 1376 3052 vinitate
1412 3012 1571 3054 Christi
1619 3014 1753 3054 Smith.
1811 3014 1936 3054 Vertit
1956 3014 2161 3055 Graziani:

1215 3067 1259 3106 Vi
1293 3080 1489 3119 sovvegna
1519 3069 1624 3110 nella
1657 3075 1790 3110 vostra
1819 3070 2030 3122 preghie'ra
2057 3070 2162 3110 della

1218 3123 1370 3174 chiesa,
1403 3125 1475 3165 che
1505 3128 1525 3166 ὁ
1556 3125 1664 3166 nella
1694 3126 1819 3176 Siria,
1863 3126 1901 3165 la
1941 3126 2058 3179 quale
2094 3139 2162 3168 ora

1218 3180 1267 3220 ha
1301 3180 1341 3220 in
1373 3181 1451 3221 mia
1483 3194 1578 3222 vece
1607 3181 1721 3222 Iddio
1751 3194 1826 3234 per
1851 3187 2028 3234 pastore.

1307 3236 1349 3288 2)
1380 3237 1540 3278 Phrasis
1551 3237 1726 3278 Paulina.
1759 3237 1966 3278 Csr.ICor.
1988 3238 2051 3288 15,
2073 3238 2111 3279 8.
2123 3239 2161 3280 9.

1301 3291 1344 3343 3)
1379 3292 1481 3334 Hinc
1519 3293 1650 3334 versio
1684 3293 1822 3345 Syrica
1854 3292 1889 3334 1.
1932 3293 2062 3334 denuo
2099 3293 2162 3334 in-

1218 3347 1315 3400 cipit
1335 3349 1636 3401 extenditurque
1654 3362 1783 3401 usque
1801 3348 1852 3388 ad
1874 3349 2016 3401 capitis
2029 3351 2160 3391 finem.

1300 3403 1400 3455 4)Ι.
1441 3419 1474 3445 e.
1516 3418 1596 3447 non
1636 3410 1819 3458 tanquam
1873 3407 2060 3447 advenam
2097 3419 2160 3448 ec-

1218 3461 1356 3501 clesias
1388 3461 1481 3502 illas
1510 3464 1550 3501 in
1579 3462 1717 3502 itinere
1746 3462 1892 3512 festino
1914 3467 2159 3515 praeteryre-

1217 3517 1402 3568 dientem,
1446 3518 1513 3557 sed
1551 3522 1654 3557 tanto
1706 3530 1790 3558 cum
1829 3530 1954 3558 amore
1990 3522 2028 3558 et
2062 3519 2158 3570 zelo,
