2340 3900
390 173 599 222 mnam
633 171 905 221 EPISTOLA
934 173 1006 220 An
1042 173 1393 225 SMYRNAEOS.
1436 175 1508 224 xl.
1543 175 1636 223 XII.
1671 175 1787 223 Xlll.
1969 173 2066 224 197

106 316 323 363 luntatein
370 318 478 360 sunt
519 310 782 366 consecuti,
837 317 883 357 et
918 312 1044 371 quod
1081 313 1273 360 ecelesia
1320 315 1392 361 illa
1440 329 1523 377 per
1570 315 1823 363 orationem
1870 322 2064 363 vestram

107 392 243 446 portu
284 385 371 430 iam
407 381 469 428 sit
499 380 657 442 potita.
728 378 839 427 Cum
877 380 1068 440 perfecti
1102 382 1218 437 sitis,
1253 385 1386 430 etiam
1421 384 1626 446 perfecta
1661 385 1942 447 excogitatis.
1985 385 2066 433 Cu-

105 452 335 516 pientibus
370 450 492 498 enim
523 449 653 495 vobis
687 449 806 496 bene
840 463 977 511 agere
1014 449 1132 496 Deus
1170 452 1225 497 ad
1262 451 1542 514 largiendum
1580 461 1764 516 paratus
1802 461 1886 502 est.

105 578 238 626 qnam
274 563 333 620 ,in
370 561 461 607 Deo
512 561 751 608 consecuti
799 566 931 616 sunt,
977 567 1023 606 et
1068 549 1206 622 quod*
1231 570 1404 609 vestrae
1442 566 1663 612 orationis
1698 565 1926 614 beneficio
1963 580 2077 629 por-.

102 641 197 680 tum
231 632 317 679 iam
353 630 649 678 obtinuerint.
721 629 831 677 Cum
866 629 1058 691 perfecti
1094 630 1220 687 sitis,
1255 632 1460 692 perfecta
1510 649 1693 696 quoque
1731 636 1911 683 sentite.
1982 636 2066 684 Vo-

101 702 175 751 bis
208 701 328 749 enim
363 699 634 747 benefacere
670 699 961 761 cupientibus
987 698 1105 747 Deus
1142 699 1199 746 ad
1236 699 1405 747 bonum
1443 702 1723 764 largiendum
1760 712 1946 767 paratus
1981 712 2066 754 est.

840 807 934 857 ΧΠ.
1003 809 1335 858 Salutationes.

233 907 409 956 Salutat
438 922 521 956 vos
556 907 756 955 ebaritas
793 907 998 964 fratrum,
1035 907 1114 969 qui
1137 907 1314 955 Troade
1353 916 1472 967 sunt,
1511 910 1633 958 unde
1673 919 1719 958 et
1753 911 1905 960 scribo
1936 913 2067 961 vobis

98 994 184 1045 per
214 979 457 1037 Burrbum,
494 992 632 1040 quem
667 991 848 1025 mecum
883 978 1073 1024 misistis
1109 991 1201 1024 una
1239 992 1342 1025 cum
1379 979 1606 1041 EphesiiS,
1640 981 1856 1029 fratribus
1883 984 2066 1041 vestriS,

98 1050 178 1114 qni
228 1049 351 1096 omni
396 1049 535 1096 modo
582 1062 656 1095 me
706 1046 944 1095 recreavit.
1014 1048 1164 1109 Atque
1212 1047 1383 1096 utinam
1432 1063 1592 1096 omnes
1645 1050 1769 1098 illum
1824 1052 2068 1111 imitentur,

98 1133 201 1168 eum
236 1119 297 1166 sit
333 1117 563 1181 exemplar
594 1117 731 1165 divini
768 1117 1023 1164 ministerii.
1071 1117 1406 1165 Remuneretur
1439 1119 1587 1181 ipsum
1625 1121 1767 1182 gratia
1791 1135 1876 1182 per
1906 1124 2070 1169 omnia.

96 1188 251 1237 Saluto
287 1189 557 1251 episcopum
592 1188 685 1235 Deo
726 1187 927 1249 dignum,
964 1193 1011 1234 et
1045 1187 1138 1234 ileo
1177 1187 1520 1236 dilectissimum
1557 1189 1919 1253 presbyterium,
1962 1207 2066 1239 con-

98 1273 256 1308 servos
291 1272 421 1305 meos
458 1258 692 1314 diaconos,
730 1256 1085 1324 singillatimque
1123 1271 1175 1304 ac
1214 1258 1257 1303 in
1295 1259 1560 1306 universum
1598 1274 1772 1314 omneS‚
1811 1262 1857 1307 in
1884 1262 2068 1309 nomine

98 1329 204 1377 lesu
238 1327 437 1386 Christi,
492 1328 620 1374 etin
657 1340 795 1374 carne
833 1327 932 1374 eius
978 1332 1024 1374 et
1070 1328 1315 1388 sanguine,
1364 1329 1582 1390 passione
1633 1337 1679 1377 et
1726 1332 2069 1378 resurrectione

98 1397 326 1463 corporali
361 1397 499 1445 simul
534 1404 582 1444 et
616 1396 855 1459 spirituali,
893 1397 937 1443 in
974 1397 1171 1453 nomine,
1210 1397 1255 1443 in
1294 1399 1463 1445 unione
1489 1399 1567 1446 Dei
1603 1399 1853 1447 vobiscum.
1918 1401 2068 1447 Gratia

96 1467 242 1527 vobis,
276 1467 602 1524 misericordia,
638 1481 737 1529 pax,
774 1467 989 1529 patientia
1026 1466 1087 1513 sit
1123 1481 1319 1529 semper.

235 1575 260 1603 ⁸
281 1579 376 1627 xtl.
446 1579 620 1627 Salutat
651 1593 733 1626 vos
770 1579 937 1626 caritas
973 1578 1178 1636 fratrum,
1211 1594 1327 1640 quae
1351 1585 1422 1626 est
1448 1579 1652 1627 Troade:
1700 1581 1822 1629 unde
1844 1587 1890 1629 et
1912 1581 2068 1629 scribo

0 1651 2 1670 1
95 1650 226 1698 vobis
268 1664 355 1712 per
385 1649 633 1712 Byrrbum,
682 1663 818 1711 quem
866 1648 1058 1695 misistis
1105 1663 1284 1695 mecum
1329 1663 1418 1696 una
1464 1663 1568 1696 cum
1603 1649 1813 1711 Ephesiis
1851 1651 2069 1698 fratribus

93 1720 284 1777 vestris,
317 1720 426 1782 quia
460 1734 546 1782 per
579 1720 733 1767 omnia
768 1733 841 1766 me
877 1718 1160 1766 refocillavit.
1228 1718 1284 1765 Et
1316 1719 1486 1766 utinam
1524 1733 1684 1767 omnes
1734 1736 1884 1783 ipsum
1926 1721 2067 1768 imita-

93 1797 277 1847 rentur,
314 1803 418 1837 mm
453 1790 515 1836 sit
548 1788 780 1851 exemplar
826 1788 965 1836 divini
1013 1789 1271 1836 ministerii.
1341 1788 1634 1837 Retribuatur
1683 1790 1749 1837 illi
1796 1792 1939 1853 gnatia
1984 1805 2070 1852 per

32 1877 35 1879 ·
94 1860 260 1908 omnia.
326 1858 483 1906 Saluto
534 1859 628 1907 Deo
677 1859 863 1920 dignum
910 1858 1210 1921 Episcopum,
1261 1866 1309 1906 et.
1358 1859 1519 1906 divinis
1573 1867 1837 1908 exornatum
1883 1860 2067 1907 dotibus

95 1929 461 1992 Presbyterinm,
498 1936 546 1976 et
581 1941 831 1976 conservos
864 1941 994 1975 meos
1032 1928 1273 1985 macanos,
1311 1935 1358 1976 et
1392 1943 1760 2009 unumquemque
1792 1930 2065 1992 singillatim,

95 2006 143 2047 et
189 1999 235 2046 in
279 1999 538 2046 universum
595 2011 782 2054 omnes,
829 1998 875 2044 in
924 1998 1109 2044 nomine
1161 1998 1262 2045 lesu
1300 1998 1494 2055 Christi,
1545 2006 1590 2046 et
1626 2001 1672 2046 in
1711 2013 1848 2046 carne
1886 2000 1984 2046 eius
2022 2007 2069 2046 et

96 2069 340 2130 sangnine:
391 2068 496 2115 item
533 2067 581 2115 in
604 2067 821 2129 passione
858 2067 958 2114 eius
989 2074 1037 2114 et
1057 2066 1397 2115 resurrectione
1436 2068 1604 2115 carnali
1641 2075 1687 2116 et
1722 2068 1971 2131 spirituali:
2020 2070 2066 2116 in

97 2138 280 2185 nomine
315 2143 366 2185 et
398 2138 445 2183 in
481 2137 655 2184 unitate
691 2136 770 2183 Dei
810 2143 855 2184 et
892 2142 1056 2185 vestra.
1123 2136 1275 2183 Gratia
1310 2136 1465 2195 vobis,
1518 2138 1859 2196 misericordia,
1898 2154 1984 2201 pax
2021 2145 2068 2186 et

99 2206 312 2270 patientia
347 2207 406 2254 sit
442 2219 640 2269 semper.

824 2314 940 2363 xtn.
1009 2315 1337 2364 Salutationes.

234 2413 391 2462 Saluto
439 2413 630 2462 familias
678 2413 866 2462 fratrum
902 2427 1111 2462 meorum
1149 2428 1251 2461 cum
1289 2414 1508 2462 uxoribus
1546 2418 1592 2461 et
1628 2412 1814 2471 liberiS,
1853 2419 1899 2461 et
1934 2415 2065 2477 virgi-

96 2498 196 2539 nes,
233 2490 414 2532 vocatas
447 2483 621 2531 viduas.
691 2483 853 2531 Fortes
889 2484 990 2531 sitis
1027 2483 1072 2530 in
1109 2484 1273 2530 virtute
1311 2481 1524 2546 Spiritus.
1597 2483 1770 2531 Salutat
1803 2498 1884 2530 vos
1920 2484 2067 2542 Philo,

97 2554 175 2618 qui
210 2567 388 2602 mecum
421 2558 504 2601 est.
574 2552 733 2601 Saluto
769 2553 947 2600 Taviam
984 2559 1031 2601 et
1067 2553 1252 2601 domum
1291 2554 1406 2611 eiuS,
1449 2567 1585 2615 quam
1624 2559 1732 2616 opto
1772 2551 1942 2601 firmari
1977 2553 2067 2602 fide

95 2631 145 2674 et
179 2624 397 2673 charitate
424 2621 651 2687 corporali
687 2629 736 2671 et
770 2622 1009 2685 spirituali.
1060 2622 1216 2670 Saluto
1241 2623 1392 2681 Alcen,
1431 2623 1735 2671 desiderabile
1755 2623 1865 2671 mihi
1885 2638 2067 2683 nomen,

97 2701 147 2743 et
179 2693 416 2758 llapbnum
447 2691 863 2756 incomparabilem,
900 2699 947 2741 et
979 2692 1246 2751 Euteenum,
1285 2708 1539 2756 omnesque
1578 2693 1856 2741 nominatim.
1915 2694 2068 2742 Valete

98 2765 145 2812 in
178 2764 322 2826 gratia
356 2762 453 2811 Dei·

234 2870 395 2920 ‘xllL
465 2872 626 2922 Saluto
674 2872 867 2922 familias
915 2872 1102 2924 fratrum
1149 2887 1356 2922 meorum
1404 2888 1506 2922 cum
1555 2874 1775 2922 uxoribus
1826 2882 1874 2922 et
1908 2874 2066 2923 liberis

100 2950 150 2991 et
181 2942 403 3005 virginea,
438 2956 557 3005 qnae
586 2941 877 3007 appellantur
914 2944 1090 2991 viduae.
1165 2943 1422 2991 incolumes
1459 2944 1569 2991 mihi
1607 2950 1755 2991 estote
1809 2945 1852 2990 in
1901 2944 2065 2991 virtute

99 3012 305 3075 spiritus.
376 3008 550 3060 Salutat
590 3025 672 3060 vos
707 3010 864 3069 Philo,
913 3012 991 3075 qui
1049 3026 1229 3060 mecum
1280 3019 1364 3060 est.
1435 3013 1591 3060 Saluto
1646 3012 1856 3059 familiam
1893 3012 2066 3067 Taviae,

100 3095 236 3143 quam
272 3087 383 3144 opto
417 3079 605 3129 solidari
639 3078 730 3129 nde
763 3086 812 3128 et
847 3081 1031 3129 caritate
1068 3081 1302 3144 corporali
1336 3088 1382 3130 et
1418 3082 1657 3145 spirituali.
1728 3082 1881 3129 Saluto
1912 3081 2065 3139 Alcen,

102 3149 406 3199 desiderabile
442 3149 553 3199 mibi
586 3162 779 3207 nomen,
813 3156 861 3198 et
895 3149 1292 3212 incomparabilem
1331 3151 1454 3200 illum
1492 3153 1753 3215 Daphnum‚
1792 3152 2066 3213 optimorum

102 3218 299 3268 filiorum
335 3226 595 3283 muntem,
629 3225 679 3267 et
711 3232 873 3267 omnes
905 3219 1183 3267 nominatim.
1242 3218 1394 3269 valete
1432 3222 1478 3269 in
1516 3222 1658 3283 gratia
1695 3221 1788 3268 Dei.

652 3315 759 3365 Data
795 3316 852 3365 ad
889 3316 1193 3380 smyrnenses
1229 3330 1283 3364 ex
1318 3317 1510 3367 Troade.

103 3476 394 3550 σμυρνεῖας
409 3474 506 3523 ὄπό
541 3475 768 3578 ''O-“2⁰5
803 3477 923 3537 πρὸς
952 3479 1052 3521 Πο-
1110 3490 1204 3533 mibi
1228 3490 1378 3534 notavit
1401 3495 1445 3535 Β
1474 3491 1750 3560 σμυρναίοις
1771 3487 1868 3533 ἀπὸ
1901 3484 2067 3547 Τρωά-

102 3529 395 3602 ιψ-
366 3523 594 3595 trau&
1108 3545 1191 3596 δος
1223 3545 1343 3604 πρὸς
1370 3548 1691 3605 Πολυκαρπον
1717 3541 1956 3603 Ιγνάτιος.

213 3607 246 3659 β
353 3607 386 3660 β
409 3604 522 3661 (dc).
563 3604 622 3650 Ex
637 3605 670 3650 Ι.
694 3605 837 3649 Petrus
852 3605 918 3648 del
940 3605 1055 3648 Furia
