2340 3900
209 154 311 206 456
506 154 729 201 HERMAE
766 153 999 199 PASTOR.
1073 118 1234 200 LIBER
1270 155 1322 202 11.
1394 154 1632 200 MANDAT.
1668 152 1737 197 Vl.
1774 146 1844 207 (A)

213 293 429 354 gaudens,
470 296 515 335 et
549 290 858 336 honorificans
878 291 1114 336 Dominum
1152 291 1195 337 in
1231 293 1350 338 omni
1381 297 1585 352 tempore
1604 292 1852 335 mansuete.
1900 285 2024 332 Haec
2040 285 2158 332 enim

214 351 557 419 aequanimitas⁵
607 358 776 403 habitat
813 372 914 404 cum
950 358 1332 416 benefidentibus3
1397 375 1497 405 nam
1545 356 1776 404 iracundia
1823 354 1957 400 stulta
2005 359 2157 400 estet

214 428 325 473 levis
359 432 405 471 et
440 425 575 471 fatua.
646 425 709 471 De
747 426 932 472 stultitia
967 440 1074 472 vero
1112 429 1315 474 nascitur
1352 428 1626 481 amaritudo,
1675 417 1740 469 et⁶
1779 438 1832 469 ex
1866 421 2159 468 amaritudine

213 493 456 549 iracundia,
495 508 548 539 ex
581 493 812 540 iracundia
847 508 954 541 vero
991 495 1132 542 furor.
1189 496 1284 542 Η10
1319 511 1371 542 ex
1407 503 1474 542 tot
1510 495 1634 540 malis
1690 492 1852 537 creatis
1889 490 2018 536 furor
2053 503 2160 550 ope·

213 556 356 608 ratur⁷
393 568 629 622 peccatum
665 576 875 622 magnum
923 570 968 608 01
1003 563 1265 611 insanabile.
1339 565 1448 610 Cum
1498 564 1614 610 enim
1653 562 1765 605 haec
1801 558 1951 605 omnia
1987 559 2160 610 influo

212 644 317 676 vase
354 636 470 685 sunt,
509 630 587 675 ubi
623 636 667 676 et
703 630 898 690 Spiritus
937 639 1118 678 sanctus
1158 640 1369 687 moratur,
1408 647 1498 678 11011
1536 630 1657 690 capit
1693 629 1775 673 hos
1811 641 1914 684 vas,
1965 625 2053 676 sed
2076 635 2162 679 >811-

212 697 446 759 perel‘ssuit
460 692 493 750 3⁸
532 698 741 757 quoniam
778 704 909 745 tener
945 701 1131 760 spiritus
1167 715 1259 747 non
1296 708 1448 762 potest
1484 715 1584 746 cum
1602 697 1718 743 malo
1743 692 2164 756 spirituimmomri,

214 766 390 812 recedit
437 773 482 811 et
527 766 696 812 habitat
742 781 844 812 cum
881 763 1152 815 mansueto.⁹
1223 771 1418 824 Deinde,
1455 783 1556 814 cum
1593 765 1839 812 recesserit
1874 762 1930 810 ab
1965 762 2163 818 homine,

218 836 226 843 '
263 829 299 854 ¹⁰
338 847 427 893 quo
465 833 706 891 habitabat,
747 834 796 880 fit
831 837 966 882 homo
1005 852 1170 884 vacuus
1209 853 1232 883 a
1271 838 1441 898 Spiritu
1480 842 1650 891 sancto,
1689 840 1735 879 et
1769 838 1930 893 postea
1962 830 2166 892 repletur

217 902 452 963 spiritibus
491 903 723 963 malignis,
764 910 809 950 et
842 904 1115 951 obcaecatur
1151 921 1174 952 a
1213 907 1486 966 cogitatione
1522 905 1649 950 mala.
1722 902 1797 947 Sic
1833 899 2042 946 omnihus
2080 899 2165 944 ira·

221 971 379 1016 cundis
418 972 648 1031 contingit
686 971 862 1019 Recede
899 988 1009 1034 ergo
1048 981 1096 1019 tu
1132 975 1186 1020 ab
1224 975 1472 1029 iracundia,
1512 981 1555 1019 et
1591 972 1725 1018 indue
1761 968 2167 1053 animaequitatem‚

215 1045 261 1084 et
295 1038 458 1084 resiste
506 1040 797 1099 iracundiae3
853 1049 898 1088 et
944 1043 1183 1088 invenieris
1235 1057 1334 1088 cum
1384 1042 1598 1102 pudicitia
1647 1046 1691 1086 et
1726 1039 1928 1084 castitate
1965 1051 1990 1082 a
2027 1028 2167 1082 Deo-¹¹

216 1107 325 1153 Vide
361 1122 486 1167 ergO,
525 1123 581 1154 ne
619 1109 735 1156 forte
776 1111 979 1171 negligas
1002 1111 1104 1198 21100
1140 1111 1423 1166 mandatum3
1461 1111 1498 1156 si
1538 1111 1657 1156 enim
1694 1107 1797 1153 huic
1819 1105 2027 1152 mandato
2061 1103 2167 1150 obe-

221 1176 433 1222 dientiam
470 1177 764 1237 praestiteris,
803 1171 1020 1224 caeteram
1057 1179 1263 1224 mandata
1300 1193 1413 1234 mea,
1458 1193 1572 1238 quae
1610 1177 1690 1223 tibi
1723 1176 2012 1221 mandaturus
2050 1185 2164 1227 sum,

215 1245 386 1304 poteris
425 1259 620 1292 servare.
681 1246 905 1293 Confirma
943 1240 1091 1307 ergo¹³
1129 1261 1250 1292 nunc
1287 1253 1330 1293 te
1368 1247 1412 1291 in
1438 1247 1655 1293 mandatis
1692 1245 1806 1301 istis,
1842 1249 1894 1290 ut
1910 1242 2030 1289 vivas
2055 1241 2172 1298 Deo3

219 1319 264 1359 et
300 1314 555 1374 quicunque
594 1316 870 1362 servaverint
905 1316 1018 1361 haec
1055 1316 1274 1372 mandata,
1313 1315 1460 1361 vivent
1496 1312 1622 1362 Deo.‘

944 1459 1322 1513 MANDATUM
1361 1459 1439 1512 vl.

286 1561 357 1606 De
393 1562 697 1621 agnoscendis
732 1563 1098 1622 uniuscuiusque
1124 1563 1321 1608 hominis
1359 1562 1538 1608 duobus
1578 1559 1749 1612 Genii&
1787 1564 1828 1604 et
1862 1557 2101 1615 utriusque

993 1644 1388 1702 inspirationibus.

354 1734 485 1796 (Α)Ι.
555 1732 579 1759 *
594 1736 969 1797 „‘Praeceperam
1008 1738 1177 1797 inquit,
1216 1738 1311 1794 ,tibi
1347 1739 1391 1783 in
1429 1739 1576 1799 primo
1613 1736 1851 1790 mandato,
1887 1738 1938 1779 ut
1974 1731 2169 1778 custodi·

217 1799 310 1850 res¹
347 1804 482 1850 fidem
521 1810 565 1850 et
599 1805 809 1850 timorem
846 1804 1269 1851 01001111110111111111.ι
1339 1803 1529 1862 ,Etiam,‘
1564 1806 1762 1865 inquam,
1798 1798 2026 1859 ,domine‘
2098 1798 2171 1854 ,Et

216 1864 371 1918 dixit:²
416 1874 526 1927 ‚sed
572 1885 692 1917 nunc
740 1871 820 1917 tibi
866 1873 968 1918 volo
1008 1880 1263 1919 monstrare
1303 1874 1489 1919 virtutes
1526 1874 1689 1918 horum
1725 1870 2065 1924 mandatorum,
2120 1874 2172 1914 ut

214 1959 472 2028 ἆμὲριμνος
507 1952 645 2023 οὐσα,
685 1957 870 2022 δοξάζει
918 1959 1004 2013 τὸν
1038 1960 1209 2049 κύριον
1241 1963 1292 2014 ἐν
1326 1963 1472 2014 παντὶ
1505 1965 1688 2043 καιρῷ,
1725 1957 1875 2026 μηδὲν
1909 1957 2084 2044 ἔχουσα
2118 1957 2171 2008 ἐν

214 2030 361 2117 ἑαυτῇ
413 2027 616 2115 πικρὸν,
666 2029 1010 2097 παραμένουσα
1057 2030 1138 2083 διὰ
1181 2028 1363 2092 παντὸς
1411 2032 1509 2095 [ἐν]
1559 2027 1791 2113 πραότητι
1845 2026 1930 2079 καὶ
1979 2022 2168 2095 ἡσυχία.

200 2083 344 2186 Αὕτη
379 2091 468 2150 οὗν
504 2095 536 2164 ἦ
571 2101 906 2186 μακροθυμία
923 2107 1141 2152 κατοικεῖ
1170 2098 1286 2166 μετὰ
1320 2105 1417 2151 τῶν
1450 2101 1611 2152 πίστιν
1646 2094 1847 2164 ἐχόντων
1882 2091 2168 2162 ὁλόκληρος·

213 2165 248 2230 ἦ
284 2167 336 2218 δὲ
348 2165 591 2254 ὀξυχολία
626 2173 817 2233 πρῶτον
853 2166 939 2234 μὲν
975 2171 1133 2238 μωρία
1167 2170 1296 2221 ἔστιν
1340 2170 1421 2221 καὶ
1456 2169 1660 2236 ἒλαφρία
1711 2169 1931 2252 φρενῶν,
1981 2159 2140 2216 εἷταὲ
2117 2163 2170 2214 ἐκ

213 2241 302 2319 τῆς
337 2234 619 2324 ἀφροσύνης
653 2238 833 2323 γίνεται
867 2239 1064 2301 πικρία,
1107 2239 1184 2303 [ἐκ
1221 2239 1272 2290 δὲ
1308 2243 1394 2303 τῆς
1429 2240 1646 2324 πικρίας]
1684 2232 1888 2319 θυμὸς,
1913 2233 1966 2284 ἐκ
1999 2231 2052 2283 δὲ
2085 2237 2174 2284 τοῦ

213 2302 381 2370 θύμου
419 2303 557 2393 ὀργὴ,
593 2306 647 2357 ἐκ
683 2305 734 2356 δὲ
768 2327 855 2391 της
890 2304 1039 2374 ὀργῆς
1073 2313 1227 2373 μῆνις.
1289 2304 1414 2358 Εἶτα
1447 2329 1479 2373 η
1505 2312 1648 2373 μῆνις
1670 2306 1723 2356 ἐκ
1744 2300 1987 2355 τοσούτων
2007 2305 2173 2353 κακῶν

216 2374 559 2460 συνισταμένη,
596 2375 771 2442 γίνεται
816 2372 1021 2440 ἁμαρτία
1057 2375 1234 2443 μεγάλη
1278 2377 1360 2427 καὶ
1407 2374 1616 2435 ἀνίατος.
1671 2372 1830 2424 Ὀταν
1873 2369 1964 2440 γὰρ
2013 2368 2172 2422 πάντα

214 2439 274 2491 τὰ
309 2440 598 2528 ἀνθρώπινα
632 2447 781 2492 ταῦτα
817 2444 869 2493 ἐν
905 2464 976 2494 ενι
1012 2441 1185 2530 ἀγγείῳ
1221 2451 1462 2507 κατοικεῖ,
1499 2443 1625 2495 ὅπου
1670 2443 1754 2494 καὶ
1801 2438 1854 2492 τὸ
1890 2444 2081 2505 πνεῦμα
2115 2436 2170 2490 τὸ

216 2508 370 2595 ἅγιον,
409 2508 468 2560 οὗ
506 2516 652 2575 χωρεῖ
670 2510 826 2561 ἐκεῖνο
847 2510 900 2562 τὸ
930 2509 1086 2579 ἄγγος,
1112 2511 1215 2564 ἀλλ’
1242 2510 1606 2599 ὖπερπλεονᾶζει
1626 2509 1679 2561 τὸ
1702 2506 1944 2576 τρυφερὸν
1962 2512 2168 2575 πνεῦμα,

216 2575 281 2663 μὴ
318 2578 425 2643 ἔχον
460 2578 731 2664 συνήθειαν
763 2577 878 2644 μετὰ
913 2586 1131 2665 πονηροῦ
1165 2580 1435 2645 πνεύματος
1457 2581 1538 2631 καὶ
1562 2577 1880 2646 σκληρότητος
1900 2581 2168 2628 κατοικεῖν·

215 2643 461 2731 ὗποχωρεῖ
503 2667 594 2698 ουν
638 2644 736 2698 ἀπὸ
781 2653 869 2698 τοῦ
917 2646 1188 2734 ἀνθρώπου
1235 2647 1437 2710 τούτου,
1473 2649 1557 2700 καὶ
1604 2653 1734 2713 ζητεῖ
1776 2650 2016 2697 κατοικεῖν
2051 2640 2171 2730 μετὰ

215 2713 485 2785 πραότητος
519 2715 602 2766 καὶ
636 2713 848 2801 ησυχίας.
910 2713 1035 2767 Εἶτα
1085 2715 1202 2768 όταν
1248 2715 1434 2804 ἀποστῇ
1489 2715 1585 2768 ἀπὸ
1627 2721 1715 2767 τοῦ
1763 2710 2058 2800 ἆνθρωπου,
2109 2733 2169 2764 ου

214 2790 441 2847 κατοικεῖ,
478 2785 658 2851 γίνεται
693 2782 721 2835 ὁ
768 2783 1034 2852 ἄνθρωπος
1077 2786 1259 2847 ἐκεῖνος
1302 2784 1442 2846 κενὸς
1487 2782 1584 2837 ἀπὸ
1631 2790 1718 2836 τοῦ
1763 2782 2037 2849 πνεύματος
2081 2785 2170 2833 τοῦ

217 2849 395 2937 ἆγίου,
411 2872 492 2902 και
542 2851 716 2904 λοιπὸν
763 2854 1133 2940 πεπληρωμένος
1176 2860 1272 2907 τῶν
1314 2852 1600 2920 πνευμάτων
1643 2858 1739 2904 τῶν
1783 2856 2033 2938 πονηρῶν,
2087 2850 2170 2901 καὶ

217 2919 329 2980 όλος
369 2917 734 2984 ἆποτυφλοῢται
773 2919 870 2973 ἀπὸ
906 2928 991 2988 τῆς
1013 2924 1234 2984 διανοίας
1256 2929 1342 2989 τῆς
1364 2922 1590 3011 ἀγαθῆς·
1629 2922 1782 2982 οὕτως
1804 2941 1894 2972 ουν
1915 2920 2169 2986 συμβαίνει

214 2993 332 3039 πᾶσι
377 2995 478 3048 τοῖς
526 2986 782 3056 ὀξυχόλοις
847 2989 1052 3057 Ἀπέχου
1103 3012 1193 3043 ουν
1239 2990 1334 3044 ἀπὸ
1380 2997 1467 3058 τῆς
1519 2991 1767 3058 ὀξυχολίας
1812 2994 1900 3041 τοῦ
1947 2992 2166 3055 πονηροῦ

300 3128 345 3179 5)
375 3130 636 3180 animequitas
665 3128 751 3167 sine
781 3128 930 3168 habital
955 3129 1039 3169 Vat.
1210 3133 1483 3181 committitur,
1520 3143 1599 3171 non
1640 3130 1767 3180 eflluit
1799 3126 2013 3177 colligitur.

300 3183 343 3233 6)
374 3188 409 3222 et
437 3183 553 3222 sicuti
584 3196 644 3235 sq.
674 3196 759 3223 vero
791 3195 867 3223 om.
898 3184 981 3223 Vat.
1305 3186 1349 3238 9)
1382 3187 1609 3227 Habitatum
1649 3184 1756 3223 vadit
1796 3183 1836 3222 in
1879 3182 2011 3221 animo
2050 3192 2161 3220 man-

300 3237 344 3289 7)
374 3239 472 3288 facit
514 3250 552 3288 p.
584 3241 694 3289 furor
733 3243 913 3290 operatur
942 3240 1047 3289 vat„
1092 3241 1160 3280 ubi
1217 3248 1344 3281 sueto.

218 3293 302 3333 des.
337 3298 371 3331 et
403 3298 492 3331 ante
523 3294 759 3333 insanabile.
950 3326 971 3351 ν
1305 3296 1373 3345 10)
1406 3308 1489 3336 cum
1518 3295 1613 3343 Vat„
1647 3292 1714 3344 qui
1745 3292 1831 3332 cxh
1866 3294 1902 3329 et
1929 3292 2069 3341 postea
2097 3302 2161 3329 re-

300 3346 343 3398 8)
373 3359 452 3386 non
488 3350 591 3398 capit
629 3349 700 3389 hoc
737 3360 806 3387 vas
847 3350 915 3389 sed
953 3352 1159 3401 superfluit
1211 3351 1373 3401 pellitur
1393 3364 1416 3390 a
1437 3351 1641 3401 spiritibus
1654 3348 1785 3387 malis.
1817 3344 1897 3386 cfr.
1907 3345 2003 3385 Luc.
2020 3345 2084 3394 11,
2095 3345 2160 3384 26.

216 3402 312 3450 Vat„
347 3402 436 3441 dein
464 3405 609 3442 morari
638 3415 677 3453 p.
711 3405 916 3443 immorari.
960 3405 1035 3444 Vas
1057 3405 1158 3454 (Pal.
1306 3405 1374 3455 11)
1407 3418 1429 3444 a
1461 3416 1537 3443 om.
1567 3404 1652 3442 Vat.

216 3469 335 3495 unum
363 3469 432 3496 vas
463 3458 648 3507 hominis)
673 3471 752 3498 non
787 3458 968 3508 animam,
999 3460 1072 3499 sed
1092 3465 1158 3499 to·
1303 3458 1370 3508 12)
1402 3459 1444 3498 Si
1475 3471 1563 3508 erqo
1594 3458 1682 3496 huic
1714 3456 1896 3495 mandato
1923 3454 2159 3494 dominatio-

218 3516 298 3548 tum
326 3511 528 3551 hominem
558 3512 779 3562 significat,
825 3513 867 3552 id
900 3514 1008 3564 quod
1039 3515 1158 3554 etiam
1213 3524 1297 3553 nem
1328 3515 1454 3563 eyeris
1486 3518 1521 3551 et
1553 3516 1678 3551 cetera
1707 3510 1792 3549 Vat.

219 3575 262 3601 ex
301 3565 427 3605 Mand.
460 3567 545 3606 11.:
593 3567 728 3608 Vacuis
770 3569 871 3607 enim
905 3570 1013 3609 vasis
1057 3570 1157 3620 quod
1302 3567 1378 3620 13)
1402 3580 1491 3618 erqo
1527 3578 1603 3606 om.
1625 3565 1720 3615 Vat,
1752 3564 1873 3616 paulo
1907 3569 2002 3615 post
2030 3568 2066 3603 et
2093 3565 2158 3602 vi-
