2340 3900
541 142 779 192 -tffltu'tt
816 142 1086 191 BPlSToLA
1124 145 1196 191 Au
1233 142 1518 192 EPHESIOS.
1563 143 1594 190 Ι.
1630 143 1683 190 ll.
2023 138 2115 189 121

204 382 213 391 .
251 316 284 362 Ι.
350 313 482 360 Lens
513 309 823 371 Ephesimm
852 309 907 355 ob
942 310 1219 369 leqationem
1252 313 1343 372 ipsi
1377 305 1580 359 intissam.
1651 311 1781 358 Laus
1820 309 2038 357 Orico-imi.

298 422 492 483 Suscepi
525 426 727 467 vestrum
762 419 808 465 in
842 418 938 465 Deo
974 418 1102 465 valde
1140 420 1354 467 dilectum
1391 435 1572 478 nomen,
1611 421 1734 482 quod
1769 420 1901 468 vobis
1938 434 2120 482 compa·

159 492 295 540 rastis
351 489 503 537 indole
549 488 695 551 proha
747 488 998 535 secundum
1058 487 1195 534 fidem
1255 497 1300 534 et
1356 490 1625 537 charitatem
1678 490 1724 537 in
1774 491 1876 538 lesu
1926 489 2120 547 Christo,

158 561 379 608 salvatore
414 565 598 608 nostro,
645 557 756 604 Cum
791 557 1044 604 imitatores
1081 557 1307 614 sitis·Dei,
1346 559 1403 604 ad
1437 561 1569 605 vitam
1609 561 1807 607 revocati
1832 574 1916 621 per
1942 559 2121 622 sangui·

157 644 260 676 nem
297 629 388 684 Dei,
425 643 545 690 opus
580 626 875 674 fraternitatis
909 625 1111 688 perfecte
1150 625 1423 673 absolvistis.
1481 629 1726 690 Postquam
1761 631 1881 677 enim
1916 629 2122 687 audistiS,

155 713 230 746 me
263 699 462 745 vinctum
497 712 523 744 e
545 696 679 759 Syria
709 709 795 758 pro
818 695 1048 743 communi
1084 696 1268 741 nomine
1304 703 1351 742 et
1386 710 1483 757 spe,
1523 694 1700 755 [videre
1736 694 2008 757 festinastis]
2047 712 2119 746 me

156 774 433 829 sperantem,
468 766 593 827 quod
626 765 792 812 vestris
828 764 1044 827 precibus
1081 778 1361 825 consequar,
1398 774 1449 811 ut
1491 766 1656 814 Romae
1695 768 1911 815 adversus
1947 768 2119 815 bestias

155 851 371 899 pugnem,
407 842 459 883 ut
490 849 577 898 per
609 835 873 897 martyrium
909 834 1102 896 adipisci
1137 834 1314 895 possim
1348 833 1599 896 discipulus
1636 851 1739 884 esse
1775 838 1917 894 illius,
1955 838 2033 899 qui
2069 851 2119 884 se

153 907 304 968 ipsum
352 919 439 967 pro
484 904 619 952 nobis
666 903 832 951 obtulit
864 903 958 951 Deo
996 902 1272 950 oblationem
1310 910 1356 949 ct
1391 904 1602 950 hostiam.
1675 905 1868 968 Suscepi
1912 921 2023 968 ergo
2074 907 2119 954 iu

154 975 339 1022 nomine
372 975 452 1021 Dei
486 973 819 1021 multitudinem
840 980 1033 1020 vestram
1057 973 1102 1019 in
1127 973 1356 1028 Onesim0‚
1394 973 1712 1021 inenarrabilis
1747 976 1977 1023 charitatis
2007 977 2119 1033 viro,

154 1051 306 1091 vestro
353 1051 503 1091 autem
548 1044 594 1090 in
631 1057 769 1090 carne
814 1039 1067 1105 episcop03
1114 1056 1247 1104 quem
1296 1043 1416 1088 iuxta
1451 1043 1600 1090 lesum
1638 1043 1866 1092 Christum
1915 1061 1938 1092 a
1988 1045 2118 1092 vobis

154 1114 309 1170 amari,
346 1114 513 1175 cuique
550 1111 720 1160 similes
756 1126 838 1159 vos
874 1125 1034 1159 omnes
1071 1110 1170 1159 fieri
1208 1118 1332 1173 opto.
1399 1111 1674 1160 Benedictus
1700 1115 1834 1171 enini,
1875 1116 1951 1176 qui
1975 1115 2117 1176 gratia

101 1211 108 1217 ·
154 1198 238 1230 sua
272 1198 352 1231 vos
389 1183 523 1230 talem
558 1183 827 1244 episcopum
862 1181 1102 1244 possidere
1139 1181 1349 1243 dignatus
1386 1189 1472 1232 est.

293 1324 317 1350 ¹⁸
338 1329 374 1379 1.
446 1328 640 1390 Suscepi
677 1333 878 1375 vestrum
903 1327 949 1374 in
967 1327 1059 1375 Deo
1080 1329 1469 1390 exoptatissimum
1504 1343 1684 1386 nomen,
1725 1330 1848 1390 quod
1873 1330 2119 1391 possidetis

152 1408 312 1448 natura
347 1400 478 1456 iusta,
512 1396 764 1445 secundum
802 1396 938 1445 fidem
978 1405 1025 1445 et
1064 1399 1296 1445 caritatem
1332 1399 1376 1444 in
1405 1398 1510 1445 lesu
1548 1398 1729 1445 Christo
1769 1399 2000 1446 Salvatore
2039 1414 2119 1445 no·

152 1476 265 1518 stro.
335 1468 445 1516 Cum
482 1468 734 1515 imitatores
769 1467 871 1514 sitis
908 1467 1002 1524 Dei,
1040 1468 1289 1515 excitantes
1325 1468 1371 1514 iu
1410 1469 1627 1529 sanguine
1667 1467 1834 1514 Christi
1876 1474 2120 1529 cognatum

153 1554 270 1602 opus
306 1538 560 1601 perfectum
596 1543 644 1584 et
689 1536 947 1584 absolutum
997 1537 1289 1595 reddidistis3
1338 1545 1456 1594 tum,
1507 1551 1609 1585 cum
1647 1537 1893 1584 audissetis
1944 1552 2016 1584 me
2066 1553 2121 1585 ex

154 1608 285 1672 Syria
321 1609 518 1655 vinctum
563 1620 649 1668 pro
699 1607 927 1654 communi
972 1607 1155 1654 nomine
1203 1614 1249 1654 et
1295 1621 1377 1669 spe
1413 1607 1603 1662 adduci,
1642 1615 1901 1669 sperantem
1953 1608 2119 1654 vestris

151 1677 366 1741 precihus
401 1691 475 1724 me
510 1682 880 1734 consecuturum,
917 1682 967 1723 ut
993 1676 1163 1724 Romae
1199 1677 1256 1724 ad
1290 1676 1462 1724 bestias
1501 1691 1715 1738 pugnem,
1754 1691 1845 1738 quo
1882 1692 1967 1739 per
2003 1692 2120 1724 mar-

151 1750 316 1811 tyrium
353 1746 577 1808 consequi
609 1746 811 1808 possim,
860 1752 912 1794 ut
947 1747 1047 1794 eius
1084 1747 1169 1793 sim
1210 1746 1486 1808 discipulus,
1538 1747 1616 1808 qui
1665 1753 1811 1794 semet
1844 1748 1992 1808 ipsum
2032 1761 2117 1808 pro

150 1817 286 1865 nohis
322 1815 487 1864 obtulit
520 1816 614 1863 Deo
651 1814 926 1864 oblationem
981 1822 1028 1863 et
1062 1816 1274 1864 hostiam.
1346 1817 1597 1878 Postquam
1644 1817 1782 1878 igitur
1827 1831 2119 1863 numerosam

149 1894 344 1934 vestram
379 1885 712 1933 multitudinem
748 1885 793 1932 in
831 1886 1014 1933 nomine
1049 1886 1128 1933 Dei
1163 1887 1322 1948 excepi
1357 1887 1403 1932 in
1440 1886 1679 1942 Onesim0‚
1723 1885 1966 1933 ineffabilis
2006 1886 2119 1933 cari-

151 1957 256 2004 tatis
289 1957 404 2012 viro‚
439 1961 592 2001 vestro
617 1961 768 2002 antem
786 1955 1040 2002 secundum
1079 1969 1262 2002 carnem
1286 1956 1532 2017 Episcopo,
1574 1970 1709 2016 quem
1746 1969 1827 2001 vos
1853 1970 2011 2002 omnes
2050 1970 2116 2002 se-

152 2024 349 2072 mudum
386 2024 537 2071 lesum
572 2023 801 2071 Christum
838 2024 1055 2085 diligere,
1089 2025 1330 2085 eidemque
1366 2026 1607 2071 universos
1641 2024 1813 2071 similes
1852 2038 1955 2071 esse
1993 2031 2118 2086 opto.

153 2091 424 2143 Benedictus
448 2092 585 2149 enim,
611 2092 690 2153 qui
708 2091 838 2140 vobis
861 2107 947 2155 pro
975 2099 1128 2140 vestro
1146 2093 1311 2140 merito
1336 2093 1472 2140 talem
1491 2093 1663 2141 habere
1690 2093 2117 2156 deditEpiscopum.

222 2237 277 2286 tt.
349 2238 479 2287 laus
511 2237 799 2301 reliquorum
832 2238 1106 2300 tenatorum.
1176 2238 1456 2286 Exhortatio
1491 2241 1557 2287 ad
1593 2216 1899 2287 obedientiam
1933 2252 2048 2299 erqo

772 2323 1034 2384 ῳίεοοραιπ
1068 2328 1110 2368 et
1137 2322 1488 2383 presbyterium.

285 2418 349 2465 De
394 2430 622 2465 conservo
669 2424 821 2466 antem
857 2432 960 2465 meo
999 2417 1201 2475 Burrho,
1244 2418 1498 2466 secundum
1536 2419 1673 2465 Deum
1713 2418 1908 2466 diacono
1945 2426 2116 2477 vestro,

147 2489 194 2536 in
230 2486 443 2535 omnihus
477 2486 737 2544 benedicto,
773 2502 874 2544 oro,
909 2495 959 2535 ut
994 2502 1177 2549 semper
1212 2487 1341 2535 vobis
1378 2495 1424 2535 et
1447 2489 1666 2550 episcopo
1696 2490 1753 2535 sit
1792 2489 1971 2536 honori.
2025 2489 2116 2537 Sed

146 2563 194 2605 et
224 2555 426 2613 Crocus,
475 2563 523 2603 et
556 2556 649 2603 Deo
705 2563 753 2604 et
785 2556 915 2604 vobis
953 2557 1142 2619 dignm,
1192 2571 1327 2619 quem
1375 2558 1605 2619 exemplar
1657 2565 1831 2606 vestrae
1882 2560 2115 2607 charitatis

144 2626 318 2689 accepi,
353 2639 439 2689 per
472 2626 626 2673 omnia
658 2640 732 2674 me
769 2628 1007 2684 recreavit,
1048 2627 1280 2689 quomodo
1319 2635 1365 2674 et
1402 2629 1549 2689 ipsum
1587 2627 1831 2690 refrigeret
1857 2636 1986 2691 pater
2011 2629 2115 2677 lesu

281 2747 376 2799 ‘lt
446 2750 510 2799 De
545 2749 724 2798 Buri-ho
755 2758 905 2800 autem
931 2767 1155 2800 conservo
1192 2762 1370 2811 nostro,
1409 2761 1557 2801 vestro
1589 2755 1841 2802 secundum
1863 2755 2002 2802 Deum
2020 2756 2141 2810 Dia·,

147 2835 267 2869 cono
302 2821 349 2869 in
385 2819 599 2868 omuibus
631 2819 874 2869 benedicto
913 2837 1023 2879 oro,
1069 2830 1119 2870 ut
1164 2830 1431 2886 permaneat
1478 2824 1532 2870 ad
1579 2830 1778 2870 vestrum
1815 2831 1861 2871 ct
1896 2825 2114 2886 Episcopi

147 2890 384 2937 honorem.
454 2889 627 2937 crocu·
665 2891 801 2938 etiam
837 2891 929 2939 Deo
976 2892 1195 2954 vobisque
1242 2894 1432 2955 dignus,
1486 2908 1621 2955 quem
1666 2893 1895 2955 exemplar
1934 2900 2113 2941 vestrae

148 2958 348 3006 caritatis
383 2957 566 3020 aec-epi,
611 2972 698 3021 per
730 2960 881 3007 omnia
917 2976 989 3008 me
1027 2962 1273 3010 recreavit:
1324 2963 1556 3024 quomodo
1606 2969 1649 3009 et
1686 2964 1831 3024 ipsum
1872 2963 2115 3024 refrigeret

232 3177 329 3230 Cap.
360 3177 406 3218 n.
468 3175 509 3228 Ι)
538 3175 582 3217 ln
613 3176 900 3231 ven.85riaca
932 3177 1031 3218 haec
1062 3186 1102 3220 et
1159 3178 1256 3220 dulo
1299 3192 1386 3222 eum
1438 3178 1666 3230 collegisse.
1741 3179 1841 3219 Casu
1885 3191 1930 3217 en
1974 3178 2091 3220 Peter

144 3233 353 3287 sequentia
385 3233 531 3275 desunt
559 3244 688 3286 usque
726 3233 776 3275 ad
807 3234 981 3275 medium
1013 3248 1100 3288 cap.
1159 3248 1325 3277 mannus
1368 3237 1563 3278 excidisse
1596 3242 1727 3288 putat,
1767 3248 1853 3275 enm
1885 3241 2017 3275 extent
2045 3247 2110 3288 ap.

145 3290 317 3331 tertium.
381 3288 542 3331 Refelio
557 3288 650 3342 pins
678 3288 749 3331 ille
770 3291 1002 3339 monachus,
1033 3292 1100 3345 qni
1158 3293 1396 3335 Armenium.
1457 3293 1523 3333 Vix
1558 3292 1811 3333 crediderim.

146 3345 627 3444 '‘fflf’mvissfflmm
677 3345 921 3412 ‘'9¹'‘3m³¹’
968 3347 1099 3414 ‘3¹¹²”³⁸
1245 3376 1288 3429 2)
1322 3378 1421 3419 uate
1474 3377 1511 3417 in
1561 3375 1870 3426 vso-‚ammaum
1909 3373 2108 3434 1314545011:

147 3413 332 3442 omme
524 3431 537 3450 ,
577 3413 680 3455 qnae
715 3413 794 3455 ipsi
833 3409 874 3445 et
902 3416 990 3445 usui
1026 3418 1100 3444 suo

146 3458 322 3499 ucetico
348 3458 478 3500 ninus
522 3470 699 3509 congrua
738 3459 918 3501 minusve
959 3474 1100 3501 neces-

143 3513 249 3554 saria
277 3513 456 3566 ”tab-t.
505 3513 787 3557 Pmeneticos
819 3528 914 3557 vero
935 3517 1097 3569 Episto-

147 3568 272 3610 lanm
305 3569 595 3621 ignauam-nm
633 3569 748 3614 locos
788 3585 1008 3626 omnesque
1048 3574 1096 3613 acl

146 3625 264 3667 tium
284 3625 387 3668 bene
413 3625 698 3669 instituendam
714 3628 1012 3671 exhortationes
1030 3643 1095 3670 se·
1238 3629 1283 3683 3)
1315 3631 1463 3672 πᾶσιν
1494 3630 1522 3667 C
1546 3628 1589 3678 L,
1622 3629 1740 3671 πᾶσι
1771 3628 1883 3672 Voss.

1158 3433 1260 3473 mate
1294 3433 1332 3474 in
1362 3435 1483 3475 veteri
1517 3433 1699 3473 versione
1732 3431 1872 3472 norro.
1932 3431 2108 3473 But-rhus

1158 3496 1217 3529 est
1250 3503 1393 3531 nomen
1425 3491 1640 3530 Romanum
1677 3488 1773 3527 nmis
1805 3487 1988 3540 vulgare3
2028 3501 2107 3530 non

1158 3552 1287 3586 antem
1310 3546 1459 3595 Birt-ns,
1476 3546 1635 3597 Byrrum,
1657 3551 1720 3584 mit
1742 3544 1903 3585 norrun.
1931 3544 2107 3588 Vossius.
