2340 3900
530 146 741 198 imm
772 145 1043 195 nrisrom
1076 146 1149 194 Ap
1185 144 1572 195 smnenses.
1613 131 1685 193 151.
1718 143 1772 193 x,
1803 143 1876 191 xi.
2080 137 2183 190 299

218 291 398 343 ,dotium
434 288 558 338 enim
587 299 766 334 snmma
799 279 905 333 est²¹
942 286 1143 332 omnium
1178 286 1420 344 honorum,
1458 285 1644 347 quaein
1666 281 1925 332 hominihus
1947 288 2180 330 constant:

226 352 394 421 quod¹¹
418 355 577 419 siquis
600 353 968 411 dehonoraverit,
983 353 1124 401 Deum
1145 353 1415 416 dehonorat,
1439 362 1484 402 et
1497 354 1736 401 Dominum
1749 352 1901 401 Iesum
1914 344 2183 399 Christum¹⁸

225 426 579 491 primogenium
613 423 754 471 totius
790 429 1052 479 creaturae,
1099 428 1146 468 et
1181 422 1327 469 solum
1378 431 1541 470 natura
1590 422 1844 485 principem
1894 420 2184 468 sacerdotum
2275 444 2278 447 ·

229 499 323 544 Dei.
405 493 563 543 omnia
607 491 739 540 vobis
786 484 946 540 hene¹⁴
992 491 1231 553 ordinate,
1277 486 1433 551 quae¹⁵
1479 493 1690 539 mandata
1738 497 1844 538 sunt
1890 490 1936 536 in
1985 487 2183 538 Christo.

223 566 350 613 Laici
384 562 599 612 Diaconis
633 559 807 609 subditi
841 561 934 608 sint
947 553 998 618 3¹⁸
1034 559 1222 607 Diaconi
1251 555 1600 621 Presbyteris:¹‘¹
1638 559 1904 621 Presbyteri
1927 557 2187 622 Episcop03

224 635 479 697 Episcopus
514 629 712 687 Christo,
748 630 869 678 sicut
902 630 1002 692 ipse
1037 628 1174 676 Patri.
1250 627 1508 675 Secundum
1534 630 1656 691 quod
1693 622 1814 676 vos¹⁸
1849 641 1921 676 me
1942 627 2184 687 refecistis,

223 706 411 759 trau-es,
457 706 506 748 et
538 714 622 747 vos
658 699 876 756 Dominus
911 699 1041 746 lesus
1089 690 1354 745 Christus-¹⁹
1424 697 1670 745 Absentem
1705 712 1777 746 me
1814 705 1861 746 et
1895 702 2185 758 praesentem

226 770 471 820 dilexistis:
506 767 731 817 retribuet
764 766 895 816 vobis
918 768 1054 826 DeuS,
1091 773 1284 830 propter
1307 758 1488 828 quem²⁰
1526 774 1646 814 tanta
1663 768 1708 813 in
1733 768 1883 814 vincto
1908 765 2009 813 eius
2036 771 2186 814 osten·

225 842 370 889 distis.
440 839 496 887 Et
529 838 570 885 si
594 837 780 900 quidem
799 851 895 885 non
916 851 1018 884 sum
1040 836 1292 893 sufficieuS,
1313 836 1396 883 sed
1421 842 1570 882 tamen
1611 836 1791 884 devotio
1819 839 1970 883 vestra
1998 836 2184 898 grandis

225 917 311 959 est.
362 907 428 967 ,Si
462 908 568 971 quis
602 907 724 955 enim
759 907 1055 955 honoraverit
1087 905 1362 969 Prophetam
1398 905 1443 952 in
1481 907 1666 952 nomine
1702 905 1976 967 Prophetae,
2012 918 2184 953 merce·

222 980 327 1027 dem
374 977 632 1040 Prophetae
679 968 947 1039 accipiet!¹¹
1019 974 1255 1022 Manifeste
1304 981 1352 1022 et
1398 974 1478 1036 qui
1525 974 1722 1022 honorat
1769 974 1968 1021 vinctum
2017 974 2188 1024 Christi

221 1049 339 1105 lesu,
378 1046 636 1096 mercedem
671 1052 920 1109 martyrum
955 1037 1210 1108 accipiet.²²

357 1170 410 1218 X.
481 1169 724 1219 Philonem
760 1177 809 1218 et
842 1170 999 1218 Gaium
1035 1177 1081 1218 et
1113 1169 1412 1232 Agathopum,
1450 1169 1529 1231 qui
1565 1183 1637 1217 me
1673 1178 1929 1232 sequuntur
1964 1173 2011 1221 in
2047 1174 2185 1222 verbo

219 1241 315 1299 Dei,
350 1242 430 1304 qui
466 1247 575 1288 sunt
608 1240 803 1288 ministri
840 1239 1024 1299 Christi,
1060 1238 1179 1287 bene
1216 1238 1391 1286 fecistis
1429 1239 1667 1301 suscipere
1703 1254 1786 1287 eos
1809 1242 1929 1289 sicut
1951 1243 2186 1291 ministros

218 1311 321 1359 Dei:
370 1310 451 1373 qui
483 1316 531 1358 et
564 1310 779 1358 maximas
822 1311 993 1373 gratias
1026 1315 1166 1372 agunt
1201 1308 1392 1356 Domino
1442 1322 1527 1371 pro
1572 1308 1725 1366 vobiS,
1785 1305 1908 1371 quia¹
1958 1311 2187 1360 refecistis

218 1395 303 1428 eos
338 1378 550 1428 omnibus
585 1371 772 1428 modis-¹
840 1378 989 1427 Nichil
1022 1377 1151 1426 vohis
1187 1378 1472 1440 reputabitur
1496 1377 1553 1424 ad
1587 1385 1824 1439 peccatum
1861 1380 1918 1426 de
1948 1379 2034 1437 his,
2071 1395 2187 1442 quae

217 1450 286 1497 eis
322 1449 625 1511 impendistis.
696 1448 781 1497 Det
823 1446 953 1496 vobis
983 1448 1199 1496 Dominus
1238 1449 1442 1494 invenire
1479 1447 1842 1494 misericordiam
1879 1448 2000 1509 apud
2038 1449 2187 1497 Domi-

217 1531 327 1565 num
378 1518 426 1565 in
478 1517 554 1565 illa
601 1510 711 1565 (lie.³
781 1518 875 1566 Pro
906 1516 1143 1566 animabus
1189 1517 1354 1564 vestris
1391 1517 1581 1578 spiritus
1616 1531 1745 1564 meus
1789 1522 1834 1564 et
1867 1517 2045 1565 vincula
2086 1534 2186 1567 mea

217 1580 352 1644 sint‚⁴
387 1601 505 1648 quae
541 1601 635 1633 non
670 1587 923 1651 sprevistis,
958 1580 1023 1635 et⁸
1070 1600 1163 1634 non
1200 1585 1462 1634 erubuistis.
1533 1585 1656 1634 Haec
1702 1592 1775 1634 est
1821 1587 2025 1648 perfecta
2082 1603 2189 1651 spes

218 1657 265 1703 in
301 1656 485 1704 Christo
521 1655 640 1703 lesu.

354 1766 425 1814 XI.
496 1765 738 1816 Orationes
775 1776 952 1818 vestrae
988 1761 1430 1832 appropinquarunt¹
1463 1768 1521 1815 ad
1556 1769 1883 1815 Antiochenam
1921 1769 2185 1828 Ecclesiam,

217 1838 292 1885 cui
329 1842 378 1884 et
410 1834 591 1899 pacifici
622 1839 750 1886 estis.
821 1838 947 1888 Unde
983 1845 1030 1887 et
1065 1841 1238 1887 vinctus
1278 1851 1437 1886 omnes
1475 1838 1638 1885 saluto.
1710 1832 1861 1886 Unde²
1899 1845 2060 1886 etnon
2087 1855 2188 1902 sum

220 1908 385 1969 dignus
421 1920 527 1954 esse
563 1906 750 1956 ultimus
788 1923 976 1967 eorum;
1028 1909 1112 1956 sed
1144 1908 1398 1955 secundum
1438 1908 1516 1954 Dei
1551 1907 1824 1954 voluntatem
1875 1908 2039 1969 dignus
2077 1910 2185 1958 efl'e·

220 1984 322 2024 cuis
356 1989 473 2033 sum,
505 1990 598 2024 non
636 1989 691 2024 ex
724 1992 826 2026 mea
864 1979 1164 2041 providentia,
1202 1977 1284 2023 sed
1322 1991 1376 2023 ex
1412 1977 1556 2038 gratia
1586 1977 1679 2023 Dei.
1755 1977 1897 2034 Quam
1936 1984 2044 2039 opto
2082 1993 2183 2040 per·

221 2046 386 2094 lectam
422 2045 534 2092 mihi
569 2045 736 2103 tribui,
770 2053 822 2094 ut
857 2061 940 2110 per
974 2054 1151 2095 vestras
1189 2046 1421 2093 orationes
1459 2045 1598 2092 Deum
1635 2059 1818 2093 merear
1865 2046 2086 2108 adipisci,
2141 2055 2190 2095 ut

220 2129 339 2178 opus
384 2107 558 2162 meum⁸
603 2114 859 2178 perfeetum
905 2117 966 2164 sit
1010 2117 1056 2163 in
1106 2115 1235 2163 caelo
1289 2122 1335 2161 et
1383 2116 1427 2161 in
1478 2120 1615 2163 terra.
1689 2115 1828 2163 Decet
1874 2129 1986 2177 ergo
2025 2130 2103 2164 vos
2142 2118 2188 2164 in

223 2186 447 2232 honorem
484 2182 579 2242 Dei,
616 2198 773 2233 curam
810 2200 975 2248 gerere
1011 2186 1103 2233 Deo
1141 2185 1306 2246 dignae
1342 2184 1590 2240 Ecclesiae,
1626 2198 1742 2245 quae
1778 2191 1847 2232 est
1885 2186 1930 2232 in
1966 2184 2111 2248 Syria,
2140 2193 2185 2234 et

221 2252 530 2316 congratulari
565 2254 649 2312 eis,
685 2257 792 2317 quia
830 2255 1009 2318 pacifici
1046 2262 1166 2311 sunt,
1203 2247 1597 2315 etperceperunt⁴
1629 2268 1755 2301 suam
1788 2253 2186 2316 magnificentiam,

222 2331 270 2371 et
306 2324 515 2371 restituta
554 2331 629 2371 est
662 2325 731 2372 eis
769 2325 814 2372 in
867 2339 1063 2387 corpore
1112 2316 1307 2370 eorum.⁸
1379 2322 1470 2369 Sed
1519 2323 1628 2369 mihi
1675 2324 1820 2370 visum
1863 2330 1958 2380 est,
2007 2325 2187 2372 mittere

219 2393 416 2455 aliquem
454 2399 655 2440 vestrum
693 2393 798 2442 illuc
837 2409 940 2441 cum
979 2392 1203 2455 Epistola,
1243 2399 1292 2438 ut
1327 2390 1588 2453 glorificent
1624 2392 2015 2453 tranquillitatem,
2067 2409 2184 2455 quae

220 2463 289 2510 eis
326 2461 579 2510 secundum
612 2462 751 2511 Deum
789 2464 981 2525 contigit
1016 2469 1062 2510 et
1098 2462 1311 2523 quietem.
1383 2461 1477 2522 Ego
1511 2455 1642 2508 vero⁶
1671 2461 1817 2508 merui
1840 2468 2024 2523 portum
2062 2464 2187 2511 tutis-

219 2532 383 2579 simum
417 2532 465 2579 in
485 2530 669 2580 Christo
691 2532 975 2581 orationibus
999 2533 1178 2580 vestris.
1252 2530 1364 2578 Cum
1387 2530 1487 2577 sitis
1513 2530 1720 2593 perlecti,
1745 2531 1948 2593 perfecta
1979 2533 2188 2594 cogitate,

220 2604 398 2663 sapite,
436 2601 616 2650 sentite.
689 2601 958 2651 Volentibus
994 2602 1116 2651 enim
1154 2602 1282 2650 vobis
1318 2601 1436 2649 bene
1475 2614 1637 2662 agere,
1677 2601 1810 2648 etiam
1845 2601 1965 2649 Deus
2001 2608 2187 2663 paratus

219 2677 292 2718 est
324 2670 454 2718 vohis
490 2678 743 2733 praestare.

313 2833 383 2888 12)
412 2847 526 2888 quen
553 2833 638 2876 Pal.
667 2834 762 2886 Reg.
1315 2831 1360 2883 2)
1394 2832 1511 2872 Voce.
1565 2833 1743 2872 omnibus
1798 2833 1925 2873 modis
1981 2845 2058 2872 om.
2105 2832 2188 2873 l‘al.

313 2888 384 2942 13)
416 2889 609 2932 avium
646 2890 732 2932 des.
770 2890 809 2931 in
842 2890 925 2932 Pal.
958 2891 1051 2942 Reg.
1110 2891 1170 2930 Cf.
1231 2890 1465 2930 omnimodis
1494 2888 1579 2928 cxli.
1613 2887 1705 2938 Reg.

222 2944 382 2985 Coloss.
416 2946 454 2993 l,
486 2946 550 2987 15.
1314 2946 1359 2995 3)
1393 2946 1433 2984 in
1467 2945 1531 2984 die
1565 2945 1637 2985 illa
1652 2944 1744 2994 ch.
1782 2944 1967 2985 Ceterum
1984 2943 2186 2985 cL2Tim.

314 3001 384 3051 14)
414 2999 483 3042 ste
510 3012 557 3042 ex
586 3000 795 3052 Panes..
822 3002 917 3042 bene
940 3004 1049 3043 vobis
1068 3003 1171 3052 vulg.
1235 3001 1270 3050 1,
1310 3002 1372 3043 18.

312 3055 381 3108 15)
410 3068 511 3110 que
542 3055 655 3097 deest
683 3055 724 3097 iu
754 3056 838 3097 Pal.
870 3058 964 3107 neg.
1321 3057 1367 3110 4)
1399 3059 1476 3097 sint
1508 3056 1725 3109 supraadcl.
1760 3056 1797 3096 in
1831 3056 1923 3107 llcg.

311 3110 381 3166 ¹6)
410 3112 591 3154 diuo-is
621 3113 701 3153 niae
734 3113 883 3153 muita·
913 3112 994 3152 Pal.
1316 3115 1364 3167 5)
1394 3118 1431 3154 cl
1462 3126 1562 3166 quac
1593 3113 1644 3154 al.
1676 3113 1771 3163 ch.

311 3169 381 3221 17)
410 3169 465 3210 lu
499 3168 530 3209 C
562 3168 646 3210 Pal.
670 3166 765 3220 neg.
794 3168 859 3209 ed.
881 3168 1025 3209 Veneta
1052 3169 1173 3218 15⁴6,

223 3225 445 3277 Presbytero
477 3224 659 3266 nonnulli
691 3223 795 3274 vulg.
1314 3224 1411 3278 Cap.
1442 3225 1504 3266 ΧΙ.
1569 3223 1610 3276 1)
1652 3227 2056 3279 appropinquaverunt
2088 3224 2183 3276 l‘al.‚

316 3282 386 3334 18)
411 3295 481 3323 uos
514 3294 593 3322 om.
628 3280 711 3321 Pal.
742 3280 835 3328 lien.
1232 3281 1297 3322 nbi
1330 3281 1500 3322 subinde
1531 3283 1583 3322 aa
1616 3282 1858 3322 antiochiam
1887 3282 2103 3323 ecclesiam.

311 3335 383 3392 te)
409 3338 558 3389 reficiat
600 3349 704 3379 man.
745 3350 827 3378 see.
867 3336 1083 3389 snpraadal.
1135 3338 1172 3377 in
1315 3336 1360 3388 2)
1393 3337 1498 3377 Unde
1529 3351 1605 3378 om.
1639 3337 1720 3377 l'al.

226 3394 309 3435 Pal.
1314 3392 1359 3444 3)
1389 3398 1557 3434 vestrum
1588 3393 1669 3434 l'al.
1703 3393 1795 3445 tic-g.
1815 3393 1878 3435 ed.
1902 3393 2046 3436 veneta
2066 3394 2185 3447 1546,

306 3451 380 3501 2⁰)
409 3450 512 3548 πού
540 3449 634 3501 Reg.
1232 3457 1272 3490 nt
1305 3454 1431 3489 textus
1463 3461 1520 3497 gr.
2058 3485 2065 3492 ,

305 3507 380 3560 21)
447 3505 546 3547 etth.
580 3506 647 3555 1⁰,
676 3505 742 3547 41.
1317 3505 1362 3557 4)
1388 3511 1641 3558 pepercerunt
1674 3504 1767 3555 lleg.

307 3563 383 3615 22)
408 3563 601 3616 percipiet
632 3559 716 3603 Pal.
747 3561 840 3613 fleg.
1318 3563 1362 3612 5)
1396 3564 1572 3613 ipsorum
1605 3560 1687 3602 Pal.
1721 3561 1813 3613 Reg.

307 3619 405 3672 Cap.
432 3617 476 3659 Χ.
537 3616 581 3671 1)
608 3619 796 3672 quoniam
828 3618 911 3659 l’al.
944 3618 1038 3669 Reg.
1315 3620 1360 3671 6)
1390 3630 1477 3657 vcro
1510 3629 1590 3658 non
1623 3624 1685 3660 est
1714 3617 1752 3659 in
1785 3617 1867 3660 l'al.
1906 3618 1999 3672 Reg.
