2340 3900
655 187 690 234 1.
728 184 1043 233 cLEuENTIS
1081 185 1151 232 AD
1190 187 1314 234 COR.
1366 185 1492 236 XLV.
1528 183 1674 232 XLVI.
2079 179 2146 231 93

494 324 620 372 XLV.
686 324 1008 386 Inproborum
1043 331 1121 382 est,
1156 326 1302 373 iustos
1336 339 1513 373 vexare
1545 305 1588 372 et
1624 324 1836 372 deiicere.

324 421 606 468 Contentiosi
641 422 771 479 estis,
809 421 989 477 fratreS,
1028 426 1072 467 et
1109 421 1155 466 iu
1192 420 1346 478 rebuS‚
1382 435 1496 482 quae
1537 421 1592 468 ad
1617 419 1811 467 salutem
1835 418 2018 467 minime
2047 433 2147 481 per-

187 491 345 547 tinent,
384 490 569 536 accensi
604 490 720 538 zelo.
791 489 1055 551 Scripturas
1092 489 1332 549 diligenter
1367 492 1593 552 inspicite,
1631 503 1748 551 quae
1772 488 1970 551 Spiritus
2007 490 2152 536 sancti

183 573 289 607 vera
318 565 424 606 sunt
446 559 643 606 oracula.
687 560 931 616 Attendite,
967 559 1012 605 in
1048 558 1136 605 illis
1174 558 1287 604 nihil
1324 559 1538 605 iniustum
1575 573 1725 620 neque
1749 572 2015 620 perversum
2042 558 2153 606 scri·

182 636 312 691 ptum
332 642 451 675 esse.
496 627 597 675 Non
620 629 740 676 enim
763 643 788 676 a
821 628 929 675 viris
965 627 1136 674 sanctis
1173 628 1407 673 invenietis
1446 629 1589 675 iustos
1613 628 1824 675 reiectos.
1868 628 2154 676 Persecutio-

185 711 292 744 nem
314 698 440 760 passi
464 704 572 743 sunt
593 699 713 755 iusti,
749 697 831 746 sed
854 696 911 744 ab
931 697 1124 758 iniquis3
1162 695 1207 742 in
1233 709 1466 742 carcerem
1492 705 1601 743 sunt
1634 698 1844 755 coniecti,
1882 697 1964 744 sed
1993 697 2051 745 ab
2075 697 2155 744 im·

182 767 298 828 piis,
333 767 519 828 lapidati
560 773 679 824 sunt,
715 766 798 814 sed
835 781 862 813 a
897 766 1085 813 nefariis
1098 779 1112 826 5
1150 765 1294 811 occisi
1333 772 1453 821 sunt,
1491 765 1574 812 sed
1613 781 1637 813 a
1676 766 1885 814 scelestis
1913 773 1959 813 et
1986 767 2153 814 iniusto

183 836 284 883 zelo
314 835 534 898 abreptis.
604 836 725 883 Haec
759 836 983 898 patientes
1021 835 1224 896 gloriose
1259 833 1474 880 tulerunt.
1545 835 1658 891 Quid
1692 837 1829 892 enim,
1868 835 2048 893 fratreS‚
2088 836 2151 884 di·

186 905 375 952 cemus?
446 905 602 952 Daniel
637 906 682 952 in
721 905 984 967 speluncam
1020 903 1206 950 leonum
1241 903 1297 950 ab
1334 904 1402 949 eis
1459 904 1536 963 qui
1590 903 1729 950 Deum
1782 904 2001 952 timebant
2048 918 2154 953 cou-

185 975 332 1021 iectus
368 974 473 1020 est?
506 976 573 1021 An
607 974 820 1031 Ananias,
856 973 1035 1020 Azarias
1072 980 1117 1019 et
1154 972 1309 1019 Misael
1346 971 1551 1019 conclusi
1574 980 1682 1019 sunt
1710 973 1756 1019 in
1778 974 2014 1022 fornacem
2036 974 2154 1036 ignis

184 1042 241 1089 ab
279 1043 346 1090 eis
397 1043 476 1104 qui
510 1042 803 1105 magnificum
840 1050 887 1091 et
921 1043 1175 1104 gloriosum
1213 1041 1420 1088 altissimi
1444 1041 1614 1087 cultum
1638 1042 1974 1090 observabant?
2026 1043 2157 1090 Absit

184 1110 405 1174 prorsus!
472 1112 664 1169 Quinam
694 1113 837 1174 igitur
887 1113 1002 1160 haec
1036 1111 1312 1174 patrarunt?
1382 1110 1686 1157 Abominandi
1737 1119 1783 1158 et
1828 1113 1951 1159 omni
1988 1112 2157 1160 malitia

184 1181 308 1243 pleni
344 1195 402 1228 eo
438 1181 611 1230 furoris
647 1182 778 1229 rixati
814 1188 933 1239 sunt,
968 1188 1020 1228 ut
1053 1195 1151 1235 eoS,
1190 1181 1270 1241 qui
1306 1181 1351 1226 in
1391 1186 1547 1226 sancta
1583 1187 1630 1227 et
1666 1181 1893 1243 inculpata
1927 1181 2157 1229 voluntate

185 1249 281 1297 Deo
305 1242 576 1310 sensti-unt,
613 1252 853 1299 tormentis
877 1251 1134 1308 iniecerint,
1155 1250 1439 1311 ignorantes,
1463 1246 1742 1296 Altissimum
1767 1257 2158 1313 propugnatorem

187 1326 237 1366 et
270 1319 562 1368 defensorem
596 1336 758 1369 eorum
793 1334 921 1378 esse,
966 1321 1046 1382 qui
1092 1321 1138 1366 in
1187 1334 1300 1381 pura
1338 1319 1620 1366 conscientia
1655 1333 1823 1367 nomen
1858 1320 1958 1367 eius
1993 1320 2158 1367 virtute

187 1388 372 1451 plenum
410 1390 577 1448 colunt,
615 1391 688 1438 cui
725 1392 787 1438 sit
820 1390 970 1452 gloria
1005 1390 1052 1436 in
1089 1389 1243 1436 secula
1281 1389 1568 1445 seculorum,
1619 1388 1787 1436 Amen!
1850 1389 1916 1435 llli
1951 1402 2076 1446 vero,
2111 1389 2157 1435 in

190 1457 360 1506 fiducia
394 1460 625 1520 patienter
657 1460 923 1518 tolerantem,
963 1459 1137 1521 gloriae
1173 1466 1219 1506 et
1256 1458 1447 1506 honoris
1484 1458 1710 1506 haeredes
1748 1458 1855 1505 sacti
1891 1465 2010 1516 sunt,
2048 1464 2094 1504 et
2134 1472 2158 1504 a

188 1527 282 1575 Deo
317 1528 495 1575 exaltati
532 1536 580 1577 et
623 1530 813 1591 gratiosi
848 1535 957 1577 sunt
991 1528 1145 1576 effecti
1183 1528 1226 1575 in
1263 1529 1482 1576 memoria
1520 1529 1754 1589 ipsorum,
1802 1528 1846 1574 in
1885 1527 2039 1575 secula
2090 1541 2159 1574 se·

191 1597 410 1656 culorum,
445 1598 617 1647 Amen!

331 1722 475 1771 XLVI.
544 1723 895 1772 Adhaereamus
930 1725 1081 1773 iustis.
1157 1725 1407 1771 Dissensio
1443 1730 1599 1771 vestra
1628 1724 1897 1784 perniciosa
1934 1729 2012 1770 est.

328 1821 511 1868 Talibus
548 1821 687 1882 igitur
719 1821 936 1883 exemplis
973 1828 1018 1868 et
1053 1835 1139 1868 nos
1178 1821 1429 1868 adhaerere
1466 1826 1664 1882 oportet,
1699 1821 1879 1867 fratres.
1929 1819 2160 1882 Scriptum

192 1890 312 1937 enim
347 1897 449 1937 est:
485 1889 682 1947 ‚Sanctis
716 1904 798 1937 vos
834 1890 1081 1951 adiungite‚
1123 1891 1242 1952 quia,
1279 1891 1357 1951 qui
1393 1890 1481 1937 illis
1508 1889 1771 1947 adhaerent,
1811 1888 2159 1937 sanctificabun-

193 1957 296 2005 tur.‘
344 1958 399 2005 Et
431 1973 592 2005 rursus
629 1959 675 2004 in
710 1959 799 2005 alio
835 1958 967 2006 loco:
1003 1973 1120 2015 ,cum
1156 1961 1256 2006 viro
1295 1960 1536 2006 innocente
1575 1959 1796 2006 innocens
1834 1960 1941 2016 eriS,
1976 1965 2022 2005 et
2057 1972 2160 2005 cum

193 2026 342 2074 electo
377 2026 552 2074 electus
589 2027 695 2083 eris,
729 2034 778 2074 et
812 2040 916 2073 cum
952 2042 1170 2088 perverso
1209 2025 1515 2088 perverteris}
1574 2027 1722 2083 Quare
1758 2026 2081 2074 innocentibus
2118 2034 2166 2073 et

197 2096 329 2142 iustis
365 2095 602 2157 iungamus
637 2108 751 2152 nos;
789 2097 819 2143 ii
856 2098 1026 2158 quippe
1061 2103 1167 2143 sunt
1203 2096 1336 2143 electi
1372 2096 1465 2143 Dei.
1525 2096 1616 2143 Cur
1652 2097 1772 2143 inter
1804 2109 1883 2142 vos
1922 2103 2028 2143 sunt
2055 2109 2162 2143 con-

198 2164 454 2223 tentiones,
490 2165 612 2221 irae,
644 2164 983 2223 dissensiones,
1020 2165 1262 2211 schismata
1299 2172 1346 2212 et
1382 2165 1580 2212 bellum?
1642 2166 1801 2212 Nonne
1846 2179 1985 2211 unum
2024 2165 2162 2211 Deum

198 2240 244 2279 et
279 2247 415 2280 unum
453 2233 679 2280 Christum
716 2232 973 2281 babemus?
1012 2235 1171 2282 Nonne
1205 2248 1323 2281 unus
1362 2241 1431 2281 est
1465 2234 1663 2296 Spiritus
1699 2235 1884 2295 gratiae,
1922 2235 1999 2295 qui
2023 2240 2165 2295 supe‘r

197 2315 283 2349 nos
319 2301 493 2350 effusus
529 2309 623 2357 est,
672 2309 720 2349 et
754 2317 842 2350 una
877 2304 1053 2350 vocatio
1090 2304 1134 2350 in
1174 2303 1387 2350 Christo?
1451 2303 1541 2349 Cur
1577 2303 1826 2351 divellimus
1864 2309 1910 2349 et
1946 2303 2166 2364 discerpi·

196 2383 299 2417 nnus
331 2370 533 2418 membra
569 2370 765 2429 Christi,
818 2378 864 2418 ct
898 2379 1057 2419 contra
1094 2372 1333 2434 proprium
1381 2386 1549 2434 corpus
1604 2372 1878 2419 seditionem
1912 2385 2163 2429 movemus,

195 2452 345 2500 eoque
379 2439 589 2487 vesaniae
624 2439 919 2498 devenimus,
959 2447 1009 2487 ut
1043 2441 1156 2488 alios
1196 2441 1390 2488 aliorum
1426 2440 1630 2488 membra
1667 2455 1770 2488 esse
1809 2439 2163 2488 obliviscamur?

195 2506 513 2555 Decor-damini
548 2506 791 2556 verborum
826 2509 930 2556 lesu
966 2509 1141 2556 Domini
1181 2511 1343 2557 nostri.
1404 2509 1518 2557 Dixit
1554 2511 1693 2557 enim:
1729 2524 1823 2568 ,vae
1862 2510 2034 2557 homini
2071 2508 2161 2557 illi!

193 2576 368 2624 Bonum
404 2584 505 2624 erat
544 2578 588 2624 ei
627 2578 666 2624 si
702 2585 835 2625 natus
871 2593 963 2626 non
999 2579 1174 2637 fuisset,
1212 2595 1345 2641 quam
1382 2587 1434 2627 ut
1469 2594 1607 2627 unum
1634 2594 1687 2627 ex
1712 2579 1869 2626 electis
1898 2580 2013 2626 meis
2038 2594 2164 2627 scau·

194 2645 435 2702 dalizaret3
484 2646 647 2695 melius
682 2655 783 2695 erat
831 2655 880 2695 ut
917 2650 958 2695 ei
1012 2649 1128 2695 mola
1170 2650 1599 2711 circumponeretur
1651 2657 1697 2696 et
1734 2650 2080 2710 demergeretur
2118 2650 2162 2695 in

194 2729 347 2774 mare,
395 2729 531 2778 quam
567 2723 620 2763 ut
652 2731 793 2764 unum
829 2717 886 2764 de
922 2718 1101 2779 pusillis
1137 2720 1252 2766 meis
1288 2716 1648 2766 scandalizaret.‘
1721 2718 1929 2766 Schisma
1964 2725 2164 2765 vestrum

194 2784 362 2833 multos
399 2786 639 2847 pervertit,
685 2785 852 2833 multos
899 2788 946 2834 in
996 2788 1132 2834 animi
1170 2788 1495 2846 deiectionem,
1533 2789 1699 2835 multos
1737 2788 1782 2834 in
1819 2788 2165 2846 vacillationem,

197 2868 357 2902 omnes
392 2868 479 2901 nos
515 2854 562 2901 in
598 2855 824 2903 tristitiam
864 2856 1086 2914 coniecit,
1126 2872 1211 2906 nos
1250 2872 1410 2906 omnes
1446 2871 1660 2905 moerore
1698 2856 1872 2915 all'ecit3
1921 2863 1967 2905 et
2016 2858 2164 2904 adhuc

195 2923 360 2970 seditio
396 2930 546 2971 vestra
583 2924 806 2987 persistit.

196 3099 422 3140 voluerunt.
484 3098 541 3140 De
579 3109 678 3139 voce
719 3095 904 3154 ἱξερίζω
944 3111 978 3140 v.
1010 3099 1149 3151 Steph.
1295 3099 1340 3153 2)
1375 3101 1439 3141 Ps.
1473 3100 1536 3150 17,
1570 3099 1637 3141 26.
1670 3100 1735 3141 27.

197 3155 317 3197 Thes.
347 3155 463 3206 (edit.
494 3153 604 3206 nov.)
636 3160 675 3195 et
696 3154 872 3204 Pasww,
904 3155 995 3196 Lex.
1014 3167 1071 3206 gr.
1105 3155 1150 3195 11.
1294 3170 1339 3224 3)
1370 3171 1447 3212 130·
1477 3171 1525 3220 4,
1559 3170 1595 3212 1,

280 3211 325 3264 8)
356 3211 424 3252 Sic
466 3223 541 3251 nos
580 3209 791 3262 legendnm
821 3217 1020 3263 putamus.
1082 3212 1152 3252 ΜΒ.

198 3267 319 3309 babet
350 3265 570 3333 ἔπαφςον
596 3266 634 3308 ·i.
666 3280 700 3308 e.
808 3266 861 3308 od
903 3279 1045 3320 spuma
1077 3266 1151 3309 ob·
1290 3240 1335 3291 4)
1367 3241 1468 3319 EPh’
1502 3241 1542 3290 4⁹
1576 3241 1699 3282 4-6·
2058 3306 2079 3321 ο

198 3323 359 3366 ductum
415 3322 574 3365 renidet
626 3330 667 3365 et
715 3323 752 3363 al
784 3322 896 3364 escit.
969 3323 1151 3365 Davisius
1223 3363 1235 3380 ‚
1295 3310 1339 3361 5)
1370 3309 1455 3350 Vffl·
1504 3322 1626 3363 811ΡΝ
1677 3323 1709 3350 ⁰·
1756 3308 1788 3351 ¹·
1833 3306 1901 3355 εἷς
1939 3317 2165 3352 Τθσθυῒθν

199 3379 364 3421 coniicit
401 3376 695 3437 ἔπαιθέριοι,
744 3379 903 3420 Boisius
943 3375 1151 3437 ἐλαφροὶ,
1210 3367 1450 3413 “⁷¹⁰²‘Ol‘25-

199 3437 342 3477 solutis
378 3437 567 3488 vinculis,
607 3435 669 3477 vel
702 3432 967 3493 ἀνέπαφα,
1012 3437 1151 3478 intacti
1297 3435 1342 3488 6)
1374 3435 1489 3484 Quod
1536 3435 1709 3476 tintinnis
1748 3447 1827 3475 non
1866 3433 2046 3477 insolens
2077 3435 2163 3484 fuit,

200 3505 258 3533 sc.
287 3493 336 3532 ab
372 3493 472 3544 ique.
513 3491 559 3533 Η.
589 3491 652 3533 ed.
681 3492 741 3533 tv.
1211 3492 1334 3534 multa
1365 3491 1591 3532 testimonia
1658 3491 1808 3533 lemcns
1841 3490 1879 3531 in
1911 3503 2032 3533 tinum
2063 3503 2162 3533 con-

286 3547 384 3601 cap.
423 3546 552 3589 xlm.
627 3548 669 3602 1)
699 3547 807 3590 naec
858 3548 977 3590 verba
1027 3548 1066 3589 in
1113 3550 1153 3590 S.
1211 3547 1363 3598 iungit:
1409 3560 1551 3599 nempe
1612 3547 1744 3588 nauh.
1793 3547 1871 3599 26,
1918 3547 1985 3590 24.
2068 3546 2165 3589 Luc.

201 3605 409 3657 Scriptura
441 3603 589 3644 frustra
608 3611 865 3658 quaeruntur.
926 3605 1007 3646 Cir.
1030 3605 1153 3646 Clem.
1216 3604 1288 3653 17,
1321 3603 1359 3644 2.
1405 3604 1538 3644 matth.
1573 3603 1642 3654 18,
1674 3605 1713 3646 6.
1754 3603 1873 3644 Marc.
1903 3603 1954 3655 9,
1989 3603 2051 3646 ¹2.
2086 3602 2166 3645 Coe.

201 3660 307 3702 Alex.
339 3661 489 3701 strom.
515 3658 560 3709 V,
592 3658 632 3703 8.
664 3672 705 3714 p.
734 3660 830 3702 677.
1213 3659 1293 3700 Csr.
1326 3658 1449 3700 Clem.
1483 3658 1589 3700 Alex.
1623 3662 1770 3702 Strom.
1802 3659 1865 3711 ΙΙΙ,
1899 3658 1963 3703 18.
1992 3672 2034 3714 p.
2069 3659 2168 3703 561.
