2340 3900
0 3184 40 3195 Q
0 2775 42 3132 *Um-

800 117 1089 164 BARNABAE
1123 118 1409 167 EPISTOLA.
1455 118 1507 166 X.
2068 117 2135 168 23

175 261 278 308 Tria
332 257 544 317 dogmata
602 256 648 302 in
710 255 943 302 intellectu
999 259 1361 317 comprehendit.
1442 260 1588 307 Porro
1650 259 1712 305 ait
1768 258 1857 305 illis
1919 258 2135 307 Dominus

172 330 220 376 in
253 324 624 374 deuteronomio:
660 331 721 381 ,et
758 325 997 386 disponam
1019 326 1077 371 ad
1105 327 1325 387 populum
1349 330 1468 375 hunc
1499 334 1743 390 praecepta
1773 325 1902 374 mea.‘
1975 328 2136 375 Nonne

171 410 284 458 ergo
329 393 588 440 mandatum
636 394 718 440 Dei
762 400 859 451 est,
909 408 967 440 ne
1011 395 1319 457 manducent?
1390 398 1491 454 Est,
1550 398 1631 444 sed
1680 397 1830 444 Moses
1861 395 1927 444 'in
1970 397 2134 458 spiritu

170 466 349 512 loeutm
397 470 481 510 est.
560 463 847 525 Quapropter
894 464 963 510 sic
1011 463 1195 519 ,suem‘
1243 466 1327 521 ait,
1383 468 1511 526 quasi
1567 467 1768 513 diceret:
1816 480 1909 512 non
1970 466 2136 512 adbae-

169 533 293 581 rebis
330 532 594 578 hominibus
633 531 824 590 talibus,
875 533 952 593 qui
990 532 1162 579 similes
1189 541 1306 579 sunt
1342 537 1512 595 porcis.
1585 535 1696 581 Nam
1734 549 1836 582 cum
1874 536 1921 582 in
1957 535 2133 582 deliciis

165 603 331 658 vivunt,
366 601 544 647 Domini
579 602 651 648 sui
685 601 1038 657 obliviscuntur3
1076 615 1178 648 cum
1201 609 1350 649 autem
1380 605 1688 651 destituuntur
1723 605 2014 661 necessariiS,
2052 604 2136 651 Do-

166 672 339 726 minum
373 676 640 731 agnoscunt.
706 670 764 717 Et
797 671 983 731 quidem
1020 685 1215 732 porcus,
1266 673 1448 732 quando
1499 674 1718 729 eomedit,
1770 674 2002 721 dominum
2039 687 2135 720 non

167 741 315 796 novit3
352 739 534 800 quando
569 746 721 786 autem
748 741 908 796 esurit,
946 739 1131 796 clamat3
1169 747 1215 787 et
1249 748 1438 801 accepta
1473 743 1633 788 iterum
1670 756 1775 788 esca
1810 750 1945 792 tacet.
2029 742 2137 799 ,Nec

164 806 503 864 manducabis,‘
539 809 712 870 inquit,
748 809 988 870 ,aquilam,
1022 823 1171 870 neque
1207 811 1495 871 accipitrem,
1535 825 1684 871 neque
1731 812 1936 869 milvum,
1983 826 2135 872 neque

165 875 382 926 eorvum-‘
451 877 553 925 Non
587 877 873 935 adhaerebiS‚
910 879 1030 935 dicit,
1070 879 1125 925 iis
1163 879 1452 936 hominibus,
1491 880 1571 940 qui
1609 882 1820 926 nesciunt
1856 880 1942 927 sibi
1978 880 2136 927 labore

162 962 221 996 ac
252 947 423 994 sudore
459 961 623 1008 parare
658 948 851 1005 victum,
905 948 989 994 sed
1034 948 1180 995 aliena
1217 949 1399 1011 rapiunt
1434 950 1618 1010 inique3
1667 956 1711 995 et
1761 963 1862 995 cum
1897 950 2136 997 videantur

164 1019 212 1065 in
245 1016 532 1078 simplicitate
580 1017 838 1074 ambulare,
887 1024 1035 1064 tamen
1081 1018 1179 1065 aliis
1226 1019 1512 1065 insidiantur.
1582 1019 1637 1064 Et
1682 1032 1786 1064 aves
1836 1019 1975 1076 istae,
2024 1019 2132 1065 dum

163 1087 339 1134 otiosae
374 1082 567 1142 sedent,
603 1093 854 1148 quaerunt,
893 1088 1125 1148 quomodo
1164 1087 1331 1134 alienas
1369 1102 1532 1134 earnes
1570 1088 1813 1144 devorent,
1852 1094 2049 1148 suntque
2087 1088 2134 1133 in

162 1155 327 1204 malitia
362 1169 445 1201 sua
481 1156 743 1217 pestiferae.
810 1156 919 1214 ,Nec
956 1155 1292 1213 manducabis,‘
1328 1158 1497 1218 inquit,
1537 1171 1829 1213 ,muraenam,
1867 1171 2017 1218 neque
2054 1170 2132 1217 po·

161 1226 342 1289 lypum,
378 1239 533 1286 neque
570 1223 775 1288 sepiam.‘
846 1225 978 1284 Non,
1010 1226 1172 1287 inquit,
1209 1226 1492 1284 adhaerebis,
1531 1241 1614 1273 nec
1653 1224 1810 1274 similis
1849 1226 1941 1272 eris
1978 1226 2132 1271 huius-

161 1295 287 1343 modi
320 1294 607 1352 hominibuS,
645 1297 726 1357 qui
759 1296 807 1342 in
841 1302 1110 1358 perpetuum
1149 1297 1275 1357 impii
1312 1303 1431 1353 sunt,
1470 1304 1516 1343 et
1551 1297 1609 1343 ad
1635 1303 1827 1342 mortem
1866 1301 1973 1341 sunt
2009 1294 2132 1340 adiu-

161 1364 327 1421 dicati3
364 1365 747 1426 quemadmodum
782 1365 857 1412 isti
892 1365 1129 1427 pisciculi,
1168 1365 1253 1412 soli
1291 1366 1544 1422 maledieti,
1582 1367 1627 1412 in
1663 1365 1892 1426 profundo
1931 1363 2132 1409 volutan-

159 1442 250 1491 tur,
282 1447 370 1481 nec
403 1441 456 1480 ut
489 1433 655 1495 reliqui
690 1435 843 1497 pisces
861 1442 1115 1496 emergunt,
1152 1435 1235 1482 sed
1274 1436 1480 1491 interra,
1519 1449 1634 1496 quae
1668 1435 1713 1480 in
1739 1433 1968 1494 profundo
1994 1432 2134 1478 maris

158 1510 244 1561 est,
281 1503 469 1565 degunt.
540 1501 633 1550 Sed
669 1511 718 1551 et
749 1503 1000 1566 ,leporem‚‘
1037 1505 1211 1566 inquit,
1249 1519 1356 1561 ,non
1395 1502 1638 1552 comedes?
1710 1501 2046 1560 Quamobrem?
2085 1501 2136 1547 Id

158 1580 244 1630 est,
279 1587 373 1620 non
408 1573 502 1620 eris
538 1587 790 1634 puerorum
826 1581 1099 1636 corruptor,
1146 1589 1232 1621 nec
1270 1575 1462 1621 similem
1498 1582 1542 1620 te
1579 1574 1744 1620 talibus
1778 1571 1983 1631 efficies3
2022 1585 2133 1631 quo·

156 1644 279 1691 niam
300 1642 432 1704 lepus
450 1643 583 1690 annis
598 1643 791 1706 singulis
816 1658 1035 1706 spurcum
1061 1644 1209 1692 cubile
1236 1644 1518 1705 multiplicat.
1574 1644 1691 1700 Quot
1707 1642 1827 1689 enini
1848 1654 1993 1686 annos
2013 1640 2133 1695 vivit,

160 1718 229 1760 tot
263 1711 402 1759 babet
436 1711 670 1760 foramina.
738 1712 848 1771 ‚Sed
882 1728 970 1760 nec
1006 1714 1226 1776 hyaenam
1248 1710 1574 1760 manducabis.‘
1638 1713 1737 1759 Non
1774 1709 1985 1772 proiecto
2025 1709 2132 1765 eris,

162 1783 332 1843 inquit,
368 1781 569 1839 adulter,
608 1797 759 1845 neque
795 1790 1043 1845 corruptor
1077 1797 1352 1845 puerorum,
1402 1797 1552 1844 neque
1593 1782 1756 1829 talibus
1793 1778 2133 1826 assimilaberis.

161 1852 339 1909 Quare?
375 1851 487 1908 Quia
524 1852 645 1899 istud
683 1852 853 1899 animal
888 1854 1117 1899 annuatim
1154 1867 1309 1899 sexum
1329 1860 1482 1909 mutat,
1519 1860 1564 1899 et
1587 1852 1725 1915 modo
1760 1849 1812 1895 fit
1846 1863 1957 1904 maS,
1993 1848 2131 1894 modo

163 1921 342 1969 sennua.
412 1921 503 1967 Sed
538 1929 586 1968 et
620 1921 860 1968 mustelam
897 1923 1018 1969 iusto
1055 1923 1161 1968 odio
1185 1929 1460 1983 prosecutus
1498 1929 1581 1968 est.
1652 1919 1934 1973 Dissimilem,
1971 1917 2132 1978 inquit,

165 1996 211 2038 tc
243 1979 487 2053 praebebis
522 1992 631 2038 viris
664 1990 767 2047 illis,
804 2005 922 2052 quos
958 1991 1166 2037 audimus
1203 2005 1283 2037 ore
1323 1991 1500 2051 impuro
1525 1990 1771 2049 nequitiam
1805 1993 2011 2048 patrare3
2046 2000 2132 2032 nec

1185 2181 1291 2220 llaec
1326 2186 1455 2220 autem
1495 2190 1567 2218 vox
1609 2176 1810 2228 significat
1844 2187 2024 2228 spurcum
2063 2187 2132 2215 cu-

1178 2237 1278 2283 bile,
1312 2235 1421 2287 quod
1451 2232 1478 2287 ἠ
1509 2233 1690 2289 λεβηρὶς
1716 2230 1964 2284 (cuniculus)
1995 2230 2077 2270 sive
2106 2227 2133 2283 ἡ

1176 2291 1366 2345 λέπορις
1390 2289 1604 2342 quotannis
1628 2300 1774 2328 novum
1802 2287 2059 2338 multiplicat,
2092 2292 2136 2326 ut

1176 2347 1281 2387 inter
1313 2359 1451 2387 omnes
1481 2346 1540 2386 rei
1571 2344 1775 2385 venaticae
1804 2343 1981 2396 quodam
2011 2343 2133 2383 modo

1176 2403 1331 2456 peritos
1346 2403 1445 2443 satis
1459 2408 1629 2443 constat.
1678 2401 1811 2452 Lepus
1833 2399 1995 2452 quidem
2026 2394 2138 2454 τρύ-

169 2192 292 2230 guene
321 2180 387 2223 dal
418 2181 539 2222 suolo
563 2182 603 2222 in
625 2181 688 2222 cui
711 2191 836 2221 sono:
869 2187 1030 2232 gettano
1050 2180 1121 2232 poi

170 2237 208 2276 le
240 2236 331 2279 toro
357 2243 506 2284 trecce,
537 2253 561 2278 o
594 2237 742 2290 flagelli
771 2237 933 2278 intorno
963 2237 1000 2277 le
1034 2237 1121 2276 ior-

168 2293 246 2333 bici
287 2307 311 2334 e
349 2295 491 2346 ‘ambe
531 2293 596 2335 de'
635 2293 772 2335 cancri
805 2306 828 2334 e
863 2292 985 2333 simili
1027 2305 1121 2332 cro-

168 2350 322 2398 stacei,
367 2364 390 2391 e
421 2351 485 2392 eol
523 2350 615 2392 loro
654 2349 781 2391 becco
819 2348 1046 2389 sorandone
1082 2347 1120 2387 la

169 2404 324 2454 bucria,
353 2407 380 2447 li
413 2407 620 2448 dirotano.

254 2462 330 2515 20)
361 2463 474 2505 κολυ
506 2457 656 2516 βάντα
668 2460 1121 2511 c,man.sec.a3supra.

256 2518 331 2572 21)
364 2519 435 2560 Sic
495 2517 591 2559 odd.
634 2517 764 2558 nostri
803 2529 965 2565 omneS,
1006 2513 1123 2557 ἀλλὰ

169 2574 274 2626 vulg.
332 2574 484 2616 Deinde
513 2574 750 2627 scripsimus
769 2568 897 2615 κάτω
927 2586 962 2613 c.
986 2572 1058 2612 FO
1079 2572 1120 2621 V,

165 2629 287 2673 κατὰ
317 2631 347 2672 Β
368 2631 398 2672 C
430 2639 470 2673 et
499 2631 592 2672 libri
621 2630 738 2684 impr.

251 2687 325 2740 22)
354 2688 469 2740 Apud
499 2688 612 2728 Voss.
656 2699 870 2740 perperam
900 2684 1064 2738 irrepsit
1097 2681 1123 2725 ὁ

168 2750 261 2786 ante
289 2745 453 2801 φησίν.

251 2801 327 2855 23)
361 2801 555 2855 γένηται
588 2800 619 2841 B
641 2799 675 2841 0
694 2800 736 2841 V.

251 2869 328 2921 24)
358 2870 612 2924 πλεονεκτῆ
629 2870 663 2911 0
684 2870 727 2911 V.
787 2869 889 2911 Dein
917 2864 1123 2925 ἆφόὸευ-

170 2937 249 2970 σιν
277 2926 308 2967 C
330 2926 363 2966 0
386 2926 483 2975 VB,
515 2926 580 2968 hie
610 2925 735 2968 rubro
765 2925 817 2967 ad
846 2938 969 2977 marg.
1001 2922 1126 2980 ἀφό-

168 2994 344 3040 ρευσιν.
407 2982 529 3024 Recta
572 2982 689 3024 buius
728 2981 809 3024 loci
845 2981 1124 3035 interpretatio

170 3039 322 3092 pendet
344 3038 395 3079 ab
414 3038 486 3080 illa
510 3038 623 3081 vocis
644 3035 992 3096 παιδοφθόρος,
1023 3051 1124 3090 quae

169 3095 390 3150 praecedit.
451 3095 540 3137 Non
579 3102 641 3137 est
667 3106 878 3149 puerorum
911 3100 1124 3147 corruptor,

170 3159 214 3195 ut
242 3153 283 3194 in
312 3151 485 3205 periodo
512 3151 791 3206 subsequenti,
818 3164 892 3194 uec
907 3164 957 3193 eo
980 3150 1127 3192 dicitur

170 3221 313 3259 sensu,
355 3221 436 3262 quo
469 3208 605 3251 Medea
650 3203 1004 3265 παιδοφθόρος,
1051 3207 1124 3249 sed

172 3265 361 3316 denotat,
406 3264 474 3319 qui
505 3265 545 3306 in
575 3264 772 3307 excidium
813 3276 947 3306 rerum
985 3263 1126 3305 dome-

170 3322 361 3362 sticarum
418 3334 573 3374 pronus
635 3320 889 3374 dispersione
941 3321 1126 3362 [ortunae

172 3384 292 3431 atque
338 3376 605 3431 dissipatione
656 3376 830 3419 familiae
869 3377 1023 3418 ruinam
1065 3377 1126 3417 in-

173 3434 415 3487 teritumque
429 3433 643 3484 accelerat,
664 3433 839 3488 ideoque
856 3433 963 3475 tilios
983 3433 1130 3486 perdit.

174 3492 228 3531 Ac
256 3489 358 3531 illud
388 3490 550 3544 quidem
579 3490 632 3533 ob
663 3490 878 3540 Venerem,
911 3489 1024 3531 euius
1056 3502 1130 3530 nu-

175 3558 356 3587 merosas
388 3558 410 3587 s
439 3545 604 3589 eluncas
638 3546 755 3588 nimis
784 3547 1034 3600 frequentat:
1081 3545 1130 3585 ad

176 3615 244 3643 eas
288 3599 374 3656 τὴν
401 3557 666 3659 Σιρόδευσιν
701 3602 920 3654 allegorice
963 3603 1131 3643 referas.

1179 2473 1275 2506 πας
1307 2472 1510 2511 nunquam
1542 2457 1667 2508 rodit,
1708 2462 1748 2496 et
1779 2469 1881 2509 quae
1912 2455 2033 2496 habet
2064 2468 2133 2495 cu-

1178 2515 1274 2555 bilia
1304 2514 1420 2556 xaff‘
1454 2512 1634 2571 ἡμέραν
1665 2512 1800 2564 potius
1831 2518 2017 2562 renovat,
2052 2524 2134 2551 nou

1177 2569 1276 2613 κατ’
1320 2567 1550 2614 ἐνιαυτόν.
1608 2571 1738 2618 Quare
1781 2568 1972 2609 Cotelerii
2005 2567 2135 2609 versio

1178 2629 1227 2668 ab
1258 2628 1417 2668 Heselio
1447 2628 1616 2680 repetita
1650 2626 1838 2678 quoniam
1867 2625 1975 2677 lepus
2017 2623 2133 2665 annis

1179 2686 1347 2737 singulis
1367 2698 1483 2726 anum
1500 2683 1733 2735 multiplicat
1750 2682 1799 2721 ab
1813 2681 1991 2722 auctoris
2002 2686 2135 2721 mente

1179 2754 1347 2794 prorsus
1370 2741 1498 2781 aliena
1538 2753 1627 2780 esse
1652 2738 1819 2778 videtur.
1870 2737 2029 2778 Rectius
2060 2742 2137 2776 vet.

1178 2798 1250 2838 lnt.
1293 2799 1386 2851 quia
1427 2799 1536 2851 lepus
1577 2796 1746 2846 sinqulis
1788 2795 1903 2834 annis
1949 2794 2049 2844 facit
2087 2793 2139 2831 ad

1180 2856 1451 2895 adunandum
1492 2854 1650 2904 sinyula
1690 2852 1903 2902 foramina.
1965 2848 2046 2889 Cir.
2078 2847 2136 2887 illi

1179 2909 1459 2967 οἰκοφθόροι
1490 2910 1563 2961 Ep.
1594 2909 1673 2958 ign.
1705 2906 1754 2947 ad
1787 2906 1890 2957 Eph.
1929 2918 1962 2945 c.
1998 2905 2061 2945 16.
2110 2960 2114 2963 Δ

1267 2967 1341 3019 25)
1371 2967 1458 3008 vid.
1480 2966 1603 3006 Clem.
1630 2963 1735 3005 Alex.
1761 2961 1932 3012 Paedag.
1954 2960 1999 3002 11.
2019 2974 2052 3001 c.
2074 2959 2136 3002 10.

1180 3036 1218 3076 p.
1249 3023 1342 3064 220.
1377 3023 1472 3064 221.
1503 3022 1598 3063 223.

1264 3094 1336 3145 26)
1369 3089 1485 3134 ἀλλὰ
1516 3092 1547 3131 Ο
1586 3105 1619 3131 c.
1651 3090 1755 3140 vulg.

1217 3204 1228 3220 ’
1266 3151 1339 3218 27)
1370 3149 1514 3220 Scribo
1546 3146 1599 3216 oi}
1628 3144 1739 3204 μὴν,
1771 3141 1919 3200 φησὶν
1949 3155 1982 3183 c.
2008 3140 2135 3191 FOV,

1179 3202 1762 3317 ⁰⁰42‘i'5‘1'2'3-‘f‘ci'01‘11f2'i'1‘Z-i.
1805 3255 1830 3295 ι.
1873 3254 1897 3295 ι.
1931 3253 2058 3295 eota.
2097 3252 2137 3293 in

1183 3326 1309 3361 nostr.
1341 3321 1418 3362 loc.
1451 3325 1489 3358 et
1521 3330 1611 3369 sqq.

1269 3378 1342 3430 29)
1373 3369 1580 3425 ἀλλάσση
1611 3372 1643 3409 0
1678 3371 1717 3410 V.
1772 3368 1859 3410 Mox
1898 3366 1973 3418 leg.
2012 3367 2139 3422 γίνε-

1186 3447 1264 3475 ται
1305 3448 1338 3474 c.
1371 3430 1518 3473 nostris
1560 3427 1766 3475 omnibus,
1808 3422 1949 3465 codice
1982 3423 2011 3464 F
2058 3435 2137 3464 non

1186 3496 1367 3598 exce-2133?
1378 3489 1531 3600 γζὶίῖἔιῗ
1537 3498 1593 3581 1¹32
1597 3482 1816 3595 cv’v31‘lghw
1836 3536 1865 3577 C
1887 3537 1933 3578 Ο.
1960 3536 2138 3579 Subinde

1187 3599 1413 3659 ἐμίσησεν
1443 3601 1475 3638 0
1496 3598 1537 3637 V-
