2340 3900
1037 155 1312 204 IGNATIUS.
2026 160 2156 202 xxxi

181 304 367 349 ctorum
386 308 529 361 quam
551 291 632 342 hic
660 297 748 352 est,
773 290 1039 341 editionem
1065 297 1304 356 exoptem,
1342 295 1395 339 ut
1421 289 1543 339 nihil
1568 304 1725 355 supra.
1794 288 1960 354 Itaque
1981 289 2159 338 librum

183 378 326 435 quam
361 362 498 431 potui
550 359 920 426 diligentissime
956 359 1128 425 relegi,
1153 416 1155 418 ,
1179 366 1227 409 et
1271 375 1379 409 cum
1419 358 1771 424 exemplaribus
1806 358 1994 408 Latinis
2040 373 2161 408 con-

184 437 282 497 tuli,
318 441 372 485 ut
405 447 542 483 meae
580 446 659 481 me
690 444 867 496 operae
904 429 1033 479 haud
1067 429 1331 494 poeniteat.
1403 429 1526 479 Nam
1562 429 1666 478 loca
1692 427 1926 494 quaedam
1965 443 2020 478 ea
2057 429 2160 478 col-

179 506 381 566 latione,
417 509 466 553 et
502 499 776 552 doctissimi
811 498 1028 549 hominis
1066 498 1272 548 consilio
1311 500 1375 548 ita
1411 498 1532 547 mihi
1570 497 1845 548 restituisse
1879 496 2073 558 videor,
2109 504 2163 547 ut

179 575 425 625 neminem
470 570 678 621 arbitrer
730 568 983 619 hominem
1030 583 1140 618 esse
1187 567 1396 629 bonum,
1447 568 1528 634 qui
1567 568 1609 618 si
1647 567 1759 618 velit
1806 582 1959 634 aequo
1996 567 2160 617 animo

180 661 286 696 rem
333 641 656 710 perpendere,
702 639 832 689 haud
878 638 1082 688 fateatur
1128 638 1188 686 ad
1234 637 1599 702 intelligentiam
1648 653 1749 687 non
1797 652 1946 702 pauca
1992 637 2164 687 collata

179 717 332 765 esse.“
400 711 682 762 Andreas
730 708 1055 759 Gesnerus
1105 707 1299 757 easdem
1348 707 1606 758 duodecim
1658 706 1780 773 Epp.
1825 722 1996 773 graece
2051 723 2160 757 cum

182 780 377 834 Ioannis
412 779 653 831 Brunneri
689 777 1092 844 interpretatione
1126 776 1271 826 latina
1310 793 1365 826 ex
1403 777 1583 827 Codice
1607 777 1935 827 Bibliothecae
1960 777 2163 843 Gaspari

179 870 208 903 a
242 851 498 919 Nydpryck
533 848 834 900 excudendas
869 847 1052 897 curavit
1089 846 1255 912 Tiguri
1294 847 1425 896 1559
1444 886 1455 905 ,
1494 846 1698 912 primuS,
1732 847 1804 897 uti
1847 847 1952 912 ipse
1989 847 2163 913 opina-

181 924 341 983 batur,
390 936 500 971 cum
536 918 706 970 Pacaei
743 918 1007 968 editionem
1058 917 1319 982 ignoraret.
1391 916 1572 965 Earum
1611 923 1799 982 septem
1848 916 2164 982 interpolatae

182 993 430 1052 dicuntur,
480 989 692 1057 quinque
740 986 1090 1053 supposititiae.
1177 985 1409 1035 Eiusdem
1461 986 1765 1035 recensionis
1803 993 1938 1035 sunt:
1999 986 2164 1036 Sancti

182 1061 406 1128 Martyris
451 1059 625 1126 Ignatii
668 1057 956 1108 Antiochiae
993 1054 1364 1122 Archiepiscopi
1400 1055 1649 1120 Epistolae
1698 1053 1828 1121 (XII)
1877 1071 1948 1120 gr.
1986 1062 2035 1106 et
2068 1057 2163 1117 lat„

181 1132 481 1197 Antverpiae,
516 1146 575 1180 ex
610 1127 804 1178 officina
841 1126 1190 1192 Christophori
1216 1125 1425 1175 Plantini
1458 1126 1619 1185 1566,
1646 1153 1715 1159 —
1741 1125 1904 1175 Sancti
1941 1126 2166 1192 Martyris

182 1201 367 1267 Ignatii,
401 1198 688 1251 Antiochiae
722 1196 1094 1263 Archiepiscopi
1116 1196 1377 1262 Epistolae.
1450 1196 1587 1246 Nunc
1624 1195 1822 1245 demum
1858 1210 1970 1245 cum
1997 1196 2167 1245 Latina

181 1270 580 1337 interpretatione
616 1285 643 1318 e
677 1268 878 1334 regione
905 1266 1103 1317 Graecis
1139 1266 1376 1332 apposita,
1413 1265 1464 1315 in
1501 1266 1659 1315 lucem
1686 1264 1855 1325 editae,
1892 1265 2168 1330 recognitae

182 1348 233 1391 et
278 1340 419 1392 Notis
464 1340 744 1390 illustratae.
829 1337 925 1388 Per
975 1336 1332 1387 Martialem
1396 1335 1841 1396 Maestraeum,
1903 1334 2169 1385 Doctorem

183 1411 503 1476 Theologum.
574 1407 777 1459 Parisiis
817 1407 976 1469 1608,
1013 1435 1082 1441 --—
1116 1406 1205 1456 Ed.
1243 1406 1357 1456 Iac.
1395 1405 1652 1456 Usserii
1682 1420 1753 1470 gr.
1790 1410 1838 1454 et
1874 1404 1954 1454 lat.
1992 1403 2168 1455 Oxonii

188 1481 336 1531 1641.
406 1480 629 1545 Quinque
652 1476 897 1529 consuluit
933 1476 1050 1528 Cdd.
1073 1477 1204 1537 Mss.,
1242 1476 1302 1526 de
1330 1475 1503 1542 quibus
1540 1475 1646 1541 ipse
1683 1475 1734 1524 in
1759 1473 2169 1524 Adnotationibus

182 1566 229 1615 p.
265 1552 313 1600 4.
430 1549 732 1600 Oxonienses
763 1548 887 1598 duos
923 1547 1042 1597 Mss.
1081 1543 1416 1611 (vetustiorem
1443 1562 1469 1595 e
1504 1544 1808 1605 BaliolensiS,
1844 1544 2171 1594 recentiorem

185 1635 213 1669 e
249 1618 632 1686 Magdalenensis
670 1617 872 1683 Collegii
921 1616 1223 1667 Bibliotheca
1256 1615 1487 1682 petitum)
1536 1631 1646 1665 cum
1683 1614 1821 1664 libris
1874 1614 2019 1664 editis
2055 1613 2167 1664 dili-

182 1697 351 1754 genter
386 1689 585 1739 contuli.
654 1688 720 1738 Et
754 1703 865 1738 cum
900 1686 1246 1737 intellexissem
1282 1686 1333 1736 in
1356 1685 1478 1736 Bibl.
1516 1686 1569 1735 V.
1606 1685 1676 1735 Cl.
1697 1684 1954 1735 Alexandri
1990 1683 2174 1734 Petavii

184 1759 432 1810 Senatoris
469 1759 646 1819 Paris,
691 1757 824 1808 Pauli
862 1757 963 1818 filii,
998 1756 1386 1807 vetustissimum
1423 1755 1666 1821 exemplar
1701 1754 1831 1805 aliud
1867 1753 2171 1805 conservari:

185 1829 414 1896 quicquid
463 1835 514 1879 et
556 1828 673 1879 illud
722 1827 1022 1888 continebat,
1069 1826 1406 1876 humanissimi
1457 1825 1620 1876 Claud.
1674 1824 1881 1875 Sarravii
1920 1823 2171 1875 Senatoris

188 1899 356 1949 itidem
377 1899 529 1955 Paris.
550 1898 841 1948 heneficium
863 1912 973 1947 sum
997 1902 1238 1946 secutus..
1275 1896 1470 1952 Huicvet
1487 1901 1701 1945 veterem
1714 1894 2173 1960 Interpretationem

184 1969 353 2030 aliam,
395 1969 644 2034 hucusque
691 1967 946 2026 ineditam,
989 1972 1155 2015 mutua
1199 1966 1406 2015 duorum
1453 1965 1581 2015 Mss.
1629 1964 1865 2014 Codicum
1916 1963 2172 2014 collatione

185 2038 567 2088 emendatiorem
600 2037 775 2086 factam
811 2034 1049 2085 subiunxi.

328 2107 467 2157 Isaa
482 2122 587 2156 cus
635 2105 904 2155 Vossius
956 2121 1012 2154 ex
1049 2104 1228 2154 Codice
1276 2103 1492 2154 Mediceo
1533 2105 1562 2154 7
1599 2104 1723 2154 Plut.
1762 2103 1887 2154 LVII
1935 2119 2018 2153 sex
2052 2101 2166 2152 bre-

189 2176 351 2227 viores
388 2176 558 2242 Ignatii
595 2175 841 2241 Epistolas
879 2172 960 2237 (ad
998 2174 1315 2238 SmyrnanS,
1361 2174 1706 2239 Polycarpum,
1747 2172 2016 2239 EphesioS,
2065 2173 2172 2222 Ma-

191 2246 412 2310 gnesioS,
461 2245 877 2311 PhiladelphicoS,
920 2243 1207 2306 Trallesios)
1244 2243 1435 2309 primus
1472 2259 1643 2308 graece
1681 2243 1832 2293 edidit
1867 2257 1977 2292 cum
2016 2242 2171 2292 inter—

190 2315 462 2380 pretatione
509 2323 671 2366 vetere
722 2313 870 2364 latina
921 2329 1048 2362 novo
1096 2313 1243 2362 textui
1295 2313 1641 2378 respondenti,
1698 2328 1843 2378 quam
1898 2312 1920 2361 Ι
1930 2311 2171 2361 aeohus

191 2384 516 2445 UsseriuS,
574 2383 985 2448 Archiepiscopus
1045 2381 1379 2431 Armachanus
1431 2399 1458 2432 e
1518 2381 1708 2432 duobus
1766 2382 1880 2432 Mss.
1935 2397 1977 2431 a.
2037 2382 2173 2432 1644

189 2454 366 2504 Oxonii
408 2453 744 2519 publicaverat.
813 2451 1081 2518 Epistolam
1117 2452 1178 2501 ad
1213 2452 1484 2513 RomanoS,
1538 2467 1659 2518 quae
1694 2452 1746 2501 in
1782 2467 1955 2517 graeco
1995 2450 2174 2502 Codice

192 2523 369 2584 deerat,
403 2523 605 2574 Vossius
652 2539 710 2573 ex
743 2521 931 2573 Usserii
967 2527 1128 2571 vetere
1175 2521 1320 2571 latina
1357 2522 1581 2572 versione
1618 2527 1666 2572 et
1703 2521 1953 2587 prolixiori
2004 2536 2175 2588 graeca

192 2592 478 2644 recensione
511 2592 707 2659 ingenio
743 2593 864 2643 duce
908 2590 1166 2641 restituere
1212 2591 1439 2653 tentavit,
1489 2601 1536 2642 et
1571 2607 1612 2641 a.
1655 2593 1788 2642 1646
1823 2589 2173 2642 Amstelodami

194 2663 370 2714 edidit:
418 2662 695 2729 „Epistolae
744 2660 980 2727 genuinae
1030 2660 1077 2711 S.
1117 2661 1289 2727 Ignatii
1328 2662 1579 2728 MartyriS,
1631 2677 1751 2728 quae
1789 2677 1920 2712 nunc
1956 2661 2173 2728 primum

193 2733 351 2783 lucem
386 2733 552 2783 vident
587 2749 645 2783 ex
678 2731 971 2782 bibliotheca
993 2730 1288 2781 Florentina.
1360 2731 1617 2782 Adduntur
1640 2732 1688 2782 S.
1716 2731 1890 2798 Ignatii
1913 2731 2173 2797 Epistolae,

196 2802 359 2868 quales
393 2803 535 2868 vulgo
559 2802 980 2853 circumferuntur.
1051 2802 1125 2851 Ad
1163 2802 1282 2851 haec
1307 2802 1353 2852 S.
1379 2802 1624 2852 Barnabae
1650 2802 1881 2867 Epistola.
1952 2800 2175 2851 Accessit

192 2872 433 2923 universis
468 2871 719 2923 translatio
755 2874 938 2922 vetuS.“
1007 2871 1228 2937 AmbigO,
1265 2872 1359 2921 utri
1395 2872 1550 2938 gloria
1581 2870 1838 2921 tribuenda
1875 2871 1950 2932 sit,
1988 2870 2039 2920 in
2074 2870 2172 2920 Co-

195 2941 303 2991 dice
338 2942 554 2994 Mediceo
589 2941 864 2992 breviorem
899 2940 1239 2992 recensionem
1275 2942 1536 3002 detexisse,
1585 2942 1742 2991 Lucae
1783 2940 2064 3000 Holsteni0,
2111 2955 2173 2989 an

196 3011 360 3061 Isaaco
407 3012 596 3062 Vossio.
666 3012 752 3062 Ille
797 3011 975 3077 quippe
1025 3017 1136 3061 ante
1184 3011 1409 3061 Vossium
1457 3027 1563 3061 eam
1601 3009 1922 3076 descripsisse
1971 3009 2174 3069 videtur,

197 3086 247 3130 et
281 3080 428 3131 latine
461 3082 620 3132 vertit.
691 3081 748 3131 ln
782 3081 1082 3132 Bibliotheca
1116 3080 1459 3131 Barberiniana
1492 3082 1677 3131 Romae
1713 3079 2066 3144 autographum
2101 3077 2174 3127 vi-

197 3149 313 3200 dere
366 3157 456 3202 est.
528 3151 973 3202 Theodoricus
1018 3150 1368 3202 Ruinartus
1417 3150 1612 3201 tandem
1658 3149 1928 3215 Epistolam
1977 3147 2036 3196 ad
2072 3147 2173 3197 Ro-

198 3234 370 3270 manos
404 3237 576 3287 graece
601 3220 784 3271 invenit
817 3221 991 3271 latinae
1026 3219 1177 3270 veteri
1208 3220 1423 3271 versioni
1459 3220 1851 3287 respondentem,
1884 3217 2018 3267 Actis
2056 3231 2177 3283 quae

197 3288 414 3340 sincerae
460 3291 687 3341 dicuntur
729 3290 901 3355 Ignatii
951 3289 1166 3355 Martyrii
1211 3289 1468 3351 insertam,
1527 3307 1646 3356 quae
1695 3286 1857 3338 Codex
1911 3288 2035 3337 1451
2091 3286 2175 3335 Bi-

198 3357 468 3410 bliothecae
512 3360 689 3427 Regiae
735 3360 983 3411 Parisinae
1029 3358 1188 3426 (prius
1238 3360 1356 3410 Cod.
1403 3360 1712 3410 Colbertinus
1765 3356 1887 3421 460)
1946 3355 2175 3415 continet,

197 3443 400 3495 eamque
439 3429 571 3481 1689
606 3429 808 3481 Parisiis
843 3429 894 3481 in
929 3429 1094 3491 „Actis
1130 3429 1394 3495 Martyrum
1432 3429 1665 3478 sinceris“
1699 3426 1885 3492 primus
1922 3422 2097 3492 edidit?

339 3497 485 3550 Index
541 3499 809 3550 editionum
864 3499 1101 3550 brevioris
1158 3499 1460 3548 recensionis
1524 3504 1676 3546 exstat
1734 3511 1807 3560 ap.
1859 3494 2176 3545 lacobsonum

202 3564 315 3629 (PP.
351 3567 496 3634 App.)
533 3585 579 3634 p.
609 3569 770 3619 LXIX.
840 3570 1054 3630 Quarum
1090 3568 1469 3634 praestantiores
1508 3572 1632 3625 sunt,
1671 3580 1792 3631 quae
1830 3565 1948 3615 duce
1986 3565 2175 3615 Thoma

202 3634 410 3685 Smithio
432 3634 629 3700 (Oxonii
663 3638 833 3703 1709),
861 3646 976 3704 post
1003 3653 1114 3689 eum
1138 3637 1437 3688 adornarunt
1463 3637 1496 3684 1.
1522 3634 1575 3684 L.
1598 3635 1720 3699 Frey
1741 3632 1978 3698 (Basileae
2005 3633 2175 3700 1741),
