2340 3900
215 146 313 195 312
434 147 636 193 IGNATII
671 145 937 191 EPISTOLA
980 145 1046 189 AD
1086 143 1522 192 ANTIOCHENSES.
1572 145 1663 191 XII.
1699 144 1806 190 XIII.
1841 142 1949 187 XIV.

211 273 507 341 ἕπορκιστὰς,
544 269 849 340 ὁμολογητάς.
914 269 1209 340 Ἀσπόιζομαι
1256 273 1356 336 τιῗις1
1405 273 1651 345 φρουροὺς
1685 278 1781 325 τῶν
1818 269 1967 339 ἇγίων
2000 267 2152 321 πυλώ-

212 364 320 405 νων,
358 340 442 401 τὰς
486 342 538 392 ἐν
574 345 767 410 Χριστῷ
805 339 1075 402 διακόνους.
1138 341 1433 410 ’Λσπάζομαι
1479 342 1563 405 τὰς
1609 338 2000 410 χριστολήπτουςῖ
2036 357 2156 404 παρ-

209 412 412 472 θένους,
461 402 530 460 ὧν
566 407 774 474 ὀναίμην
817 410 868 460 ἐν
904 411 1073 482 Κυρίῳ
1101 409 1275 478 Ἰησοῦ.
1331 411 1636 478 Ἀσπάζομαι
1682 409 1766 462 τὸν
1815 406 1933 459 λαὸν
1967 406 2156 474 Κυρίου

211 476 305 530 ἀπὸ
339 482 515 543 μικροῦ
551 477 639 538 ἕως
675 476 898 546 μεγάλου,
935 479 1018 530 καὶ
1052 479 1209 542 πάσας
1242 479 1326 542 τὰς
1360 479 1571 547 ἀδελφάς
1606 499 1699 545 μου
1737 478 1787 528 ἐν
1824 475 2006 547 Κυρίῳ.

348 608 458 653 XIII.
523 598 817 668 Ἀσπάζομαι
853 601 1158 666 Κασσιανὸν,
1207 605 1286 655 καὶ
1338 603 1426 671 τὴν
1472 602 1705 670 ὁμόζυγον
1758 598 1939 661 αὐτοῦ,
1985 598 2067 650 καὶ
2101 595 2160 649 τὰ

210 671 410 734 φίλτατα
453 669 605 721 αὐτοῦ
662 670 815 722 τέκνα.
874 669 1156 734 Ἀσπάζεται
1201 671 1327 739 ὑμᾶς
1377 671 1727 736 Πολύκαρπος,
1786 666 1815 720 ὁ
1867 664 2160 735 ἀξιοπρεπὴς

211 740 488 800 ἐπίσκοπος,
525 732 565 807 ῷ
600 739 684 790 καὶ
718 739 860 804 μέλειι
895 741 1003 808 περὶ
1039 738 1199 807 ὖμῶν·
1235 735 1275 811 ῷ
1310 743 1391 792 καὶ
1426 741 1706 809 παρεθέμην
1742 736 1869 803 ὖμᾶς
1906 737 1956 788 ἒν
1977 737 2158 806 Κυρίῳ.

211 808 308 857 Καὶ
339 813 472 858 πᾶσα
509 807 561 858 δὲ
598 807 846 874 ἐκκλησίαῖ
884 812 1175 876 Σμυρναίων
1220 809 1505 876 μνημονεύει
1552 807 1690 875 ὑμῶν
1735 808 1787 858 ἐν
1821 811 1926 866 ταῖς
1958 821 2159 872 προσευ-

209 882 314 942 χαῖς
340 876 393 926 ἐν
416 877 598 946 Κυρίῳ.
645 873 939 939 Ἀσπάζεται
971 876 1097 944 ὑμᾶς
1124 876 1401 944 Ὀνήσιμος,
1440 877 1469 931 ὅ
1487 878 1729 942 Ἐφεσίων
1751 871 1948 940 ποιμήν.
1979 870 2160 924 Ἀσπά-

210 949 331 1005 ζεται
367 941 492 1009 ὑμᾶς
528 949 726 1012 Δημᾶς,
778 943 807 997 ὅ
844 949 1140 1031 Μαγνησίας
1183 948 1454 1007 ἐπίσκοπος.
1510 944 1794 1006 Ἀσπάζεται
1837 940 1962 1009 ’ὑμᾶς
2001 939 2162 993 Πολύ-

208 1015 330 1078 βιος,
369 1011 399 1063 ὁ
440 1016 728 1081 Τραλλαίων.
783 1011 1095 1077 Ἀσπαζεται8
1131 1013 1259 1081 ὑμᾶς
1299 1019 1461 1067 Φίλων
1499 1017 1579 1067 καὶ
1606 1011 1934 1082 Ἀγαθόπους,
1972 1012 2023 1061 οἱ
2054 1007 2157 1061 διά-

209 1101 372 1166 κονοι,
426 1083 476 1133 οἱ
531 1080 892 1135 συνακόλουθοί
941 1104 1050 1149 μου.
1122 1082 1463 1136 Ἀσπᾶσασθε4
1514 1082 1746 1149 ἀλλήλους
1805 1081 1857 1132 ἔν
1909 1077 2031 1151 ἆγίῳ
2082 1099 2164 1144 φι-

209 1155 395 1216 ληματι.

348 1280 453 1326 XIV.
533 1279 696 1326 Ταῦτα
743 1272 838 1328 ἀπὸ
890 1278 1144 1328 Φιλίππων
1187 1273 1357 1344 γράφω
1399 1273 1528 1341 ὑμῖν.
1580 1272 1919 1341 Ἐρῤωμὲνους
1963 1269 2094 1338 ὖμᾶς
2135 1269 2164 1324 ὁ

213 1338 281 1391 ὢν
316 1339 464 1406 μόνος
498 1340 777 1411 ἀγέννητος,
829 1342 910 1395 διὰ
944 1351 1031 1396 τοῦ
1080 1342 1174 1413 πρὸ
1223 1344 1412 1396 αἰώνων
1458 1343 1829 1412 γεγεννημένου,
1883 1338 2168 1407 διαφυλάξει

211 1409 444 1475 πνεύματι
489 1412 572 1462 καὶ
615 1415 782 1479 σαρκί·
829 1413 912 1464 καὶ
953 1415 1104 1479 ἰ’δοιμι
1151 1411 1278 1479 ὑμᾶς
1325 1415 1377 1465 ἐν
1419 1419 1479 1483 τῇ
1526 1418 1613 1464 τοῦ
1663 1416 1878 1479 Χριστοῦ
1930 1410 2163 1476 βασιλεία.

215 1476 504 1544 Ασπᾶζομαι
540 1477 623 1532 τὸν
659 1478 765 1532 ἄντ’
810 1481 927 1547 ἐμοῦ
980 1483 1205 1548 μέλλοντα
1250 1480 1408 1550 ἄρχειν
1443 1481 1603 1547 ὑμῶν·
1658 1476 1717 1532 οὗ
1752 1481 1834 1532 καὶ
1871 1477 2079 1546 ὀναίμην
2114 1461 2167 1531 ἓν

216 1551 423 1618 Χριστῷ.
463 1546 727 1616 ’Έρῤωσθε
750 1552 857 1621 Θεῷ
878 1551 958 1602 καὶ
986 1556 1195 1622 Χριστῷ,
1231 1551 1597 1618 πεφω·ιίσμε’νοι1
1632 1555 1699 1621 τῷ
1733 1547 1876 1619 Ἀγίῳ
1899 1545 2163 1614 Πνεῦματι.

299 1743 394 1795 Cap.
425 1745 505 1784 XII.
567 1744 608 1789 1)
647 1739 754 1788 τοὺς
786 1743 876 1782 OV.
1298 1743 1342 1796 4)
1374 1741 1674 1792 ἀσπάζεσθαι
1696 1745 1738 1794 Β,
1762 1745 1812 1785 ob
1834 1743 2168 1796 permutationem

298 1798 342 1848 2)
367 1794 790 1855 χρηστολήμπτους
820 1798 850 1837 Ο
873 1798 914 1836 V.
1214 1800 1365 1839 vocalis
1399 1813 1419 1841 ε
1450 1813 1537 1839 cum
1569 1800 1694 1852 dipht.
1727 1815 1775 1840 αι
1803 1800 1909 1840 idem
1939 1813 1985 1840 ac
2012 1797 2169 1841 ἀσπά-

301 1853 396 1904 Cap.
426 1854 522 1892 XIII.
587 1853 629 1903 1)
656 1851 816 1907 μέλλει
846 1858 930 1892 erat
958 1851 998 1890 in
1029 1853 1070 1892 V.
1220 1855 1368 1902 ζεσθε.

302 1907 345 1958 2)
375 1905 401 1959 ἡ
435 1914 524 1947 ante
556 1904 774 1958 ἐκκλησία
805 1907 919 1946 omisi
954 1920 986 1946 c.
1020 1907 1048 1945 F
1068 1906 1098 1946 Ο
1117 1909 1160 1957 V,
1451 1952 1454 1955 ,

217 1963 330 2002 adest
356 1963 395 2001 in
426 1962 455 2001 B
478 1963 590 2002 Voss.
1307 1962 1402 2013 Cap.
1435 1963 1526 2002 XIV.
1593 1963 1631 2014 1)
1664 1964 2028 2020 πεφωτισμένον
2057 1966 2097 2005 V.

298 2017 342 2069 3)
374 2013 634 2065 ἀσπάζεται
668 2031 700 2056 ο.
733 2018 762 2056 F
786 2018 817 2057 Ο
837 2017 863 2055 V
908 2023 946 2057 et
982 2018 1165 2058 versione
1311 2018 1562 2069 Subscriptio
1593 2018 1632 2058 in
1664 2020 1716 2059 V:
1762 2022 1843 2061 τοῦ
1884 2018 2019 2074 ἁγίου
2049 2021 2170 2076 ἱερο-

215 2073 437 2135 νεῑ.”νι113.,
470 2069 764 2121 ἀσπάζονται
796 2073 824 2112 Β
849 2073 960 2113 Voss.
998 2074 1165 2114 lnt.Us-
1222 2069 1458 2145 μάρτυρος
1498 2071 1728 2127 Ἰγνατίου
1772 2073 1993 2127 ἐπιστολὴ
2052 2074 2172 2134 πρὸς

218 2140 326 2167 seru.
1211 2131 1461 2183 Λντιοχεῖς
1495 2126 1571 2170 Θ’.
