2340 3900
275 226 328 274 61
343 226 373 272 0
1003 218 1226 266 HERMAE
1263 217 1490 266 PASTOR.

414 360 481 404 Vl.
538 349 737 413 ’Ἀκουε,
775 350 942 415 φησίν,
981 346 1138 413 [οὐκ]1
1186 350 1255 409 εἰς
1306 347 1483 400 δούλου
1531 345 1711 432 τρόπον
1746 353 1898 399 κεῖται
1934 344 1963 398 ὁ
1998 345 2106 408 υἱὸς
2138 353 2225 398 τοῦ

277 426 425 484 θεοῦ,
475 417 581 470 ἀλλ’
624 420 692 479 εἰς
747 418 969 479 ἐξουσίαν
1005 416 1213 486 μεγάλην
1247 424 1399 468 κεῖται
1433 417 1515 468 καὶ
1549 415 1820 485 κυριότητα.
1895 421 2045 478 Πῶς,
2080 418 2223 482 φημί,

275 487 470 575 κύριε,
476 487 535 540 οὐ
570 493 686 543 νοῶ
734 485 875 556 ‘'‚Ou
913 489 1090 574 φησίν,
1128 483 1156 537 6
1205 484 1325 547 θεὸς
1371 483 1455 537 τὸν
1501 484 1759 552 ἀμπελῶνα
1797 483 2050 572 ἐφύτευσε,
2088 483 2222 536 τοῦτ’

276 559 388 625 ἔστι,
425 555 510 608 τὸν
542 555 662 608 λαὸν
697 530 875 619 ξ’,κτισε
901 555 985 606 καὶ
1017 555 1264 644 παρέδωκε
1297 561 1363 606 τῶ
1399 556 1491 606 υἷῶ
1526 553 1702 606 αὐτοῦ·
1758 556 1839 606 καὶ
1875 552 1904 605 6
1951 552 2059 614 υίὸς
2093 555 2226 605 κατέ-

275 642 416 692 στησε
448 623 562 686 τοὺς
598 624 827 693 ἀγγέλους
862 621 940 674 ἐπ’
979 621 1156 685 αυτοὺς
1190 629 1278 675 τοῦ
1312 607 1564 708 συντηρεῖν
1599 621 1788 684 αὐτούς.
1838 624 1932 674 Καὶ
1964 619 2113 683 αὐτὸς
2142 621 2228 684 τὰς

276 693 509 782 ἁμαρτίας
544 691 709 779 ἦμῶν2
743 691 1008 774 ἐκαθάρισε
1038 691 1193 745 πολλὰ
1226 691 1464 753 κοπιάσας
1497 693 1581 744 καὶ
1598 693 1806 753 πολλοὺς
1835 690 2020 754 κόπους
2056 689 2227 779 ἠντλη-

277 762 396 824 κώς·
449 762 611 824 οὐδεὶς
656 760 758 850 γὰρ
796 757 1001 813 δύναται
1049 767 1300 828 σκαφῆσαι
1346 759 1456 828 άτερ
1509 761 1668 813 κόπου
1713 760 1747 827 ἢ
1784 760 1989 847 μόχθου
2063 758 2229 820 Αὐτὸς

279 835 368 884 οὐν
402 835 678 918 καθαρίσας
708 829 795 892 τὰς
829 828 1064 896 ἁμαρτίας
1097 837 1183 883 τοῦ
1229 836 1350 883 λαοῦ
1385 831 1559 891 ἔδειξεν
1595 827 1760 890 αὐτοῖς
1795 827 1879 890 τὰς
1913 832 2110 896 τρίβους
2143 835 2230 895 τῆς

278 907 416 967 ζωης,
454 899 571 961 δοὺς
606 898 776 960 αὐτοῖς
810 897 894 951 τὸν
929 898 1078 967 νόμον
1113 899 1172 953 ὃν
1208 900 1344 986 ἔλαβε
1389 897 1521 966 παρὰ
1555 903 1642 949 τοῦ
1672 896 1858 983 πατρὸς
1892 897 2057 950 αυτοῦ.
2114 896 2229 949 1’Ότι

278 971 330 1022 δὲ
367 968 395 1021 6
430 968 598 1038 κύριος
618 967 892 1036 σύμβουλον
907 970 1061 1064 ἔλαβε
1075 968 1158 1022 τὸν
1180 967 1292 1020 υἱὸν
1328 967 1477 1019 αὑτοῦ
1499 968 1581 1018 καὶ
1605 964 1719 1026 τοὺς
1746 966 1974 1028 ἐνδόξους
2001 965 2230 1053 ἀγγέλους

276 1037 407 1125 παρὰ
450 1045 554 1126 τῆς
587 1039 926 1106 κληρονομίας·3
974 1044 1061 1090 τοῦ
1099 1037 1306 1100 δούλου,
1341 1035 1503 1088 άκουε.
1582 1033 1648 1087 Τὸ
1673 1040 1875 1119 πνεῦμα
1908 1033 1966 1086 τὰ
2000 1055 2139 1122 αγιον
2173 1033 2228 1086 τὸ

276 1107 455 1193 προόν,
506 1106 561 1160 τὸ
598 1109 766 1160 κτίσαν
814 1113 976 1159 πᾶσαν
1007 1106 1098 1175 τὴν
1132 1109 1311 1172 κτίσιν
1359 1103 1622 1173 κατῴκισεν
1659 1101 1689 1155 6
1721 1102 1842 1165 θεὸς
1875 1105 1944 1166 εἰς
1978 1103 2132 1191 σάρκα
2165 1102 2230 1171 ἣν

275 1153 522 1244 ἠβούλετο.
594 1175 735 1243 Αύτη
784 1197 874 1228 ουν
918 1197 950 1242 η
998 1177 1140 1244 σάρξ,
1179 1176 1231 1227 ἐν
1265 1169 1318 1261 ῃ
1333 1157 1584 1262 κατῴκησε
1631 1170 1686 1224 τὸ
1735 1178 1927 1241 πνεῦμα
1971 1171 2025 1224 τὸ
2074 1171 2229 1261 άγιο-ν,

277 1245 527 1298 ἐδούλευσε
547 1251 613 1297 τῶ
634 1244 870 1312 πνεύματι
903 1251 1062 1307 καλῶς
1097 1246 1149 1296 ἐν
1174 1242 1423 1331 σεμνότητι
1442 1244 1525 1295 καὶ
1531 1240 1718 1330 άγνεία
1731 1248 2045 1311 πορευθεῖσα,
2082 1241 2232 1308 μηδὲν

278 1315 401 1377 όλως
427 1299 637 1382 μιάνασα
651 1313 706 1368 τὸ
729 1320 932 1381 πνεῦμα.
995 1313 1457 1380 Πολιτευ-Ῐ-σαμένην
1492 1316 1583 1363 οὐν
1603 1306 1756 1378 αὐτην
1782 1317 1943 1373 καλῶς
1971 1312 2054 1364 καὶ
2076 1309 2233 1396 ἆγνῶς

277 1387 360 1436 καὶ
392 1383 837 1472 συ[γκ]οπιάσασαν
870 1389 937 1454 τῶ
971 1383 1207 1450 πνεύματι
1242 1384 1322 1434 καὶ
1359 1380 1720 1450 συνεργήσασαν
1745 1381 1798 1433 ἐν
1819 1381 1964 1433 παντὶ
1991 1378 2232 1468 πράγματι

282 1456 513 1521 ἰσχυρῶς,
550 1454 635 1505 καὶ
665 1435 922 1540 ἀνδρείως
953 1451 1339 1538 ἇναστραφεῖσαν
1374 1451 1489 1518 μετὰ
1524 1452 1612 1502 τοῦ
1645 1449 1918 1538 πνεύματος
1951 1455 2040 1502 τοῦ
2032 1451 2232 1538 αγίυυ,

280 1524 436 1574 είλατο
471 1520 732 1573 κοινωνόν·
778 1520 920 1589 ήρεσε
954 1519 1051 1610 γὰρ
1099 1520 1136 1588 ἦ
1169 1523 1343 1609 πορεία
1390 1527 1477 1587 τῆς
1515 1517 1698 1608 σαρκὸς
1742 1518 1996 1604 τα[ύτη]ς,
2032 1539 2106 1571 οτι
2141 1517 2232 1570 οὔκ

280 1591 493 1657 ἐμιάνθη
549 1591 628 1642 ἐπι
672 1596 760 1656 τῆς
787 1596 918 1684 γῆς
937 1590 1110 1678 ε’χουσα
1143 1588 1198 1642 τὸ
1246 1595 1436 1656 πνεῦμα
1480 1610 1534 1640 το
1579 1588 1729 1657 άγιον.
1800 1587 2093 1675 Σύμβουλον
2140 1609 2232 1640 ουν

279 1662 416 1726 ε’λαβε
450 1659 535 1710 τὸν
558 1658 670 1710 υἱὸν
703 1658 805 1711 και4
841 1656 954 1719 τοὺς
978 1658 1208 1729 ἀγγέλους
1241 1680 1357 1721 τους
1378 1657 1684 1720 ἐνδόξους,““’
1661 1677 1740 1708 ινα
1760 1658 1843 1709 καὶ
1874 1655 1908 1724 ἦ
1943 1655 2062 1726 σάρξ
2082 1677 2230 1743 αυτη,

280 1726 577 1779 δουλεύσασα
613 1733 679 1798 τῷ
719 1725 1004 1792 [πνεύμα]τι
1035 1727 1308 1814 ἀμέμπτως,
1344 1733 1433 1815 σχῇ
1468 1726 1620 1778 τόπον
1655 1724 1763 1777 τινὰ
1812 1723 2231 1798 κατασκηνώσεως,

279 1798 359 1848 καὶ
398 1794 462 1861 μὴ
501 1794 624 1883 δόξῃ
645 1780 741 1846 τὸν
777 1794 981 1878 μισθὸνῦ
1016 1817 1047 1862 η
1087 1795 1343 1859 εὑρεθεῖσα
1379 1795 1611 1883 ἀμίαντος
1646 1796 1727 1846 καὶ
1765 1793 1983 1855 ασπιλος,
2021 1796 2073 1846 ἐν
2107 1798 2140 1866 ῃ
2174 1815 2228 1846 το

278 1871 467 1930 πνεῦμα
503 1862 556 1915 τὸ
595 1865 734 1933 άγιον
789 1861 1083 1934 κατῴκησεν.
1137 1865 1304 1931 ’Ἑχεις
1349 1865 1430 1916 καὶ
1476 1863 1652 1930 ταύτης
1697 1868 1783 1929 τῆς
1827 1848 2124 1931 παραβολῆς
2144 1861 2233 1930 τὴν

282 1935 516 1985 ἐπίλυσιν.

420 2036 511 2081 VH.
584 2024 930 2094 Ηύφράνθην,
981 2031 1133 2096 φημί,
1183 2027 1346 2099 κύριε,
1383 2027 1562 2095 ταύτην
1605 2025 1694 2095 τὴν
1738 2013 1958 2080 ἐπίλυσιν
2004 2026 2230 2090 ἀκούσας.

265 2095 450 2150 ’Ἄκουε
487 2102 595 2161 νῦν,
633 2099 780 2183 φῃσί·
828 2095 916 2163 τὴν
955 2099 1112 2164 σάρκα
1147 2115 1235 2153 σου
1270 2096 1451 2219 ταύτην
1487 2096 1699 2163 φύλασσε
1733 2095 1962 2182 καθαραν
2009 2099 2089 2151 καὶ
2125 2096 2233 2164 άμί

282 2188 452 2233 αντον,
504 2167 587 2218 ι’να
633 2164 688 2218 τὸ
736 2173 930 2253 πνεῦμα
979 2167 1032 2220 τὸ
1087 2189 1348 2220 κατοικουν
1418 2188 1446 2219 ν
1489 2165 1612 2239 αὐτῇ
1637 2184 1938 2256 μαρτυρησῃ
1974 2166 2114 2239 αὐτῇ,
2150 2169 2234 2220 καὶ

281 2240 528 2323 δικαιωθῇ
576 2252 664 2286 σου
716 2258 747 2302 η
786 2235 916 2319 σάρξ.
989 2238 1143 2289 Βλέπε
1189 2236 1373 2305 μήποτε
1418 2235 1577 2326 ἀναβῇ
1627 2237 1706 2287 ἐπὶ
1751 2234 1850 2324 τὴν
1886 2219 2092 2326 καρδίαν
2142 2253 2232 2295 σου

280 2304 370 2372 τὴν
405 2302 561 2373 σάρκα
597 2320 685 2356 σου
693 2303 894 2391 ταύτην
914 2305 1146 2391 φθαρτὴν
1193 2305 1331 2376 εἶναι,
1367 2307 1449 2358 καὶ
1483 2303 1767 2394 παραχρήσῃ
1792 2303 1916 2376 αὐτῇ
1953 2306 2006 2357 ἐν
2013 2312 2230 2392 μιασμῷ

281 2377 387 2425 τινί.
453 2374 574 2424 Ἐὰν
621 2371 796 2463 μιάνῃς
844 2372 932 2459 τῂν
969 2375 1123 2443 σάρκα
1159 2392 1279 2439 σου,
1313 2382 1499 2443 μιανεῖς
1544 2376 1627 2427 καὶ
1661 2373 1714 2426 τὸ
1751 2380 1942 2441 πνεῦμα
1977 2372 2030 2427 τὸ
2066 2374 2229 2443 άγιον·

283 2440 367 2493 ἐὰν
404 2442 456 2492 δὲ
492 2439 669 2529 μιάνῃς
703 2465 792 2509 την
827 2442 1109 2510 σάρκα,οὐ
1145 2417 1287 2531 ζήσῃζ
1358 2447 1419 2496 Εἰ
1452 2444 1506 2496 δέ
1539 2465 1638 2511 τις,
1675 2446 1815 2510 φημί,
1851 2442 2002 2512 κύριε,
2036 2445 2230 2530 γέγονεν

281 2509 452 2578 άγνοια
501 2511 709 2596 προτέρα
756 2513 871 2597 πρὶν
908 2511 1193 2565 ἇκουσθῶσι
1236 2512 1295 2565 τὰ
1331 2511 1522 2580 ῥήματα
1557 2519 1734 2575 ταῦτα,
1770 2519 1875 2574 πῶς
1910 2519 2088 2602 σωθῇ
2089 2512 2118 2564 ό
2151 2512 2229 2564 άν-

282 2587 485 2662 θρωπος
522 2599 548 2629 ο
586 2600 760 2646 μιανας
795 2578 882 2645 τὴν
906 2579 1061 2649 σάρκα
1080 2580 1256 2648 αὐτοῦ;
1293 2583 1419 2646 Περὶ
1440 2587 1536 2632 τῶν
1561 2582 1820 2667 προτέρων,
1857 2584 2024 2646 φησίν,
2061 2581 2234 2649 άγνοη-

281 2649 443 2714 μάτων
487 2653 555 2718 τῷ
605 2654 711 2733 θεῷ
762 2646 909 2734 μόνῳ
938 2649 1147 2701 δυνατὸν
1193 2652 1323 2701 ἴασιν
1375 2653 1571 2701 δοῦναι·
1623 2648 1772 2700 αὐτοῦ
1820 2648 1911 2717 γάρ
1957 2650 2055 2702 ἐστι
2100 2657 2234 2702 πᾶσα

282 2719 516 2778 ἐξουσία1
569 2715 654 2768 ἐὰν
682 2715 741 2769 τὸ
779 2702 947 2771 λοιπὸν
981 2717 1045 2786 μὴ
1082 2718 1258 2807 μιάνῃς
1307 2735 1396 2769 σου
1448 2716 1536 2784 τὴν
1585 2716 1738 2785 σάρκα
1773 2719 1894 2785 μηδὲ
1929 2717 1982 2769 τὸ
2018 2725 2233 2804 πνεῦμα·

276 2783 528 2872 ἀμφότερα
573 2807 664 2857 γαρ
709 2784 848 2837 κοινά
897 2787 990 2840 ἐστι
1037 2810 1118 2840 και
1170 2787 1279 2854 άτερ
1324 2786 1540 2854 ἆλληλων
1587 2793 1858 2854 μιανθηναι
1907 2786 1966 2838 οὐ
2014 2784 2229 2840 δύναται.

276 2851 548 2922 Ἀμφότερα
583 2857 672 2906 οὐν
706 2853 905 2922 καθαρὰ
942 2855 1173 2922 φύλασσε,
1206 2858 1289 2909 καὶ
1322 2855 1438 2926 ζήσῃ
1471 2861 1537 2907 τῶ
1573 2862 1694 2926 θεῷ.

1132 3034 1376 3083 ΑΡΧΗ.

425 3130 456 3175 Ι.
533 3120 824 3210 Καθήμενος
872 3126 925 3179 ἐν
968 3132 1033 3215 τῷ
1082 3128 1199 3197 οἴκῳ
1242 3148 1360 3192 μου,
1401 3148 1480 3178 και
1526 3122 1735 3188 δοξάζων
1781 3145 1878 3209 τονΡ
1877 3122 2078 3210 κύριον
2122 3125 2230 3211 περὶ

280 3190 474 3243 πάντων
521 3215 589 3244 ων
626 3193 880 3262 ἑωράκειν,
917 3197 998 3247 καὶ
1043 3201 1256 3262 συζητῶν
1303 3197 1412 3262 περὶ
1463 3202 1559 3247 τῶν
1594 3196 1826 3258 ἐντολῶν,
1862 3191 1936 3245 ότι
1970 3194 2111 3245 καλαὶ
2144 3193 2228 3249 καὶ

283 3263 482 3312 δυναταὶ
520 3284 600 3313 και
628 3264 786 3329 ἱλαραὶ
819 3265 901 3315 καὶ
937 3265 1121 3326 ε’νδοξοι
1155 3266 1236 3316 καὶ
1272 3263 1537 3331 δυνάμεναι
1561 3270 1711 3316 σῶσαι
1746 3234 1910 3328 ψύχὴν
1941 3259 2226 3330 άνθροόπου,

370 3428 464 3478 Cap.
480 3429 540 3468 VI.
603 3430 642 3479 1)
677 3427 758 3471 οὐκ
786 3430 827 3469 in
847 3429 936 3469 cod.
962 3429 1222 3469 desideratur.
1364 3428 1409 3480 4)
1442 3428 1518 3468 καὶ
1548 3429 1698 3479 pariter
1727 3435 1892 3479 apparet
1924 3428 1963 3468 in
1996 3428 2136 3468 codiee
2166 3432 2226 3467 at·

368 3484 410 3533 2)
442 3481 602 3539 ἡμῶνῐ
634 3485 687 3524 ita
716 3485 818 3524 male
850 3485 986 3524 codeX.
1282 3497 1357 3536 qne
1387 3484 1577 3534 proxima.
1614 3483 1737 3523 Aliter
1766 3484 1892 3523 visum
1925 3491 2009 3523 erat
2041 3484 2104 3524 ed.
2134 3496 2194 3534 pr.

365 3536 412 3588 3)
445 3539 534 3578 cod
568 3540 830 3596 xhyqopu‘mg
877 3541 998 3579 Antea
1030 3538 1158 3594 παρὰ
1179 3552 1223 3579 ex
1364 3539 1407 3588 5)
1439 3540 1476 3578 h.
1507 3539 1531 3577 Ι.
1565 3539 1706 3578 desunt
1737 3539 1941 3579 nonnulla.

285 3591 372 3630 cod.
410 3593 630 3642 hausimus,
676 3608 912 3646 quamquam
954 3595 1056 3634 male
1089 3595 1219 3634 habet

367 3644 398 3697 †
429 3647 465 3685 h.
498 3647 522 3686 Ι.
557 3626 630 3688 sol.⁷
651 3650 688 3688 2.
721 3651 872 3689 codicis
902 3649 1053 3700 incipit.
1326 3707 1332 3713 .
1365 3648 1459 3700 Cap.
1488 3649 1564 3688 VH.
1627 3650 1666 3702 1)
1698 3650 1875 3689 nonnihil
1910 3649 2033 3688 deest.

2327 2364 2340 2435 .——⁴
2327 2087 2340 2352 ...Quane—'⁴⁰

2333 2814 2340 2852 ἑ

2321 3006 2340 3508 ἑ
