2340 3900
108 175 208 226 358
435 164 767 221 MARTYRIIJM
806 169 852 216 S.
887 163 1111 215 IGNATII.
1155 169 1205 215 X.
1242 167 1314 215 XI.
1348 167 1438 214 XII.
1477 165 1590 215 XIII.
1628 165 1738 211 XIV.
1768 200 1770 203 .

109 312 227 360 σιῶν
260 305 342 357 καὶ
377 304 494 355 τῶν“
527 299 730 366 πόλεων,
766 301 851 353 καὶ
885 297 1008 367 ὅφιν
1043 298 1234 366 ἐκείνην
1270 300 1390 352 ἰδεῖν
1423 298 1507 350 καὶ
1535 300 1688 349 καλοῦ
1714 291 1927 362 νάματος
1952 290 2067 347 ἄπο-

109 380 281 428 λαῦσαι
316 373 510 440 ῥέοντος
542 370 631 431 τ”ς
664 370 852 423 ἐκείνου
885 367 1125 440 γλώττης·
1174 367 1321 430 αὐτὸς
1355 365 1414 420 τὰ
1461 363 1769 436 προσήκοντα
1816 369 2070 432 παραινῶν

111 442 339 510 εὔχεσθαι
373 439 495 509 ὖπὲρ
531 445 683 491 αυτοῦ
717 438 904 501 πάντας
937 437 1094 506 ἠξίου,
1132 436 1251 508 ὥστε
1286 436 1369 489 διὰ
1403 443 1500 489 τῶν
1522 437 1716 505 θηρίων
1737 439 1926 487 θᾶττον
1958 430 2068 485 ἂνα-

110 518 252 564 λῦσαι
279 509 403 580 πρὸς
419 507 505 562 τὸν
522 508 835 577 ποθούμενον
862 509 948 562 καὶ
963 514 1029 580 τῷ
1047 504 1237 560 ἐκείνου
1263 509 1388 579 θείῳ
1414 506 1658 577 προσώπῳ
1687 505 2070 572 ἐμφανισθῆναι.

247 642 322 692 XI.
392 632 552 703 Ὁρῶν
585 635 638 686 δὲ
672 636 754 687 καὶ
789 636 899 687 λίαν
931 630 1111 694 αὐτοὺς
1143 630 1430 701 περιπαθῶς
1462 632 1656 698 ἔχοντας
1687 630 1770 682 καὶ
1803 629 1955 681 olo-nl
1986 632 2075 693 τῆς

116 708 304 758 ἐκείνου
346 710 513 771 ψυχῆς
559 704 942 772 ἐκκρεμαμένους
977 703 1058 755 καὶ
1095 704 1266 769 ζημίαν
1297 700 1358 753 οὗ
1394 697 1615 768 φορητὴν
1649 697 1955 767 ἡγουμένους
1988 696 2076 749 τὸν

114 771 352 843 χωρισμὸν
384 773 539 826 αὐτοῦ
570 775 653 825 καὶ
685 773 771 827 τὸν
807 772 1044 835 θάνατον,
1082 774 1243 832 δείσας
1277 791 1327 822 τε
1361 771 1444 821 καὶ
1478 770 1588 834 περὶ
1622 773 1720 819 τῶν
1756 768 1808 818 ἐν
1826 772 1885 837 τῇ
1920 764 2076 838 Ῥώμῃ

116 849 325 906 πιστῶν,
363 841 428 909 μὴ
464 844 548 895 καὶ
594 841 735 896 αὐτοὶ
779 843 1125 912 παραπλησίως
1176 839 1477 898 διατεθέντες
1525 835 1616 888 οὐκ
1663 834 1910 898 ἀνέξονται
1956 836 2079 887 ἰδεῖν

118 911 268 965 αὐτὸν
315 910 625 979 ἐκδιδόμενον
669 920 772 974 τοῖς
827 914 1054 981 θηρίοις,
1109 907 1228 961 ἀλλά
1281 915 1440 975 χεῖρας
1489 903 1785 966 ἀντιπάλους
1831 910 1935 964 τοῖς
1979 904 2080 956 ἐπι-

115 983 486 1051 τετραμμμένοις
519 979 611 1048 τὴν
646 983 838 1035 ἔκδοσιν
875 978 1162 1048 ἐπιβάλωσι,
1199 978 1281 1029 καὶ
1315 976 1404 1043 τὴν
1457 978 1780 1043 διανοιγεῖσαν
1825 972 1957 1042 αὐτῷ
1990 977 2080 1026 τοῦ

116 1053 381 1120 μαρτυρίου
415 1053 636 1104 κλείσωσι
668 1051 851 1120 θύραν,
888 1053 1008 1120 ἔγνω
1042 1046 1166 1115 πρὸς
1202 1044 1380 1107 αὐτοὺς
1416 1045 1690 1108 ἐπιστεῖλαι,
1725 1042 1844 1096 ὥστε
1866 1044 1949 1095 καὶ
1970 1040 2082 1096 τού-ι

117 1142 232 1182 τους
277 1120 398 1189 ὑπὲρ
433 1119 583 1173 αὐτοῦ
634 1119 886 1189 εὔχεσθαι,
939 1117 1003 1185 μὴ
1053 1118 1412 1183 ἔμποδισθῆναι
1447 1113 1533 1166 τὸν
1582 1111 1764 1182 δρόμον
1811 1111 1944 1182 αὐτῷ
1993 1118 2083 1180 τῆς

119 1187 403 1257 ἀθλήσεως,1
440 1188 557 1242 ἀλλὰ
605 1189 687 1242 διὰ
733 1196 831 1242 τῶν
875 1189 1094 1255 θηρίων,
1145 1184 1303 1251 ὥσπερ
1342 1186 1550 1252 εἴρηται,
1603 1189 1787 1235 θᾶττον
1839 1183 1962 1252 πρὸς
1996 1180 2082 1235 τὸν

119 1258 358 1328 ἐρώμενον
392 1257 625 1311 ἀναλῦσαι
644 1258 893 1325 δεσπότην.
950 1254 1122 1319 ’Ἄξιον
1146 1253 1198 1306 δὲ
1225 1254 1308 1306 καὶ
1329 1252 1481 1321 αὐτῆς
1505 1254 1691 1320 ἐκείνης
1718 1254 2082 1321 ἐπιμνησθῆναι

120 1335 207 1396 τῆς
241 1329 492 1396 ἐπιστολῆς
527 1320 728 1396 ἐχούσης
763 1329 842 1381 ἐπὶ
876 1326 1051 1389 λέξεως
1085 1323 1254 1385 οὕτως.

262 1460 353 1505 Xll.
417 1450 665 1521 Ἰγνάτιος,
698 1450 728 1504 ὅ
763 1453 848 1505 καὶ
871 1449 1140 1519 Θεοφόρος,
1161 1449 1423 1508 ἐπίσκοπος
1457 1453 1544 1514 τῆς
1563 1447 1616 1498 ἐν
1644 1444 1915 1517 Ἀντιοχείᾳ
1942 1443 2085 1515 άγίας

122 1526 208 1573 τοῦ
244 1526 368 1573 θεοῦ
403 1521 671 1588 ἐκκλησίας,
706 1527 765 1592 τῇ
801 1521 1055 1591 ἠλεημένῃ1
1092 1521 1144 1571 ἐν
1178 1517 1501 1587 μεγαλειότητι
1534 1514 1719 1584 πατρὸς
1745 1514 1971 1582 ὑψίστου,
2001 1515 2087 1568 καὶ

123 1591 334 1660 Κυρίου2
367 1587 528 1656 Ἰησοῦ
578 1595 791 1658 Χριστοῦ
827 1597 915 1643 τοῦ
967 1589 1121 1657 μόνου
1167 1588 1284 1639 υἱοῦ
1318 1584 1470 1637 αὐτοῦ
1488 1629 1499 1650 ,
1538 1587 1766 1656 ἐκκλησίᾳ
1796 1583 2087 1657 ἠγαπημένη

124 1660 208 1712 καὶ
250 1659 586 1731 πεφωτισμένῃ
622 1661 675 1711 ἐν
707 1661 795 1711 τῶ3
839 1658 1077 1727 θελήματι
1125 1659 1212 1709 τοῦ
1247 1654 1548 1722 θελήσαντος
1592 1653 1652 1707 τὰ
1686 1654 1871 1718 πάντα,
1918 1653 1951 1705 ἅ
1987 1655 2087 1707 ἐστι

124 1725 247 1781 κατὰ
282 1726 475 1798 ἀγάπην
510 1726 671 1795 Ἰησοῦ
723 1713 937 1797 Χριστοῦ
985 1734 1072 1781 τοῦ
1122 1732 1248 1779 θεοῦ
1281 1725 1446 1792 ἡμῶν·
1498 1723 1606 1788 ἥτις
1652 1725 1735 1776 καὶ
1777 1722 2089 1792 προκάθηται

125 1799 178 1850 ἐν
212 1797 346 1869 τόπῳ
379 1799 557 1866 χωρίου
591 1795 861 1863 Ῥωμαίων·
910 1797 974 1865 ἣν
1007 1798 1089 1850 καὶ
1126 1794 1396 1861 ἀσπάζομαι
1448 1795 1500 1846 ἐν
1535 1792 1735 1860 ὀνόματι
1762 1792 1925 1862 Ἰησοῦ
1965 1798 2088 1862 Χρμ

126 1873 255 1931 στοῦ,
292 1866 415 1918 κατὰ
450 1864 604 1935 σάρκα
638 1869 722 1919 καὶ
755 1874 945 1933 πνεῦμα
978 1865 1231 1933 ἡνωμένην
1265 1862 1398 1935 πάσῃ
1434 1865 1600 1934 ἐντολῇ
1636 1861 1803 1927 αὐτοῦ,
1838 1869 2086 1933 πεπληρω-

126 1936 275 2003 μένην
318 1935 510 2004 χάριτος
545 1942 686 1996 θεοῦ,
720 1937 773 1988 ἐν
807 1942 1002 2007 Χριστῷ
1030 1934 1194 2002 Ἰησοῦ
1229 1939 1295 2005 τῷ
1332 1939 1437 2003 θεῷ
1471 1935 1667 2001 χαίρειν.

256 2023 397 2077 Ἐπεὶ
431 2022 688 2092 εὐξάμενος
723 2032 829 2096 θεῷ
866 2026 1092 2091 ἐπέτυχον
1130 2025 1250 2075 ἰδεῖν
1284 2017 1424 2088 ’ὑμῶν
1459 2020 1518 2073 τὰ
1554 2020 1814 2084 ἀξιοθέατα
1832 2014 2086 2090 πρόσωπα,

127 2095 379 2162 δεδεμένος
414 2095 466 2149 ἐν
504 2099 698 2167 Χριστῷ
729 2094 892 2163 Ἰησοῦ
929 2095 1099 2157 ἐλπίζω
1135 2091 1263 2160 ὑμᾶς
1290 2089 1644 2153 ἀσπάσασθαι,4
1671 2089 1756 2145 ἐάν
1780 2111 1869 2159 περ
1894 2091 2087 2159 θέλημα

126 2168 212 2216 τοῦ
247 2167 373 2217 θεοῦ
408 2156 440 2236 ᾖ
476 2170 563 2216 τοῦ
601 2163 876 2232 ἀξιωθῆναί
912 2185 969 2231 με
1004 2164 1086 2216 καὶ
1123 2164 1191 2224 εἰς
1226 2161 1357 2224 τέλος
1393 2159 1548 2223 οὕτως
1584 2155 1719 2214 εἶναι.
1785 2157 1847 2212 Ἦ
1881 2158 1968 2228 μὲν
1996 2159 2087 2233 γὰρ

128 2230 243 2300 εὐχὴ
278 2230 652 2302 εὖοικονόμητός
701 2233 851 2298 ἐστιν,
899 2234 984 2287 ἐάν
1018 2253 1108 2302 περ
1156 2236 1244 2299 τῆς
1287 2228 1478 2319 χάριτος
1513 2229 1717 2299 ἐπιτύχω
1737 2273 1750 2296 ,
1786 2227 1874 2283 τὸν
1907 2224 2093 2301 κλῆρόν

127 2322 222 2368 μου
258 2300 616 2369 ἀνεμποδίστως
663 2301 939 2371 ἀπολαβεῖν.
1013 2305 1271 2370 Φοβοῦμαι
1318 2323 1409 2372 γαρ
1458 2299 1547 2368 τὴν
1594 2298 1733 2388 ὑμῶν
1782 2297 1988 2371 ἀγάπην,
2070 2292 2083 2318 ⁸

130 2367 254 2437 αὐτή
288 2392 345 2440 με
382 2370 605 2443 ἀδικήσῃ.
672 2371 809 2439 Ὑμῖν
852 2369 942 2442 γὰρ
990 2370 1176 2440 εὐχερές
1221 2367 1320 2423 ἐστι
1365 2376 1565 2439 ποιῆσαι
1614 2368 1640 2422 ὃ
1675 2370 1861 2424 θέλετε·
1897 2368 2003 2437 ἐμοὶ
2022 2322 2093 2425 Ἢ

130 2437 369 2492 δύσκολόν
404 2441 501 2493 ἐστι
535 2447 622 2493 τοῦ
658 2447 782 2494 θεοῦ
817 2439 1069 2507 ἐπιτυχεῖν,
1103 2439 1189 2493 ἐάν
1223 2460 1311 2508 περ
1347 2437 1484 2507 ὑμεῖς
1519 2439 1759 2506 φείσησθέ
1792 2459 1903 2506 μου.

269 2571 381 2620 ΧΙΙΙ.
459 2562 534 2628 Οὗ
574 2561 665 2633 γὰρ
712 2564 872 2628 θέλω,
908 2561 1038 2650 ὑμᾶς
1074 2562 1572 2631 ἀνθρωπαρεσκῆσαι,
1610 2561 1729 2614 ἀλλὰ
1763 2564 1869 2634 θεῷ
1906 2560 2090 2632 ἀρέσαι,

135 2628 293 2701 ὥσπερ
345 2627 407 2699 δὴ
455 2633 537 2684 καὶ
587 2630 819 2702 ἀρέσκετε.
897 2637 970 2684 Ου
1023 2630 1114 2701 γὰρ
1166 2630 1258 2702 ἐγὼ
1295 2629 1437 2683 ἄλλον
1473 2631 1562 2694 ἔξω
1595 2627 1775 2700 καιρόν
1815 2653 1931 2685 ποτε
1965 2634 2092 2685 θεοῦ

133 2701 395 2768 ἐπιτυχεῖν,
433 2699 543 2754 οὔτε
576 2700 725 2769 ὑμεῖς.
790 2694 912 2753 Ἐὰν
949 2689 1055 2754 οῦν1
1093 2698 1366 2768 σιωπήσητε
1402 2698 1489 2752 ἀπ’
1532 2695 1665 2768 ἐμοῦ,
1703 2699 1795 2771 ἐγὼ
1827 2698 2092 2773 γενήσομαι

134 2776 260 2822 θεοῦ
272 2780 282 2799 ”
334 2768 420 2822 ἐὰν
455 2768 508 2822 δὲ
545 2764 784 2839 έρασθῆτε
818 2776 905 2837 τῆς
939 2760 1118 2839 σαρκός
1154 2791 1262 2836 μου,
1296 2764 1442 2821 πάλιν
1479 2771 1647 2838 ἔσομαι
1680 2770 1867 2839 τρέχων.
1929 2768 2125 2825 Πλέον·

135 2839 189 2890 δέ
234 2860 315 2906 μοι
361 2837 666 2928 παράσχεσθε
712 2841 1071 2906 σπονδισθῆναι
1110 2845 1242 2911 θεῷ,
1291 2835 1356 2900 ὥς
1389 2839 1478 2891 ἔτι2
1514 2839 1866 2907 θυσιαστήριον
1900 2836 2093 2929 ἕτοιμόν

136 2908 291 2972 ἐστιν,
327 2908 410 2960 ἵνα
443 2910 495 2960 ἐν
531 2905 693 2982 αγάπῃ
728 2908 869 2976 χορὸς
902 2906 1152 2978 γενόμενοι
1186 2907 1331 2980 ᾄσητε
1377 2907 1445 2979 τῷ
1493 2911 1638 2978 πατρὶ
1687 2910 1738 2962 ἐν
1777 2913 1972 2980 Χριστῷ
2014 2911 2048 2965 Ι
2073 2945 2092 2954 -

137 2982 251 3042 σοῦ,
286 2966 362 3029 ’ότι
395 2975 479 3030 τὸν
515 2970 778 3031 ἐπίσκοπον
813 2978 1000 3047 Συρίας
1036 2968 1064 3029 ό
1099 2976 1220 3039 θεὸς
1254 2977 1544 3044 κατηξίωσεν
1595 2976 1865 3049 εὑρεθῆναι
1902 2982 1971 3044 εἰς
2009 2980 2091 3037 δυ-

137 3062 239 3108 σιν,
289 3043 387 3099 ἀπὸ
436 3038 672 3114 ἀνατολῆς
718 3053 906 3114 τοῦτον1
936 3044 1380 3115 μεταπεμψάμενος.
1473 3039 1640 3100 Καλὸν
1691 3041 1745 3101 τὸ
1793 3046 1938 3103 δῦναι
1993 3044 2090 3104 ἀπὸ

139 3113 323 3181 κόσμου
359 3114 482 3184 πρὸς
519 3106 670 3180 θεὸν,
705 3115 788 3168 ’ἵνα
824 3117 910 3177 sig-³
948 3114 1097 3169 αὐτὸν
1128 3114 1459 3183 ἀνατείλωμεν.

276 3242 383 3292 XIV.
459 3236 704 3292 Οὐδέποτε
754 3235 1049 3310 ἕβασκήνατε
1083 3239 1275 3304 οὐδενί,
1327 3237 1501 3301 ἄλλους
1548 3229 1805 3302 ἒδιδάξατε.
1869 3233 2000 3310 Ἐγῶ
2036 3241 2091 3294 δὲ

136 3306 278 3370 θέλω,
315 3308 397 3360 ἵνα
432 3307 632 3365 κάκεῖνα
664 3309 836 3377 βέβαια
869 3303 928 3382 ᾖ,
967 3304 999 3363 ἃ
1034 3307 1392 3377 μαθητεύοντες
1428 3308 1714 3362 ἔντέλλεσθε.
1788 3308 1976 3363 Μόνον
2008 3332 2091 3378 μοι

225 3502 272 3556 9)
304 3505 400 3546 τῶν
430 3518 506 3545 om.
538 3505 582 3545 E.
1225 3498 1320 3598 {aps
1355 3504 1435 3543 XII.
1496 3502 1536 3556 1)
1565 3498 1830 3564 ’ἠλειμμένῃ
1874 3513 1956 3547 var.
1998 3499 2090 3547 lect.

1139 3571 1202 3611 ap.
1268 3571 1290 3597 ο
1312 3587 1321 3597 .

226 3611 319 3663 Cap.
353 3614 416 3654 XI.
478 3590 518 3668 ¹)
551 3610 790 3667 ἀσκήσεως
819 3612 863 3654 Ε,
1225 3612 1270 3666 2)
1300 3613 1459 3670 κυρίου
1489 3625 1565 3654 om.
1594 3613 1672 3666 ΑΕ,
1701 3614 1758 3654 utI
1789 3614 1888 3657 cod.
1918 3615 2088 3656 Colber-
