2340 3900
1099 152 1344 200 HERMAS.
1649 208 1651 210 .
2116 161 2214 201 XLI

229 301 325 351 hoc
358 294 482 347 libro
497 334 509 355 ‚
551 291 681 343 haud
730 289 924 342 difficile
959 287 1222 355 perspiciet
1256 287 1614 356 unusquisque,
1662 293 1912 339 auctorem
1959 286 2090 339 inter
2124 288 2215 340 alia

230 384 289 420 eo
324 363 530 416 maxime
574 361 802 413 retulisse
839 375 925 410 sua
961 357 1188 419 consilia,
1223 365 1278 408 ut
1314 358 1365 408 in
1399 358 1755 421 controversia,
1800 358 2015 426 primum
2051 359 2214 410 seculo

229 435 442 489 secundo
477 437 605 494 orta,
653 436 852 492 statuat,
902 428 1025 495 ipsis
1071 427 1372 494 gravioribus
1407 428 1768 495 peccatoribus,
1816 434 1866 479 et
1900 428 2121 479 moechis
2167 434 2215 480 et

228 503 472 574 apostatiS,
508 507 693 552 restare
727 498 1090 567 poenitentiam,
1126 497 1344 564 quamvis
1371 497 1579 548 unicam.
1651 499 1830 550 Mirum
1867 514 1984 549 sane
2015 497 2215 561 videtur,

230 575 359 644 quod
394 580 492 624 tam
529 586 701 639 pamm
739 570 799 620 ad
834 570 932 620 hoc
968 567 1254 628 consilium,
1293 568 1424 634 quod
1461 568 1589 618 clare
1621 568 1788 635 prodit
1823 574 2018 630 auctor,
2054 574 2215 620 atten-

229 644 456 703 debatur,
493 657 586 710 qua
622 639 961 691 observatione
1000 638 1122 688 duce
1178 644 1309 687 aetas
1349 637 1604 703 scriptoris
1643 638 2037 700 determinanda,
2088 639 2217 690 nulla

227 714 494 767 laborasset
537 710 830 762 difficultate.
910 709 982 759 Ex
1029 707 1135 774 ipsa
1182 723 1332 772 porro
1380 708 1569 758 ratione
1619 715 1667 760 et
1716 708 2023 759 institutione
2071 709 2216 761 huius

227 783 335 836 libri
383 782 434 833 in
480 787 714 849 promptu
766 796 875 830 esse
919 778 1064 830 nobis
1112 776 1322 838 videtur,
1370 783 1619 829 auctorem
1664 778 1883 830 Pastoris
1930 779 2216 831 Montanum

228 854 426 920 eiusque
464 851 674 903 asseclas
719 856 885 917 petere
932 848 1188 915 cogitasse.
1266 848 1498 898 Montano
1537 849 1682 911 enim,
1725 865 1821 900 una
1845 864 1956 900 cum
1993 849 2217 901 sociabus

230 924 331 976 suis
366 921 584 974 Priscilla
619 926 669 971 et
703 919 984 982 Maximilla,
1021 917 1197 969 divinis
1234 916 1608 968 revelationibus
1646 918 1992 984 gloriantibuS,
2029 919 2216 987 quihuS,

228 1009 349 1062 quae
382 992 434 1043 in
470 990 724 1059 disciplina
760 989 1023 1041 christiana
1057 987 1263 1038 maxime
1286 987 1606 1038 desideranda
1629 989 1862 1051 venirent,
1896 989 2216 1042 institueban-

227 1072 320 1126 tur,
355 1067 524 1114 auctor
558 1068 730 1113 noster
751 1060 870 1112 alias
901 1058 1221 1110 revelationes
1259 1057 1488 1111 divinitus
1525 1058 1661 1108 datas
1688 1074 1936 1125 opponere
1958 1060 2218 1112 meditatus

227 1134 346 1185 est.“
415 1132 562 1183 Favet
596 1131 712 1183 huic
744 1128 1076 1198 disquisitioni
1112 1128 1348 1195 prologus
1387 1127 1583 1178 Codicis
1619 1129 1721 1178 Vat.
1761 1129 1910 1191 3848,
1946 1129 2026 1180 ubi
2064 1136 2163 1182 est:

580 1241 769 1295 Liber
804 1240 1094 1307 pastoris
1142 1237 1356 1291 nuntii
1393 1238 1864 1305 poenitentiae.

366 1341 570 1394 Cuinam
603 1346 766 1391 autem
788 1339 997 1391 Hermae
1015 1339 1364 1391 adiudicandus
1402 1337 1466 1388 sit
1495 1338 1684 1400 Pastor,
1721 1337 1772 1389 id
1806 1354 1900 1389 nos
1937 1338 2214 1405 Hefelius¹⁰)

226 1413 572 1480 Fragmentum
606 1411 988 1462 Muratorianum
1026 1415 1074 1460 et
1108 1410 1272 1461 locum
1307 1407 1835 1459 Pseudo-Tertulliani
1869 1408 2217 1476 supracitatum

226 1483 404 1535 docere
438 1487 617 1542 censet,
652 1496 755 1531 non
790 1480 1037 1543 dubitans,
1075 1479 1191 1546 quin
1226 1479 1354 1530 illius
1391 1477 1608 1529 nominis
1644 1479 1794 1530 frater
1830 1478 1904 1530 Pii
1941 1479 1975 1541 I,
2010 1478 2218 1530 Romani

226 1552 457 1620 episcopi,
491 1551 668 1603 librum
703 1556 928 1602 nostrum
961 1549 1323 1616 conscripserit.

367 1622 463 1674 Sed
499 1637 641 1688 grave
676 1626 1014 1687 argumentum
1051 1627 1222 1671 contra
1269 1635 1373 1671 eam
1412 1618 1695 1686 opinionem
1742 1619 1947 1686 protulit
1981 1619 2217 1681 GratziuS,

226 1693 451 1762 inquiens
464 1689 537 1756 2¹¹)
571 1691 642 1755 „si
662 1707 838 1758 nempe
863 1698 1035 1742 auctor
1058 1690 1280 1742 addictus
1307 1690 1479 1741 suisset
1501 1689 1733 1741 ecclesiae
1756 1689 1945 1751 latinae,
1965 1691 2214 1743 Romano-

228 1780 322 1832 que
354 1762 574 1830 pontifici
610 1761 916 1828 cognationis
948 1761 1139 1812 vinculo
1179 1760 1495 1822 coniunctuS,
1532 1766 1663 1811 certe
1700 1760 1823 1811 liber
1859 1760 2025 1827 ipsius⁴
2051 1760 2218 1811 notior

228 1833 495 1885 exstitisset
529 1831 727 1895 Latinis,
764 1847 907 1898 quam
945 1830 1186 1882 GraeciS.“
2153 1871 2159 1876 .

366 1903 430 1954 At
460 1902 592 1954 enim
627 1917 769 1953 vero:
804 1902 934 1952 unde
971 1910 1276 1967 compertum
1313 1901 1560 1962 habemUS,
1596 1900 1648 1951 in
1669 1901 1962 1967 Fragmento
2002 1901 2219 1951 Murato-

230 1974 368 2025 riano
405 1980 454 2024 et
487 1973 596 2023 loeo
631 1988 687 2022 ex
713 1971 1252 2022 Pseudo-Tertulliano
1291 1971 1438 2020 citato
1476 1970 1592 2020 illud
1629 1971 1866 2036 scriptum
1902 1970 2053 2033 innui,
2090 1971 2220 2037 quod

227 2043 386 2094 adhuc
435 2047 613 2103 exstat,
659 2057 750 2092 nec
795 2040 922 2091 aliud
971 2041 1211 2108 quoddam
1260 2040 1476 2090 eiusdem
1529 2040 1799 2105 argumenti
1843 2046 1987 2106 atque
2045 2038 2219 2090 tituli?

229 2113 419 2164 Nomen
454 2111 665 2161 auctoris
698 2126 800 2161 non
835 2110 1037 2160 fortuito
1080 2109 1371 2175 ponendum,
1408 2109 1493 2159 sed
1530 2108 1719 2160 interna
1753 2109 1959 2176 quadam
1995 2110 2040 2160 vi
2076 2116 2221 2176 atque

229 2181 418 2232 ratione
452 2180 597 2231 libelli
632 2179 811 2231 indolis
849 2196 935 2230 seu
971 2185 1167 2230 natura:
1205 2172 1271 2229 οὐ
1306 2174 1450 2229 θέσει
1482 2171 1547 2229 τὰ
1583 2171 1842 2245 ὀνόματα,
1881 2171 2012 2230 ἀλλὰ
2047 2173 2218 2246 φύσει.

231 2251 302 2302 Ac
335 2266 443 2309 noS‚
481 2249 654 2317 quibus
690 2249 903 2300 Hefelius
938 2249 1147 2316 partium
1197 2250 1358 2300 studio
1394 2250 1526 2315 pluS,
1577 2266 1720 2316 quam
1764 2249 2076 2311 necessitate,
2129 2265 2219 2300 nec

227 2319 539 2371 validioribus
589 2318 886 2385 argumentis
942 2319 1176 2370 adductus
1222 2319 1359 2369 fratri
1395 2319 1468 2369 Pii
1517 2319 1553 2369 I.
1625 2320 1879 2370 Pastorem
1927 2319 2220 2371 adtribuisse

227 2389 437 2450 videtur,
492 2405 593 2439 non
639 2388 912 2439 dubitamus
961 2389 1013 2438 in
1059 2395 1222 2454 partes
1257 2388 1561 2454 Hilgenfeldii
1608 2388 1756 2439 abire.
1827 2387 1942 2453 Is¹²>
1993 2389 2125 2440 enim
2161 2406 2218 2441 ex

229 2458 334 2511 eius
370 2458 533 2509 indole
570 2464 841 2509 asseverate
878 2458 1082 2509 definire
1119 2458 1303 2524 potuit,
1355 2458 1590 2524 scriptum
1641 2475 1750 2510 esse
1800 2459 1979 2511 librum
2033 2476 2059 2509 a
2094 2459 2218 2511 laico

228 2529 463 2596 quodam,
516 2527 864 2579 Iudaizantium
908 2527 1126 2595 partibus
1163 2529 1371 2590 favente,
1421 2528 1503 2595 qui
1539 2528 1736 2580 ineunte
1773 2531 1965 2581 saeculo
2005 2530 2218 2581 secundo

227 2599 279 2650 in
315 2597 515 2649 ecclesia
549 2599 839 2649 reformaret
874 2599 946 2649 vel
983 2604 1242 2649 renovaret
1276 2598 1579 2664 poenitentia
1612 2599 1948 2666 praedicanda.

367 2669 414 2720 3.
449 2667 657 2719 Hermae
690 2668 867 2719 Pastor
901 2668 961 2718 ab
998 2668 1267 2719 editoribus
1304 2668 1355 2718 in
1393 2675 1495 2719 tres
1533 2669 1687 2720 libros
1725 2669 1907 2722 divisus
1957 2676 2047 2721 est.
2120 2670 2218 2722 Co-

227 2738 374 2801 diceS,
410 2753 533 2805 quos
567 2738 788 2801 vidimuS‚
824 2738 1112 2790 divisionem
1150 2738 1279 2788 illam
1317 2754 1419 2789 non
1441 2745 1726 2805 agnoscunt.
1797 2740 2041 2791 Exhibent
2058 2746 2219 2791 autem

225 2808 472 2871 Visiones»,
509 2808 731 2859 Mandata
767 2813 816 2858 et
856 2807 1210 2859 Similitudines
1247 2808 1375 2859 inter
1411 2825 1488 2870 se,
1532 2825 1634 2859 non
1669 2809 1775 2876 pari
1810 2817 1974 2861 tamen
2013 2826 2220 2862 numero

258 2878 443 2930 artitaS.

225 2893 257 2944 p
366 2950 415 2999 4.
460 2947 674 2998 Libellus
719 2948 952 3000 Pastor
992 2948 1271 2999 nominatus
1305 2947 1455 2998 fuisse
1492 2949 1706 3012 videtur,
1756 2949 1866 3016 quia
1916 2950 2090 3016 aliquis
2126 2965 2216 3016 pa-

226 3017 394 3068 storali
442 3023 574 3069 veste
607 3017 819 3081 indutus,
855 3019 1082 3069 Hermam
1122 3018 1389 3084 adloquens
1427 3018 1479 3069 in
1515 3019 1752 3069 Mandatis
1791 3024 1839 3069 et
1875 3019 2218 3070 Similitudini-

226 3086 316 3138 bus
352 3086 509 3138 nuntii
551 3087 878 3153 poenitentiae
923 3094 1088 3155 partes
1125 3087 1238 3154 agit.
1310 3087 1400 3138 Alii
1453 3104 1562 3138 cum
1601 3086 1959 3153 lachmannoffl)
2010 3088 2220 3139 ethicam

227 3157 444 3223 opusculi
482 3157 698 3208 indolem
732 3173 900 3209 ansam
926 3158 992 3209 illi
1030 3157 1338 3224 inscriptioni
1377 3157 1571 3209 dedisse
1596 3159 1773 3221 volunt,
1810 3158 2220 3225 quemadmodum

226 3233 328 3277 tres
362 3226 612 3293 Epistolae
644 3227 780 3278 Pauli
816 3228 1039 3294 Apostoli
1078 3234 1379 3293 nuncupatae
1414 3228 1594 3278 fuerint
1629 3229 1910 3293 pastorales.

364 3300 411 3348 5.
447 3296 518 3347 De
552 3296 773 3347 Pastoris
809 3297 1098 3349 auctoritate
1137 3297 1187 3348 in
1223 3297 1368 3347 rebus
1406 3297 1721 3363 theologiciS‚
1775 3298 1931 3364 deque
1967 3297 2073 3348 eius
2120 3297 2218 3349 fine

227 3365 411 3431 optime
448 3365 786 3418 disseruerunt
833 3368 1119 3418 lachmann:
1168 3366 1265 3418 Der
1298 3366 1438 3417 Hirte
1487 3367 1574 3418 des
1624 3367 1844 3417 HermaS.
1916 3366 2219 3434 Konigsberg

231 3434 362 3486 1835
398 3441 447 3485 et
480 3434 778 3500 Hilgenfeld:
814 3436 902 3488 Die
938 3443 1095 3503 apost.
1132 3437 1275 3487 Vater
1311 3452 1358 3502 p.
1400 3437 1496 3488 165
1535 3452 1640 3501 sqq.

319 3599 388 3651 10)
419 3599 603 3652 Prolegg.
633 3612 673 3653 p.
704 3600 832 3642 XCIV.
864 3614 954 3655 sqq.
1343 3599 1410 3652 12)
1443 3599 1515 3638 Die
1549 3598 1723 3649 apostol.
1756 3598 1874 3640 vater
1903 3612 1943 3653 p.
1973 3600 2216 3645 161et179.

317 3654 388 3708 ll)
418 3655 462 3696 L.
494 3668 528 3697 c.
559 3668 599 3708 p.
632 3658 670 3699 8.
1344 3656 1414 3708 13)
1444 3655 1525 3695 Der
1557 3654 1670 3696 Hirte
1702 3655 1773 3696 des
1804 3656 1974 3699 Hermas
2004 3669 2044 3711 p.
2075 3659 2143 3701 28.
2242 3662 2245 3666 ’
