2340 3900
720 116 1015 165 BARNABAE
1050 116 1335 164 EPISTOLA.
1381 115 1453 163 Vl.
1493 115 1583 162 vll.
2078 109 2140 160 13

185 266 335 314 affluo
371 259 466 307 fieti
498 257 742 309 fuerimus..
807 255 916 302 Nam
955 255 1011 301 de
1054 255 1186 301 nobis
1223 256 1452 318 scriptura
1488 254 1620 311 dicit,
1669 253 1883 314 loquente
1920 258 2050 315 patre
2087 251 2143 298 ad

185 333 352 380 fllium:
386 327 620 386 ,faciamus
655 324 885 372 hominem
921 324 979 370 ad
1012 324 1250 386 imaginem
1289 332 1335 371 et
1370 325 1427 371 ad
1458 324 1798 371 similitudinem
1833 328 2062 378 nostram3
2100 326 2145 368 et

181 400 387 464 praesint
414 397 576 444 bestiis
611 402 776 450 terrae,
811 399 859 440 et
889 393 1145 440 volatilibus
1182 393 1312 450 coeli,
1349 400 1395 440 et
1429 393 1632 455 piscibus
1668 389 1840 440 maris.‘
1912 390 2024 438 Tum
2061 390 2143 436 Do-

180 470 330 517 minus
365 467 524 513 videns
545 464 792 519 bominem,
828 461 1070 524 pulchrum
1108 461 1370 523 figmentum
1397 478 1543 521 suum,
1580 464 1663 510 ait:
1698 461 1911 520 ,crescite
1949 467 1996 508 et
2020 460 2141 517 ‚mul-

182 535 460 600 tiplicamini,
493 541 541 581 et
576 532 749 595 replete
774 530 972 579 terram.‘
1044 531 1175 578 Haec·
1200 532 1257 578 ad
1285 530 1439 578 tilium.
1498 533 1667 579 lterum
1702 538 1851 579 autem
1877 529 1958 578 tihi
1995 536 2144 577 osten-

184 608 299 664 dam,
335 619 427 667 qno
462 603 601 651 modo
636 601 789 663 quoad
823 615 910 648 nos
945 601 1115 648 ultimis
1139 600 1422 661 temporibus
1457 603 1703 648 secundam
1728 601 2004 648 creationem
2040 614 2142 662 per·

182 676 343 738 egerit.
409 674 527 721 Dicit
573 673 694 720 enim
725 671 967 718 Dominus:
1014 684 1143 728 ,ecce
1196 670 1357 716 faciam
1404 672 1650 718 novissima
1699 678 1925 732 tamquam
1962 665 2147 732 priora.‘

185 745 283 793 Hoc
317 743 571 806 respiciens
618 740 897 804 praedicavit
930 740 1179 802 propheta:
1215 740 1396 794 ,intrate
1450 740 1495 786 in
1543 748 1709 788 terram
1756 740 1870 787 lacte
1917 746 1964 787 et
2012 739 2146 787 melle

186 816 426 870 liuentem,
472 819 520 859 et
553 811 846 858 dominamini
896 807 970 857 ei.‘
1039 809 1156 856 Ecce
1206 809 1367 870 igitur,
1422 823 1508 855 nos
1559 810 1709 857 denno
1746 810 1928 857 formati
1961 823 2147 867 sumns3

184 881 562 946 quemadmodum
609 893 771 927 rursus
820 881 867 926 in
917 879 1006 926 alio
1055 878 1279 940 propheta
1330 878 1466 924 dicit:
1517 877 1683 935 ,ecce,‘
1732 880 1878 940 inquit
1913 879 2146 936 DominuS,

182 953 401 1011 ‚auferam
435 951 493 999 ab
520 947 626 1008 eis:
660 950 751 996 hoc
787 955 859 996 est
890 949 946 996 ab
980 948 1048 995 eis
1084 961 1200 1010 quos
1231 947 1419 1008 spiritus
1437 947 1612 994 Domini
1648 948 1952 1010 praevidebat,
1990 949 2149 1006 ,corda

184 1023 384 1086 lapidea,
421 1027 469 1069 et
499 1020 733 1067 immittam
769 1018 857 1066 illis
893 1018 1035 1066 corda
1071 1014 1291 1076 earnea3‘
1339 1018 1445 1079 quia
1482 1017 1528 1063 in
1566 1031 1702 1065 earne
1738 1018 1878 1064 voluit
1914 1032 2151 1080 apparere,

185 1100 233 1140 et
267 1091 472 1139 babitare
508 1090 555 1136 in
589 1088 738 1138 nobis.
808 1087 1042 1150 Templum
1074 1088 1194 1136 enim
1233 1094 1463 1144 sanctum,
1501 1086 1665 1134 fratres
1699 1088 1812 1144 mei,
1851 1088 2041 1135 Domino
2079 1095 2152 1135 est

184 1160 401 1208 hahitatio
437 1159 593 1207 cordis
630 1158 791 1206 nostri.
859 1157 1034 1205 Etenim
1083 1158 1246 1205 iterum
1295 1157 1357 1204 ait
1390 1157 1632 1204 Dominus:
1682 1157 1881 1215 ,ubinam
1921 1157 2150 1219 apparebo

179 1245 342 1290 ,coram
377 1229 567 1277 Domino
603 1228 696 1276 Deo
731 1243 866 1286 meo,
910 1234 958 1275 et
999 1225 1343 1290 glorificabor?
1416 1227 1514 1273 Ait:
1556 1225 1833 1284 ,confitebor
1878 1226 1961 1273 tibi
1997 1227 2042 1273 in
2080 1241 2152 1274 ec-

186 1300 352 1358 clesia,
399 1300 445 1346 in
491 1298 643 1346 medio
680 1298 869 1345 fratrum
907 1311 1141 1355 meorum,
1192 1303 1238 1344 et
1286 1297 1477 1344 cantabo
1524 1297 1606 1344 tibi
1648 1297 1694 1343 in
1740 1297 1891 1343 medio
1930 1295 2152 1343 ecclesiae

186 1366 476 1418 sanctonm‘
544 1369 700 1430 ltaque
734 1381 819 1416 nos
854 1382 1040 1425 sumuS,
1080 1381 1197 1429 quos
1235 1367 1488 1414 introduxit
1525 1367 1570 1413 in
1607 1373 1775 1414 terram
1811 1366 1990 1412 bonam.
2062 1365 2154 1413 Sed

186 1454 328 1502 quare
362 1439 434 1487 lac
466 1444 511 1486 et
545 1437 665 1486 meli
734 1437 956 1495 Quoniam
1004 1437 1153 1484 infans
1202 1438 1400 1498 primum
1449 1436 1606 1495 melle,
1658 1443 1766 1483 tune
1799 1435 1915 1482 laete
1951 1436 2154 1482 viviseit:

186 1511 247 1557 ita
281 1517 328 1557 et
362 1523 474 1566 nos,
510 1507 625 1566 fide,
678 1522 813 1570 quam
848 1508 1071 1555 habemus
1108 1507 1348 1570 promissis
1385 1507 1490 1564 Dei,
1542 1513 1586 1553 et
1622 1506 1760 1554 verbo
1798 1506 2154 1568 praedicationis

185 1577 407 1636 vivificati,
441 1578 641 1625 vivemus
674 1585 844 1625 terram
878 1578 1187 1640 possidentes.
1259 1575 1480 1639 Superius
1516 1591 1624 1624 vero
1648 1576 1893 1639 praedixit:
1929 1582 2158 1634 ‚crescant

182 1656 230 1696 et
265 1650 470 1711 praesint
506 1646 743 1710 piscibus!
814 1647 923 1705 Quis
959 1654 1115 1710 potest
1168 1661 1290 1694 nunc
1334 1661 1551 1709 praeesse
1598 1647 1784 1704 bestiiS‚
1829 1647 1899 1693 vel
1935 1646 2155 1709 piscibuS,

185 1718 257 1766 vel
292 1717 407 1766 coeli
452 1716 748 1765 volucribus?
800 1717 932 1765 Scire
967 1718 1087 1765 enim
1127 1717 1372 1774 debemus,
1411 1715 1659 1778 ,praeesse‘
1698 1722 1971 1779 potestatem
2009 1717 2156 1778 desig-

187 1802 322 1846 nare,
365 1794 416 1835 ut
450 1787 555 1849 quis
593 1787 785 1850 imperet
818 1801 872 1834 ac
909 1787 1180 1834 dominetur.
1251 1787 1344 1834 Etsi
1382 1788 1428 1834 id
1462 1801 1583 1834 nune
1614 1801 1706 1834 non
1745 1788 2003 1849 contingat,
2051 1802 2156 1848 pro·

187 1858 312 1908 misit
347 1857 394 1904 id
442 1870 551 1904 sane
585 1855 736 1904 nobis.
807 1855 995 1914 Quando
1034 1855 1144 1903 fiet?
1205 1857 1316 1903 Cum
1363 1863 1410 1905 et
1454 1858 1542 1919 ipsi
1590 1858 1706 1905 adeo
1741 1856 1935 1920 perfecti
1972 1857 2157 1915 erimuS,

189 1934 239 1974 ut
272 1927 471 1975 heredes
506 1927 649 1974 simus
686 1927 942 1975 testamenti
979 1927 1171 1973 Domini.

322 2065 411 2112 vu.
482 2065 715 2113 Ieiunium
746 2071 880 2128 typus
915 2073 958 2112 et
992 2066 1152 2112 hircus
1188 2066 1461 2112 emissarius
1494 2066 1653 2126 figura
1693 2067 1797 2113 lesu
1824 2069 2034 2128 passuri.

330 2175 567 2238 intelligite
613 2190 751 2240 ergo,
801 2176 880 2224 tilii
930 2177 1189 2224 dilectionis
1225 2191 1276 2222 ac
1316 2176 1533 2231 laetitiae,
1583 2178 1705 2238 quod
1756 2177 1905 2224 honus
1943 2179 2157 2226 Dominus

192 2246 342 2293 omnia
363 2245 497 2293 nobis
517 2247 906 2308 praemonstravit,
935 2254 983 2294 ut
1006 2260 1406 2309 cognosceremus,
1434 2248 1505 2293 cui
1535 2247 1579 2293 in
1601 2247 1810 2294 omnibus
1838 2249 2006 2309 gratias
2026 2263 2160 2310 agere

275 2381 353 2434 ⁴1)
380 2380 524 2422 etech.
567 2380 641 2430 ll,
678 2381 743 2422 19.
790 2381 871 2430 ³6,
901 2382 969 2423 20.
1017 2382 1046 2422 C
1093 2382 1143 2422 ad
1286 2379 1360 2431 49)
1390 2379 1470 2421 Nos
1513 2393 1670 2433 sumuS,
1715 2394 1815 2434 quos
1855 2383 2080 2423 introduxit
2119 2385 2160 2423 in

190 2450 303 2479 oram
330 2443 367 2478 et
397 2438 497 2478 dabo
528 2450 592 2478 cor
619 2449 748 2477 earne.
1201 2443 1343 2478 terram
1361 2438 1459 2478 lacte
1476 2442 1511 2476 et
1530 2439 1644 2478 melle
1667 2444 1889 2479 manantem
1911 2438 1939 2478 C
1962 2438 2013 2478 ad
2035 2452 2160 2480 oram.

276 2493 350 2546 42)
380 2492 526 2534 Scribo
563 2486 764 2550 ἤμελλεν
814 2507 849 2534 c.
890 2493 920 2535 B
941 2494 969 2534 F
990 2494 1069 2534 OV
1106 2502 1146 2535 et
1287 2494 1362 2546 5⁰)
1396 2494 1453 2534 lta
1484 2506 1530 2534 ex
1560 2495 1589 2534 B
1613 2495 1641 2534 F
1666 2496 1698 2535 0
1718 2495 1759 2545 V,
1791 2490 1914 2537 οὕτω
1948 2496 1976 2536 C
2010 2496 2111 2537 Men.

192 2557 298 2592 textu
325 2561 473 2601 graeco
507 2549 683 2591 nemini
714 2549 753 2590 in
787 2550 917 2600 notis,
950 2551 1017 2604 qui
1053 2552 1144 2604 qui·
1290 2550 1364 2602 51)
1398 2547 1612 2608 ζήσωμεν
1644 2551 1734 2593 OV.
1784 2552 1840 2592 Dc
1870 2553 1942 2593 hac
1976 2558 2079 2594 terra
2107 2555 2160 2595 it-

190 2607 281 2648 dem
314 2606 380 2647 ed.
409 2603 625 2663 ἔμελλεν,
672 2612 715 2647 ut
745 2606 870 2649 habes
902 2607 943 2649 in
977 2608 1020 2650 C.
1063 2609 1144 2650 Me·
1201 2608 1296 2648 tud:
1326 2607 1438 2648 Beati
1466 2609 1594 2658 mites,
1641 2610 1829 2662 quoniam
1870 2611 1949 2662 ipsi
1973 2611 2161 2663 posside-

192 2662 359 2704 nardnm
388 2662 516 2704 secati
545 2669 639 2704 sunt
666 2661 775 2716 rqu.
1203 2666 1292 2705 bunt
1327 2669 1491 2713 ter-ram,
1538 2666 1580 2706 id
1611 2672 1670 2706 cst
1703 2666 2006 2708 dominabuntur
2035 2671 2159 2708 terrae

275 2719 348 2772 4³)
378 2718 461 2761 etr.
491 2719 600 2760 toan.
637 2721 672 2770 1,
709 2720 771 2762 14.
1201 2722 1358 2774 quando
1391 2722 1420 2761 C
1451 2721 1502 2761 ad
1535 2735 1659 2762 oram.

271 2776 346 2828 44)
377 2774 523 2817 Vocem
554 2771 733 2832 κύριος,
773 2787 892 2829 quam
926 2789 999 2817 nec
1032 2783 1143 2817 vetus

194 2831 291 2885 legit
317 2831 541 2885 interpres,
570 2839 640 2874 ant
666 2832 772 2874 male
801 2831 979 2874 additam
1011 2840 1144 2886 puteS‚

194 2896 262 2930 ant
302 2901 384 2930 non
425 2887 476 2929 ad
517 2888 664 2939 Deum,
704 2888 778 2930 sed
826 2888 877 2930 ad
918 2888 1147 2943 Prophe-tam

194 2943 358 2998 (David)
388 2945 555 2986 retem.
585 2967 640 2976 -
670 2945 796 2987 Notes
827 2944 993 2996 deinde,
1035 2947 1146 2988 bisce

196 3001 328 3043 verbis
354 3003 512 3043 tertiam
541 3001 622 3043 loci
649 3000 759 3043 illins
801 3001 938 3043 biblici
970 3003 1146 3056 explica-

194 3058 343 3099 tionem
374 3057 632 3110 allegoricam
669 3071 741 3100 sen
780 3059 1003 3112 gnosticam
1045 3060 1146 3101 inci-

194 3127 304 3168 pere,
333 3127 439 3168 qnae
470 3114 739 3158 terramillam
759 3114 810 3158 de
839 3116 1005 3159 ecclesia
1038 3118 1144 3158 cleri-

194 3173 325 3213 ntiam
354 3171 652 3225 interpretatur.
693 3170 739 3213 ΙΙ.
1409 3204 1418 3213 .
1537 3212 1569 3223 ..
1610 3204 1615 3210 .
1873 3203 1879 3209 .
1971 3202 1977 3210 ,
2090 3203 2096 3210 .

278 3229 334 3270 45
388 3227 417 3269 Ι,
483 3228 532 3270 4¹
583 3228 607 3268 '3
1288 3201 1361 3254 54)
1394 3204 1569 3242 sensns.
1603 3215 1643 3242 m
1679 3206 1878 3254 praesenti
1911 3202 2161 3254 quide-mim-

278 3229 356 3327 ⁴6)
386 3240 453 3327 ’,ζ
481 3296 510 3326 1
539 3253 622 3325 'ul‘
649 3297 673 3326 ἵ
745 3284 846 3328 θε..
875 3285 905 3326 B
925 3285 955 3326 c
988 3285 1022 3327 Μ
1200 3260 1353 3311 perium
1383 3259 1484 3299 illud
1528 3261 1569 3299 in
1600 3259 1775 3298 volucres
1810 3264 1884 3298 etc.
1928 3270 2007 3298 non
2050 3263 2160 3298 tene-

278 3283 354 3394 ⁴73
385 3298 453 3389 e?
513 3298 559 3340 υ(
589 3284 717 3383 ‘staff
765 3298 845 3383 ίῳ
920 3341 949 3383 Β
974 3340 1003 3382 c
1026 3299 1097 3383 ⁰2}
1200 3328 1309 3365 neus,
1359 3316 1427 3355 sect
1456 3316 1694 3367 promissum
1729 3315 1827 3354 hanc
1858 3315 2162 3356 doneinationem
2195 3340 2200 3344 -

195 3411 231 3455 μ
266 3396 280 3438 Ι
357 3340 642 3455 ,mmm
668 3355 695 3383 ⁰
733 3354 771 3437 ἵ,
816 3351 978 3440 “aaut
1006 3356 1146 3452 '99:3¹‘
1203 3372 1414 3425 alr'quaudo
1443 3372 1782 3466 ret-superseln'mus.¹
1817 3370 1861 3411 11.

773 3427 784 3439 ⁶
1135 3430 1145 3439 '
1289 3429 1365 3477 55)
1395 3427 1564 3469 τοῦτον
1612 3426 1667 3466 uit
1699 3426 1736 3466 in
1784 3428 1809 3467 i.

198 3452 795 3565 “mqg'aeoffiepgufimggzss‘
818 3509 979 3566 (mna)
1013 3511 1041 3552 F
1064 3512 1096 3550 0
1120 3510 1147 3550 v
1288 3484 1361 3536 565)
1395 3481 1510 3540 ὑμῖν
1538 3484 1639 3547 (ἦρι
1672 3482 1791 3531 Men„
1839 3482 2017 3553 in'notis
2049 3480 2164 3543 ἡμῖν

199 3572 238 3607 ά
274 3577 365 3607 'm
415 3569 493 3608 ”L
578 3572 606 3608 ι
649 3566 842 3610 Similiter
874 3567 927 3610 ps
971 3568 1019 3611 2¹
1080 3569 1132 3609 23
1203 3552 1452 3594 proponens.
1515 3539 1612 3580 Dein
1645 3538 1797 3596 εἴρηκε
1829 3538 1918 3581 Bt..
1950 3539 2053 3592 vulg.

200 3596 393 3680 ὑμνήσίο
421 3632 475 3666 σε
507 3620 621 3665 cxx.
929 3598 940 3610 ”
1037 3598 1049 3618 ’
1109 3594 1148 3609 ”
1289 3626 1386 3678 cap.
1417 3623 1492 3664 vn.
1536 3621 1577 3677 1)
1611 3623 1744 3677 νοῆη
1775 3623 1806 3665 0
1828 3624 1869 3669 v.

1293 2791 1365 2842 52)
1398 2793 1469 2839 τίς
1490 2786 1574 2834 οὖν
1595 2794 1626 2830 0
1649 2791 1691 2841 V,
1714 2793 1786 2839 τίς
1804 2793 1890 2835 νῦν
1917 2793 2022 2833 coni.
2047 2794 2160 2843 Men„

1206 2849 1254 2890 τί
1279 2839 1363 2891 οὖν
1393 2849 1421 2888 Β
1444 2848 1472 2888 C
1505 2849 1604 2889 Mon.
1636 2848 1675 2887 in
1704 2854 1822 2898 textu,
1856 2849 1922 2888 ubi
1956 2849 2070 2890 deest
2099 2861 2160 2902 sq.

1203 2906 1301 2948 νῦν.
1364 2905 1567 2945 Vocabula
1612 2906 1662 2946 τί
1700 2895 1783 2947 οὖν
1825 2901 1850 2946 ὁ
1899 2901 2164 2963 δυνάμενος

1203 2963 1288 3004 νῦν
1317 2957 1479 3018 ἄρχειν
1497 2964 1691 3019 θηρίων,
1726 2959 1753 3013 ἢ
1777 2957 1961 3016 ἰχθύων
1990 2962 2028 3001 in
2053 2968 2157 3003 textu

1205 3018 1304 3059 eod.
1352 3020 1394 3060 B.
1446 3018 1730 3071 praetermissa
1799 3017 1925 3069 ipsius
1991 3018 2159 3072 margini

1203 3075 1408 3128 adscripta
1441 3081 1585 3115 extant.

1283 3134 1356 3186 53)
1386 3126 1606 3191 κηριεύσῃ
1642 3144 1719 3172 scr.
1751 3132 1793 3172 C.
