2340 3900
223 95 256 128 11
1018 80 1346 130 PRAEFATIO.

225 219 307 265 tuti
347 232 394 264 se
433 217 770 263 commendaret
807 217 920 263 liber
955 218 1054 264 iste.
1126 216 1343 263 Laborem
1392 223 1539 263 autem
1576 230 1708 276 quem
1747 214 1937 260 diximus
1985 221 2142 261 nostro

226 322 386 374 rogatu
423 315 621 374 suscepit
670 314 710 358 in
747 327 796 358 se
838 313 929 358 lob.
971 311 1106 358 Henr.
1147 312 1422 369 Gerhardts,
1464 312 1572 357 Phil.
1618 312 1704 366 Dr.,
1754 323 1890 369 quem
1939 311 2053 356 scite
2099 319 2144 356 et

225 409 465 468 diiigenter
503 423 555 454 ea
593 411 634 454 in
673 422 720 454 re
759 415 984 453 versatum
1024 421 1125 453 esse
1164 415 1396 453 testamur.

359 506 560 549 Aetatem
598 503 770 548 codicis
808 503 1007 548 Sinaitici
1055 505 1311 550 accuratius
1350 502 1647 563 quaesituris,
1684 501 1768 545 nisi
1808 501 1910 559 quis
1944 499 2144 559 magnifi-

227 614 323 645 cam
378 600 619 645 editionem
658 599 1039 658 Petropoiitanam
1091 606 1287 644 nostram
1337 598 1501 644 mavult
1539 596 1805 651 consulere,
1857 594 2031 640 duabus
2080 596 2142 640 in—

228 702 443 740 structam
485 694 649 740 tabulis
698 695 837 754 ipsam
881 693 1096 754 epistolae
1132 694 1359 740 Barnabae
1398 701 1442 739 et
1477 692 1676 738 Pastoris
1715 692 1982 751 scripturam
2019 704 2145 751 prae-

227 790 466 844 bentibuS‚
522 789 848 849 Prolegomena
899 790 1177 836 satisfacient
1224 791 1332 835 Novi
1385 790 1657 834 Testamenti
1710 786 1938 839 Sinaitici,
1980 785 2145 846 quibus

226 885 562 930 demonstrasse
602 884 733 930 nobis
771 885 996 940 videmur,
1045 887 1259 945 scriptum
1300 885 1422 929 illum
1462 898 1563 929 esse
1599 884 1718 928 circa
1756 882 1950 927 medium
1989 895 2146 927 saecu·

227 980 316 1024 lum
369 973 622 1038 quartum1.
697 979 868 1035 Quanta
923 995 1027 1026 vero
1080 989 1222 1026 textus
1264 979 1461 1025 Sinaitici
1511 980 1783 1038 praestantia
1835 979 1917 1033 sit,
1968 976 2144 1022 collatis

228 1076 530 1135 expensisque
564 1076 695 1120 variis
733 1076 789 1121 ad
830 1076 1075 1122 Barnabam
1126 1084 1169 1122 et
1206 1076 1410 1121 Hermam
1450 1073 1717 1120 lectionibus
1754 1074 1916 1118 nemini
1957 1071 2142 1118 dubium

227 1171 327 1215 erit.
399 1171 452 1216 Et
487 1170 714 1216 Barnabae
755 1172 936 1231 quidem
975 1172 1174 1231 exempla
1213 1172 1325 1217 haec
1364 1178 1480 1218 sunt.

363 1265 466 1326 Cap.
503 1267 569 1312 tv.
632 1263 859 1327 λεγοντασ
905 1280 978 1311 οτι
1023 1282 1054 1326 η
1092 1261 1308 1325 διαθηκη
1353 1279 1490 1326 ημων
1524 1274 1636 1324 μεν·
1685 1263 1770 1308 αλλ
1805 1277 1956 1309 εκινοι
1990 1271 2148 1308 ουτωσ

226 1371 297 1406 εισ
334 1361 470 1406 τελοσ
502 1361 751 1407 απωλεσαν
789 1376 965 1421 αυτην,
1015 1358 1250 1422 λαβοντοσ
1283 1357 1376 1422 ηδη
1412 1376 1497 1407 του
1529 1362 1758 1421 μωϋσεωσ
1806 1375 1889 1421 pro
1935 1360 1988 1405 iis
2028 1373 2145 1419 quae

226 1465 381 1518 utpote
421 1467 632 1519 corrupta
673 1460 783 1504 mire
827 1468 1129 1506 exercuerunt
1186 1461 1304 1505 viros
1354 1460 1539 1505 doctost
1592 1466 1632 1504 et
1669 1460 1826 1505 dicunt
1860 1459 1974 1516 quia
2009 1462 2145 1502 testa-

225 1561 424 1601 mentum
467 1555 679 1614 illorum,
729 1570 820 1600 non
868 1562 908 1600 et
949 1563 1154 1602 nostrum
1199 1563 1275 1601 est.
1344 1556 1561 1603 Nostrum
1606 1560 1780 1608 autem,
1834 1555 1947 1612 quia
1990 1553 2063 1598 illi
2097 1553 2148 1596 in

224 1656 494 1708 perpetuum
524 1651 829 1710 perdiderunt
862 1651 1000 1705 illud,
1039 1653 1162 1711 quod
1190 1652 1368 1712 Moyses
1405 1652 1589 1710 accepit.

367 1747 472 1806 Cap.
513 1746 580 1791 vi.
635 1755 704 1790 ωσ
746 1760 806 1790 αν
860 1740 920 1805 δη
966 1745 1358 1791 αναπλασσοντοσ
1403 1759 1553 1791 αυτου
1596 1754 1726 1804 ημασ
1772 1758 1854 1805 pro
1893 1733 1963 1787 ὥσ
1999 1733 2060 1786 ἂν
2095 1735 2148 1786 δὲ

227 1832 686 1900 ἆναπλασσομένουσ
724 1832 905 1886 αὐτοὺσ
937 1833 1080 1902 ἦμᾶσ.

370 1939 475 1999 Cap.
515 1938 602 1983 Vll.
653 1950 700 1980 οι
737 1947 881 1997 ιερεισ
931 1951 1016 1981 του
1053 1950 1175 1981 ναου
1214 1952 1298 1997 pro
1336 1931 1387 1981 οἷ
1419 1932 1563 1998 ἷερεῖσ
1605 1935 1692 1981 τοῦ
1737 1933 1855 1980 λαοῦ
1899 1933 2145 1992 (‚,Menard.

229 2033 375 2078 invitis
413 2032 650 2078 codicibus
686 2045 808 2075 ναου
844 2039 972 2092 putat
1006 2030 1314 2091 legendum“).

366 2129 470 2188 Cap.
504 2127 554 2172 X.
592 2141 651 2171 ov
687 2142 765 2187 μη,
804 2136 978 2188 φησιν,
1017 2127 1298 2188 κολληθηση
1334 2123 1448 2172 ουδε
1485 2128 1796 2188 ομοιωθηση,
1836 2135 1885 2173 ut
1922 2133 1992 2173 est
2027 2125 2147 2186 apud

230 2223 365 2270 Clem.
402 2224 519 2269 Alex.
559 2231 602 2269 et
641 2225 682 2269 in
718 2231 870 2270 vetere
905 2226 1177 2284 interprete,
1227 2226 1373 2271 invitis
1412 2226 1544 2271 codd.
1585 2223 1922 2271 recentioribus
1961 2221 2144 2268 Graecis

229 2319 361 2365 verba
397 2313 501 2365 ουδ.
538 2319 743 2376 ομοιωθ.
781 2320 1106 2367 omittentibus,
1177 2321 1346 2367 Ibidem
1383 2329 1779 2382 περιπατουντεσ,
1822 2331 1906 2363 και
1938 2312 2147 2379 περιβλε-

231 2428 403 2459 πονται
453 2429 559 2459 τινα
595 2410 859 2461 εκδυσωσιν
902 2411 982 2459 δια
1020 2430 1108 2476 την
1143 2414 1442 2473 πλεονεξιαν·
1493 2426 1562 2462 ωσ
1604 2431 1686 2462 και
1731 2430 1788 2460 τα
1824 2428 1966 2477 ορνεα
2000 2425 2148 2458 ταυτα

227 2524 354 2570 μονα
395 2520 586 2556 εαυτοισ
619 2525 678 2557 ov
710 2509 889 2572 ποριζει
931 2527 1018 2572 την
1066 2526 1273 2574 τροφην,
1319 2514 1437 2560 αλλα
1472 2528 1593 2576 αργα
1629 2510 1769 2575 (αργα
1805 2518 2042 2559 corrector
2079 2524 2146 2556 re-

230 2610 380 2669 posuit
418 2623 500 2669 pro
545 2622 627 2654 και
663 2607 738 2667 τα)
790 2609 1044 2668 καθημενα
1093 2608 1269 2670 εκζητει
1314 2627 1398 2672 pro
1435 2609 1833 2670 περιπατοῦντεσ·
1873 2601 1955 2653 καὶ
1989 2597 2148 2666 καθή-

227 2718 346 2763 μενα
382 2694 506 2765 ἀργὰ
540 2703 691 2750 ταῦτα
737 2698 919 2764 ἐκζητεῖ
965 2703 1079 2760 (Vet.
1135 2708 1320 2768 interpr.
1357 2710 1670 2764 ambulantes,
1722 2721 1857 2767 quem
1892 2706 2148 2765 dispolient.

226 2801 306 2851 Sic
342 2815 450 2848 aves
485 2803 601 2847 istae
638 2802 764 2852 solae
799 2803 886 2847 sibi
922 2817 1012 2847 non
1050 2806 1338 2862 acquirentes
1383 2818 1556 2857 escam,
1605 2806 1686 2850 sed
1726 2806 1892 2863 pigrae
1942 2803 2145 2848 sedentes

229 2896 492 2956 quaerunt).
566 2896 734 2942 Ibidem
790 2909 860 2955 εχε
897 2894 1177 2957 (absorptum
1225 2900 1404 2947 videtur
1451 2898 1927 2959 vs—sxsve-sequenti
1966 2893 2037 2955 τε)
2077 2907 2143 2939 τε·

229 2989 347 3036 λιωσ
381 3005 464 3037 και
501 3004 612 3052 περι
649 3002 738 3051 τησ
768 2988 994 3054 βρωσεωσ
1031 3007 1112 3053 pro
1151 2987 1273 3053 ἔχετε
1309 2990 1499 3039 τελείωσ
1532 2989 1615 3039 καὶ
1650 2988 1760 3056 περὶ
1795 2993 1885 3054 τῆσ
1929 2983 2151 3055 γνώσεωσ

230 3084 346 3143 (Vet.
398 3089 584 3148 interpr.
623 3090 800 3139 habetis
836 3096 1200 3137 consummatam
1236 3093 1291 3136 de
1326 3089 1472 3149 escis).

336 3290 379 3341 1)
414 3291 631 3331 Con-ector
671 3289 865 3340 epistolae
908 3290 1108 3330 Barnabae
1153 3302 1268 3341 quem
1301 3290 1348 3313 **
1381 3290 1562 3340 diximus,
1593 3291 1760 3342 septimo
1794 3290 1957 3331 saeculo
1988 3289 2144 3330 videtur

222 3357 390 3409 vixisse3
440 3371 554 3411 quem
586 3370 680 3398 vero
714 3358 852 3398 eodem
893 3359 1004 3409 signo
1041 3359 1079 3398 in
1113 3359 1273 3398 Pastore
1305 3359 1597 3409 insignivimus,
1633 3361 1710 3411 ipsi
1740 3359 2009 3411 scriptorivix
2041 3359 2145 3400 cedit

222 3432 373 3476 aetate3
420 3426 523 3466 hunc
555 3427 620 3479 qui
652 3433 892 3478 exceperunt
931 3427 1026 3479 (***
1059 3434 1097 3468 et
1128 3427 1274 3476 ****),
1322 3427 1361 3466 in
1393 3428 1602 3477 septimum
1639 3435 1678 3468 et
1715 3441 1862 3468 nonum
1893 3429 1974 3468 fere
2005 3439 2141 3467 saecu-

220 3494 298 3534 lum
329 3495 511 3536 incidunt.
