2340 3900
206 218 304 269 164
666 211 872 260 IGNATH
909 208 1180 258 EPISTOLA
1219 210 1288 257 An
1325 208 1598 257 ROMANOS.
1649 207 1679 252 l.

733 397 987 441 ΠΡΟΣ
1043 395 1625 442 ΡΩΜΑΙΟΥΣ.1

336 494 591 568 Ἰγνάτιος,
630 492 659 546 ὅ
695 494 777 546 καὶ
819 494 1098 565 Θεοφόρος,
1132 501 1191 568 τῇ
1225 493 1459 565 ἠλεημὲνῃ
1497 493 1548 544 ἐν
1602 482 1926 572 μεγαλειότητι
1972 478 2154 550 πατρὸς

411 564 625 631 ὑψίστου
656 564 759 615 καὶ2
788 561 950 633 Ἰησοῦ
988 570 1202 635 Χριστοῦ
1235 571 1320 617 τοῦ
1370 561 1523 631 μόνου
1572 560 1684 611 υἱοῦ
1730 573 1882 635 αυτου
1930 550 2155 639 ἐκκλησία

338 677 342 681 -
413 633 697 705 ἠγαπημένη
733 635 813 686 καὶ
863 635 1196 707 πεφωτισμένῃ
1250 635 1300 686 ἐν
1344 630 1581 699 θελήματι
1625 631 1710 679 τοῦ
1756 629 2054 707 θελησαντοος
2087 640 2156 705 ,w

414 702 570 757 πάντα
587 747 597 767 ,
633 701 664 754 ἀ
700 703 825 761 ἔστιν
857 703 976 757 κατὰ
1012 703 1203 775 ἀγάπην
1234 703 1394 770 Ἰησοῦ
1437 702 1649 768 Χριστοῦ
1666 740 1676 759 ,
1710 698 1795 746 τοῦ
1840 693 1966 777 &spu
1986 709 2153 774 'numm

412 774 520 840 ἥτις
572 773 654 825 καὶ
702 771 1012 843 προκάθηται
1058 775 1110 827 ἓν
1157 772 1309 844 τόπῳ3
1356 773 1532 838 χωρίου
1576 765 1846 831 Ῥωμαίων,
1893 759 2156 847 αξξιοέζεος,4

416 839 734 911 ἀξιοπρεπὴς,
787 841 1211 913 ἀξιομακάριστος,
1258 841 1553 904 ἀξιέπαινος,
1592 834 1978 898 ,ἆξιεπίτευκτθῶ
2027 829 2158 913 “gla-

414 933 528 983 γνος
562 913 645 965 καὶ
678 914 1026 981 προκαθημένῃ
1076 919 1162 980 τῆς
1218 909 1406 981 ἀγάπης
1422 911 1455 977 ,5
1500 901 1872 986 χριστῷνυμοςὶ,6
1912 918 2158 988 πέαἱρωνυ-

416 1004 527 1051 μῦς,
563 980 627 1050 ἢν
660 983 742 1035 καὶ
778 980 1048 1050 ἀσπάζομαι
1084 984 1136 1035 ἐν
1185 980 1385 1048 ὀνόματι
1412 978 1574 1044 Ἰησοῦ
1614 979 1855 1042 Χριστου,
1905 987 2159 1054 mommi-

418 1051 556 1121 τρός·
607 1049 728 1104 κατὰ
763 1051 918 1122 σάρκα
963 1054 1042 1105 καὶ
1078 1057 1267 1117 πνεῦμα
1311 1048 1577 1116 ἦνωμένοις
1621 1041 1752 1108 πάση
1792 1041 1957 1110 ἐντολῃ
1990 1057 2160 1099 αυτου,

417 1122 805 1209 πεπληρωμένοις
837 1121 1028 1190 χάριτος
1068 1125 1196 1174 Θεοῦ
1249 1118 1537 1187 ἀδιακρίτως
1555 1156 1566 1178 ,
1603 1116 1686 1166 καὶ
1719 1107 2158 1174 αποδιϋλισμὲνοιςῖ
2221 1168 2223 1170 q

418 1190 514 1244 ἀπο
566 1212 747 1252 παντος
792 1189 1042 1259 ἀλλοτρίου
1094 1189 1361 1260 χρώματος,
1415 1193 1608 1240 πλεῖστα
1656 1184 1707 1236 ἐν
1745 1179 1909 1249 Ἰησοῦ
1949 1181 2159 1248 Χριστῷ,

419 1267 487 1334 τῷ
530 1263 636 1332 Θεῷ
671 1258 834 1328 ἡμῶν,
873 1259 1102 1329 ἀμώμως8
1139 1262 1332 1328 χαίρειν.

801 1392 831 1438 l.
901 1394 1044 1454 Spero
1081 1407 1160 1439 vos
1195 1393 1374 1438 vinctus
1409 1391 1581 1437 videre.

343 1479 716 1549 Ἐπευξάμενος9
745 1484 852 1552 Θεῷ
889 1483 1114 1548 ἐπέτυχον
1148 1483 1269 1534 ἰδεῖν
1303 1478 1442 1546 ὑμῶν
1474 1476 1532 1530 τὰ
1567 1474 1772 1539 ἀξιόθεα
1803 1475 2057 1543 πρόσωπα,
2093 1473 2161 1538 ὦς

212 1553 295 1604 καὶ
328 1553 474 1604 πλέον
508 1550 725 1624 ᾐτούμην
757 1554 942 1619 λαβεῖν·
981 1551 1232 1618 δεδεμένος
1268 1548 1441 1619 [γάρ]10
1478 1549 1534 1619 ἐν
1567 1551 1760 1616 Χριστῷ
1790 1543 1952 1613 Ἰησοῦ
1986 1546 2160 1609 ἐλπίζω

213 1618 341 1688 ὑμᾶς
375 1620 705 1689 ἀσπάσασθαι,
742 1619 828 1672 ἐάν
862 1642 950 1688 περ
984 1621 1174 1688 θέλημα
1209 1625 1297 1672 τοῦ
1339 1622 1465 1671 Θεοῦ
1501 1619 1533 1684 ἡ
1569 1623 1655 1670 τοῦ
1693 1615 1970 1684 ἀξιωθῆναί
2001 1635 2059 1683 με
2094 1616 2163 1678 εἰς

211 1691 344 1753 τέλος
379 1688 514 1744 εἶναι.
586 1688 652 1741 Ἡ
679 1690 765 1756 μὲν
799 1688 890 1759 γὰρ
928 1689 1046 1759 ἀρχὴ
1085 1687 1457 1757 εὐοικονόμητός
1516 1704 1639 1751 στιν,
1689 1686 1805 1739 ἐάν11
1849 1707 1939 1754 περ
1972 1683 2164 1756 χάριτος

213 1760 416 1827 ἐπιτύχω
426 1802 439 1824 ,
476 1763 544 1821 εἰς
578 1759 631 1812 τὸ
668 1757 765 1811 τὸν
788 1758 969 1829 κλῆρόν
1005 1782 1100 1827 μου
1151 1759 1507 1827 ἀνεμποδίστως
1555 1755 1830 1824 ἀπολαβεῖν.
1907 1758 2163 1823 Φοβοῦμαι

210 1828 302 1899 γὰρ
350 1829 438 1897 τὴν
482 1828 620 1895 ’ὑμῶν
666 1827 880 1897 ἀγάπην,
929 1827 994 1896 μὴ
1049 1828 1171 1896 αὐτή
1221 1850 1278 1895 με
1324 1826 1547 1899 ἀδικήσῃ.
1617 1825 1753 1893 Ὑμῖν
1805 1823 1895 1894 γὰρ
1940 1825 2162 1894 εὖχερέςῃ·

212 1901 359 1966 ἐστιν,
410 1898 436 1951 ὃ
479 1900 642 1951 θέλετε
688 1905 913 1964 ποιῆσαι·
969 1900 1075 1959 ἐμοὶ
1128 1899 1180 1951 δὲ
1215 1896 1454 1951 δύσκολόν
1489 1899 1587 1949 ἐστι
1621 1902 1707 1949 τοῦ
1748 1899 1876 1949 Θεοῦ
1910 1896 2162 1962 ἐπιτυχεῖν,

212 1967 297 2020 ἐάν
332 1988 422 2037 περ
456 1966 594 2034 ὑμεῖς
629 1968 905 2034 φείσησθέ13
941 1989 1049 2035 μου.

298 2110 339 2161 1)
369 2109 591 2161 Epistolam
644 2109 694 2149 ad
745 2109 968 2158 Romanos,
1027 2108 1156 2160 qualis

212 2166 300 2206 heic
327 2166 495 2216 legitur,
543 2178 631 2205 cum
676 2165 801 2217 ipsius
850 2165 1039 2216 martyrio
1084 2165 1155 2205 de-

212 2224 350 2263 bemus
380 2222 583 2271 Ruinarto,
615 2221 682 2274 qui
714 2234 760 2261 ex
793 2221 891 2261 Cod.
922 2220 1155 2261 Colbertino

214 2280 319 2320 1451
337 2278 466 2329 (prius
488 2278 587 2328 460)
611 2291 645 2317 a.
665 2278 770 2318 1689
792 2284 1002 2329 utrumque
1020 2277 1157 2319 edidit.

212 2335 254 2374 In
286 2333 412 2373 Codd.
444 2333 700 2373 Casanatensi
740 2340 778 2373 et
808 2333 1076 2373 Laurentiano
1110 2347 1155 2373 ea

215 2389 475 2429 desideratur.
533 2389 686 2440 Duplex
730 2389 925 2429 versionis
969 2389 1155 2441 Syriacae

214 2452 253 2485 et
281 2444 534 2485 Armeniacae
574 2444 690 2484 huius
719 2443 925 2496 Epistulae
971 2445 1155 2485 recensio

213 2507 328 2541 extat.
396 2501 580 2552 Syriacas
630 2501 753 2540 habes
804 2513 866 2552 ap.
915 2500 1157 2541 Curetonum

212 2570 252 2609 p.
289 2557 338 2597 16
354 2569 443 2608 sqq.
488 2562 526 2596 et
557 2570 596 2608 p.
628 2557 680 2597 68
703 2569 818 2608 sqq.‚
856 2557 958 2596 hanc
997 2557 1157 2609 quidem

212 2625 413 2663 mancam3
458 2612 777 2652 Armeniacarum
815 2619 945 2653 autem
994 2612 1159 2653 alteram

212 2669 391 2720 reperies
429 2667 469 2708 in
509 2668 571 2708 ed.
601 2669 704 2719 Epp.
736 2667 870 2708 Const.
908 2681 947 2720 p.
979 2669 1030 2709 85
1053 2681 1157 2720 sqq.‚

213 2725 378 2765 alteram
407 2724 448 2764 in
486 2724 675 2776 martyrio
709 2723 868 2774 Ignatii,
911 2725 1019 2777 quod
1050 2724 1158 2764 exhi-

212 2781 327 2820 betur
356 2780 396 2820 in
426 2780 515 2820 vitis
547 2780 785 2820 Sanctorum
816 2779 968 2832 (Venet.
996 2780 1160 2822 1810—

217 2838 268 2877 14
297 2837 377 2877 Xll.
407 2836 510 2876 Voll.
539 2836 596 2888 8.)
625 2842 719 2876 tom.
749 2836 792 2877 X.
825 2848 864 2887 p.
896 2838 948 2878 95
971 2849 1059 2888 sqq.
1102 2860 1158 2866 ——

212 2893 256 2932 In
287 2892 545 2944 sequentibus
577 2905 664 2942 eas,
695 2905 796 2943 quae
828 2893 997 2933 seorsim
1028 2893 1157 2933 editae

211 2955 315 2998 sunt,
348 2948 555 2988 versiones
588 2949 674 3000 Syr.
706 2954 745 2988 et
773 2948 877 2988 Arm.
908 2961 1072 2989 numero
1108 2950 1153 2999 1.,

211 3004 303 3043 illas
336 3017 455 3054 vero,
497 3017 597 3056 quae
638 3003 679 3043 in
708 3004 814 3044 Actis
851 3005 890 3044 S.
919 3005 1057 3055 Ignatii
1097 3005 1156 3045 le-

210 3066 367 3111 guntur,
397 3073 562 3100 numero
592 3060 630 3101 2.
660 3067 876 3112 praeeunte
895 3061 1155 3102 Petermanno

213 3116 535 3166 designabuntur.
804 3134 815 3141 ·

295 3173 530 3224 Priusquam
549 3171 794 3224 relinqueret
809 3173 1028 3224 Smyrnam,
1042 3174 1156 3224 Igna-

211 3228 287 3268 tius
331 3229 519 3268 fratribus
562 3227 601 3268 in
635 3228 739 3269 Urbe
785 3229 1017 3279 degentibus
1055 3230 1157 3269 scri-

209 3284 383 3324 bendum
414 3284 541 3334 duxit,
582 3297 662 3324 non
704 3284 863 3336 quidem
891 3285 930 3324 in
962 3286 1155 3338 episcopo

212 3340 270 3379 vel
317 3340 457 3390 legatis
507 3340 806 3392 praesentibus,
850 3342 921 3381 sed
980 3341 1155 3383 caritatis

212 3395 368 3435 vinculo
400 3402 517 3448 atque
554 3395 717 3447 spiritus
758 3396 907 3436 unitate
939 3404 1046 3438 arete
1078 3398 1153 3437 sibi

212 3451 446 3492 coniunctis.
513 3452 667 3492 Literas
716 3452 868 3493 idcirco
919 3454 1038 3494 mittit
1081 3466 1155 3506 per

210 3506 422 3558 Ephesios,
454 3508 519 3559 qui
538 3508 702 3548 Romam
729 3521 817 3548 eum
845 3516 1154 3560 praecesserunt

1215 2122 1263 2148 ne
1309 2108 1358 2148 ob
1399 2107 1559 2147 nimium
1604 2105 1775 2145 hominis
1817 2118 1992 2147 amorem
2040 2105 2164 2147 inter-

1215 2165 1358 2205 cedant
1395 2178 1441 2204 ae
1480 2163 1657 2214 martyrii
1702 2174 1891 2203 coronam
1933 2162 2011 2203 sihi
2040 2163 2165 2204 inter—

1215 2221 1376 2273 cipiant,
1410 2220 1551 2261 iterum
1580 2219 1803 2271 iterumque
1834 2232 1904 2260 eos
1943 2219 2165 2261 obtestatur

1212 2283 1419 2329 rogatque,
1450 2283 1493 2317 ut
1521 2275 1699 2328 patiendi
1733 2275 1934 2316 desiderio
1959 2274 2164 2317 incensum

1215 2334 1376 2374 omnino
1399 2333 1598 2382 adiuvent,
1615 2345 1694 2384 quo
1713 2330 1859 2372 Christi
1875 2333 1944 2374 fiat
1963 2331 2164 2386 (c.2-9).

1298 2388 1343 2441 2)
1375 2389 1431 2429 Ex
1458 2389 1636 2429 membro
1671 2387 1748 2428 καὶ
1775 2385 1928 2441 Ἰησοῦ
1951 2389 2163 2447 Χριστοῦ

1214 2476 1388 2486 .....
1421 2446 1502 2486 τοῦ
1536 2445 1654 2486 Θεοῦ
1681 2440 1816 2498 ἡμῶν
1855 2443 1980 2496 Syrus
2026 2446 2058 2486 1.
2092 2457 2162 2484 so-

1214 2501 1416 2541 lummodo
1442 2513 1579 2540 vocem
1609 2498 1827 2553 ἐκκλησίᾳ
1858 2500 1985 2541 vertit.

1299 2557 1345 2609 3)
1380 2556 1562 2606 intelligo
1593 2555 1736 2596 Urbem
1775 2563 1811 2596 et
1850 2569 1987 2607 agrum
2017 2557 2162 2598 Roma-

1215 2625 1307 2652 num
1351 2613 1385 2652 ei
1425 2612 1659 2664 proximum.
1730 2613 1826 2652 Nam
1872 2612 1974 2653 iuter
2025 2626 2161 2655 omnes

1216 2675 1392 2719 constat,
1443 2668 1557 2708 villas
1610 2681 1697 2708 eum
1747 2668 1878 2720 longis
1922 2669 2161 2711 ambulacris

1215 2724 1506 2777 splendidaque
1552 2724 1734 2765 aedificia
1794 2724 1942 2765 ruralia
1994 2725 2086 2766 inde
2138 2740 2159 2766 a

1217 2781 1389 2821 collibus
1433 2780 1668 2820 Tusculanis
1724 2793 1850 2832 usque
1899 2781 1950 2821 ad
2005 2781 2160 2823 Tiberis

1213 2836 1384 2877 insulam
1414 2850 1565 2877 sacram
1599 2837 1705 2876 haud
1724 2837 1868 2888 procul
1891 2837 1940 2876 ab
1959 2837 2162 2879 Ostiorum

1215 2892 1370 2933 civitate
1404 2901 1549 2934 terram
1578 2894 1724 2933 Romae
1754 2893 2000 2934 adiacentem
2030 2894 2161 2946 spisse

1213 2948 1255 2988 id
1286 2950 1479 3002 temporis
1500 2962 1732 3001 occupasse.
1789 2949 1890 2989 Inibi
1917 2949 2035 2990 etiam
2054 2951 2162 2991 chri-

1213 3005 1364 3045 stianos
1390 3006 1472 3046 sive
1489 3006 1639 3046 liberos
1673 3006 1755 3046 sive
1774 3005 1908 3046 servili
1931 3005 2162 3048 conditione

1219 3061 1397 3112 degisse,
1433 3063 1521 3114 quis
1559 3059 1709 3113 neget?
1754 3062 1871 3102 Errat
1902 3069 2052 3113 autem,
2094 3062 2161 3115 qui

1213 3118 1411 3158 veteribus
1450 3131 1592 3159 novam
1638 3119 1810 3159 miscens
1853 3119 1890 3158 h.
1931 3118 1957 3158 Ι.
1994 3118 2160 3169 vestigia

1215 3172 1518 3225 episcopatuum
1562 3174 1928 3215 suburbicariorum
1974 3174 2160 3225 inveniat,

1214 3242 1314 3280 quos
1344 3231 1510 3271 Romani
1530 3231 1743 3271 Pontifices
1771 3229 1948 3282 sequiori
1979 3236 2159 3282 tempore

1215 3285 1397 3336 Tusculi,
1424 3287 1584 3337 Albani,
1618 3286 1789 3336 Velitris,
1825 3285 1958 3326 Ostiae
1990 3292 2064 3327 etc.
2094 3286 2155 3326 in·-

1211 3340 1436 3383 stituerunt.

1295 3397 1340 3450 4)
1370 3398 1423 3438 Ac
1457 3398 1531 3438 fuit
1560 3397 1732 3450 quidem,
1768 3410 1857 3437 eum
1887 3397 1990 3438 hunc
2024 3397 2158 3439 locum

1211 3453 1329 3493 foede
1362 3460 1592 3505 corruptum
1621 3460 1802 3505 putarem
1834 3453 1883 3493 ob
1914 3453 2037 3494 nimia
2069 3455 2156 3506 epi-

1209 3510 1316 3549 theta
1355 3510 1532 3550 certatim
1564 3516 1764 3560 congesta.
1823 3510 1904 3550 Sed
1934 3509 2012 3551 iam
2041 3509 2158 3551 aliter

210 3562 263 3613 (e.
287 3563 367 3615 10).
427 3564 586 3603 Fratres
618 3564 778 3616 quidem
808 3563 848 3604 in
871 3566 1050 3606 oratione
1073 3565 1149 3606 sibi
1205 3577 1267 3604 me
1308 3566 1472 3606 credere
1518 3566 1667 3605 faciunt
1722 3565 1951 3606 versiones·
1977 3566 2065 3618 Syr.
2117 3572 2156 3607 et

207 3616 285 3656 iam
305 3619 558 3670 apparuisse3
588 3620 661 3661 sed
681 3621 770 3661 fore
794 3627 942 3673 sperat,
974 3628 1017 3662 ut
1037 3622 1149 3674 ipsos
1203 3621 1308 3661 Arm.
1339 3622 1424 3661 fere
1456 3621 1596 3662 eadem
1631 3621 1873 3662 exhibentes.

207 3673 249 3712 in
278 3674 381 3716 Urbe
410 3675 602 3718 salutaret
631 3675 684 3730 (c.
704 3676 758 3731 1).
817 3677 971 3719 Veritus
1002 3683 1146 3728 tamen,

1290 3675 1334 3730 5)
1358 3673 1895 3734 ΡιιΙοῑιταάντανάκλασις,
1916 3684 1955 3720 et
1972 3691 1995 3720 a
2012 3683 2159 3748 nostro

2287 1350 2311 1465 μηβ-

2314 2077 2329 2163 γ,ὲ

2320 2484 2336 2526 t
