2340 3900
171 179 237 231 90
735 183 766 228 Ι.
805 181 1116 230 CLEMENTIS
1153 185 1222 230 AD
1259 185 1378 232 COR.
1427 185 1567 232 XLIV.

171 377 310 425 XLIV.
380 376 696 437 Apostolorum
729 377 976 431 institutio,
1025 392 1082 424 ‘ne
1129 381 1186 426 de
1220 392 1407 425 munere
1442 379 1723 425 sacerdotati
1758 379 1980 424 contentio
2013 379 2112 438 fiat.

171 461 388 520 Leqitime
424 460 583 505 electos
619 473 676 504 ac
711 464 830 504 recte
863 460 1064 506 viventes
1110 463 1166 508 de
1209 474 1396 507 munere
1443 475 1527 506 suo
1570 475 1656 520 per
1699 461 1833 520 nefas
1870 461 2112 510 deieci-stis.

304 574 403 626 Καὶ
451 575 503 626 οἰ
546 571 801 627 ἀπόστολοι
847 571 988 643 ἡμῶν
1021 576 1233 664 ἔγνωσαν
1279 573 1362 628 διὰ
1405 581 1491 628 τοῦ
1536 576 1728 644 κυρίου1
1773 572 1914 662 ἡμῶν
1953 572 2114 662 Ἰησοῦ

173 641 454 730 Χριστοῦ,”
437 642 508 696 ότι
547 644 645 713 ε’ρις
682 645 810 696 ε’σται
845 645 924 696 ἐπὶ
957 650 1043 697 τοῦ
1078 643 1315 731 ὀνόματος
1340 651 1425 712 τῆς
1444 646 1723 711 ἐπισκοπῆς.
1730 644 1748 670 ²
1802 641 1901 696 Διὰ
1935 643 2115 712 ταύτην

168 733 258 764 ουν
294 710 381 780 τὴν
417 714 575 764 αἰτίαν
609 713 883 800 πρόγνωσιν
918 713 1167 801 εἰληφότες
1200 716 1382 767 τελείαν
1425 714 1716 800 κατέστησαν
1750 711 1864 775 τοὺς
1893 733 2114 783 προειρη-

167 782 379 850 μένους,3
415 782 498 834 καὶ
518 780 712 849 μεταξὺ4
748 781 1000 851 έπινομην5
1036 783 1316 847 δεδώκασιν,
1355 783 1501 846 όπως,
1546 781 1631 835 ε’ὰν
1653 784 1974 848 κοιμηθῶσιν,
2011 786 2113 835 δια-

170 851 448 923 δέξωνται’“
430 852 581 919 ε’τεροι
617 853 1016 921 δεδοκιμασμένοι
1053 851 1225 939 ανδρες
1273 851 1361 919 τὴν
1407 854 1706 941 λειτουργίαν
1743 850 1916 909 αὐτῶν,
1988 851 2114 914 Τοὺς

168 922 259 973 οὐν
302 921 711 984 κατασταθέντας6
759 920 846 975 ’ὑπ’
899 924 1119 987 ἐκείνων,
1170 920 1203 990 ἢ
1253 919 1425 1007 μεταξὺ
1473 919 1565 987 υφ’
1615 922 1786 990 ἑτέρων
1834 923 2112 1008 έλλογίμωνἿ

168 988 383 1078 ἀνδρῶν,
435 990 875 1060 συνευδοκησασηςΒ
908 998 996 1059 τῆς
1041 993 1293 1059 ἐκκλησίας
1327 1008 1509 1057 πασης,
1556 992 1637 1043 καὶ
1687 989 2114 1079 λειτουργήσαντας

168 1057 420 1147 ἀμέμπτως
454 1066 522 1132 τῷ
555 1064 762 1133 ποιμνίῳ
797 1067 883 1114 τοῦ
913 1067 1127 1130 Χριστοῦ
1162 1060 1278 1128 μετὰ
1311 1061 1771 1148 ταπεινοφροσύνης,
1807 1059 1997 1147 ησύχως
2030 1062 2113 1114 καὶ

166 1117 497 1216 ἀβαναύσως,
505 1131 953 1219 μεμαρτυρημένους
986 1151 1036 1183 τε
1069 1137 1264 1192 πολλοῖς
1298 1127 1487 1198 χρόνοις
1525 1128 1619 1183 υπὸ
1653 1151 1873 1200 παντων,
1910 1129 2113 1192 τούτους

167 1195 226 1252 οὗ
264 1201 464 1261 δικαίως
499 1202 750 1287 νομίζομεν
786 1199 1121 1288 ἀποβαλέσθαι
1163 1206 1249 1267 τῆς
1282 1201 1589 1285 λειτουργίας.
1659 1197 1901 1286 Αμαρτία
1923 1198 2016 1270 γὰρ
2052 1199 2112 1253 οὔ

166 1266 313 1336 μικρὰ
348 1266 467 1335 ημῖν
500 1270 653 1334 ἔσται,
703 1268 788 1322 ἐὰν
830 1268 944 1331 τοὺς
989 1268 1242 1336 ἀμέμπτως
1289 1270 1370 1320 καὶ
1416 1266 1560 1330 ὁσίως
1606 1267 2016 1354 προσενεγκόντας
2054 1268 2115 1322 τὰ

167 1339 319 1408 δῶρα9
363 1344 449 1406 τῆς
494 1339 760 1407 ἐπισκοπῆς
805 1337 1132 1407 ἀποβάλωμεν.

168 1405 505 1495 πρεσβύτεροι,
556 1410 729 1471 οιτινες
774 1409 1026 1496 ε’γκαρπον
1058 1410 1141 1461 καὶ
1186 1410 1367 1460 τελείαν
1415 1408 1551 1474 ε’σχον
1585 1407 1673 1475 τὴν
1709 1406 1998 1462 ἀνάλυσιν.ιο

1205 1335 1463 1407 Μακάριοι
1516 1341 1567 1390 οἷ
1612 1337 2116 1436 προοδοιπορήσοαντες

2052 1407 2114 1461 οὗ

167 1475 259 1562 γὰρ
297 1475 639 1544 εὐλαβοῦνται,
675 1476 740 1566 μή
775 1499 846 1540 τις
883 1475 1062 1539 αὐτοὺς
1092 1493 1358 1565 μεταστησῃ
1399 1475 1494 1529 ἀπὸ
1531 1483 1619 1530 τοῦ
1656 1478 1915 1547 ἱδρυμένου
1950 1476 2117 1540 αὐτοῖς

166 1545 334 1603 τόπὈυ.

404 1545 572 1615 Ορῶμ
576 1568 626 1600 εν
647 1546 775 1636 γὰρ,
825 1547 900 1600 ότι
937 1549 1096 1609 ένίους
1129 1546 1266 1614 ὑμεῖς
1300 1567 1597 1616 μεταγαγετε
1625 1553 1783 1611 καλῶς
1814 1548 2115 1615 πολιτευομέ-

167 1616 322 1687 ν[ους]
306 1617 416 1683 ]έκ
450 1622 536 1684 τῆς
570 1615 823 1686 ἀμέμπτως
860 1615 1025 1680 αὐτοῖς
1059 1617 1371 1685 τετιμημένης
1404 1618 1750 1686 λειτουργίας.11

253 1908 348 1960 Cap.
386 1909 510 1950 XLIV.
575 1908 614 1961 1)
643 1909 687 1949 In
726 1910 794 1949 Ms.
833 1908 976 1959 sigium
1016 1911 1117 1950 ΧΥ

166 1993 221 1999 --
166 1967 474 2021 -Χριστοῦ,

242 2020 293 2085 2)
327 2021 355 2059 I.
386 2034 419 2060 e.
460 2026 526 2060 aut
566 2020 614 2059 de
646 2021 838 2071 diqnz‘tate
876 2022 1108 2071 episcopati,

164 2080 207 2114 ut
237 2069 388 2131 ὄνομα
417 2076 613 2126 significet
644 2073 854 2131 ἀξίωμα,·
896 2082 962 2115 aut
994 2076 1042 2115 de
1071 2088 1111 2115 re

165 2132 265 2182 ipsa,
299 2132 480 2183 adeoque
513 2132 560 2171 de
592 2132 747 2171 nomine
778 2143 862 2171 rem
892 2131 1019 2182 ipsam
1042 2131 1112 2171 de-

165 2193 340 2227 notante.
387 2188 610 2228 Hammoml.

250 2243 294 2294 3)
326 2244 413 2284 Hoc
447 2250 531 2293 est,
563 2243 789 2294 Episcopos
830 2250 867 2284 et
898 2244 1110 2284 Diaconos.

166 2299 348 2350 Apostoli
379 2300 669 2339 constituerunt
692 2299 943 2350 inspectores
979 2307 1017 2339 et
1037 2300 1111 2339 mi-

166 2355 314 2394 nistros
344 2355 392 2394 iis
429 2355 495 2407 qui
526 2352 716 2394 credituri
755 2362 887 2405 erant,
916 2368 1040 2408 aeque
1071 2356 1110 2395 in

170 2410 361 2450 Ecclesiis
384 2412 559 2450 Romana
591 2416 629 2450 et
651 2410 854 2450 Corinthia
871 2424 916 2450 ac
939 2411 978 2450 in
1009 2411 1111 2451 aliis.

171 2467 254 2514 Qua
284 2466 325 2505 in
358 2479 402 2506 re
421 2467 549 2506 obiter
565 2466 868 2516 observandum,
895 2466 1001 2506 Petri
1017 2479 1112 2518 par—

167 2528 227 2562 tes
261 2527 378 2574 atque
409 2522 683 2562 auctoritatem
715 2535 794 2562 non
825 2523 916 2573 plus
941 2522 1114 2562 valuisse

170 2590 288 2630 quam
331 2578 522 2628 aliorum3
573 2577 755 2617 Clemens
804 2578 907 2618 enim
952 2578 1113 2629 quosvis

171 2640 455 2675 commemorat
485 2629 797 2683 ἀποστόλους,
837 2639 954 2685 atque
996 2631 1116 2674 ἀπο-

171 2685 364 2736 στόλους
392 2687 527 2746 ἡμῶν
554 2694 683 2728 vocat.
717 2689 798 2729 Gut.
828 2689 988 2729 Burton.
1035 2688 1114 2731 Cfr.

170 2758 293 2797 supra
326 2759 359 2786 c.
390 2747 457 2786 42.

330 2798 508 2856 μεταξὺ
535 2831 594 2837 -
662 2799 891 2851 ετέπειτα,
921 2799 977 2839 uti
1000 2806 1115 2851 post-

170 2857 306 2907 modo,
338 2864 376 2898 et
402 2858 485 2898 Act.
522 2856 585 2906 13,
535 2812 670 2896 ΑΞ.
699 2856 772 2907 Ep.
802 2856 970 2895 Barnab.
1004 2869 1035 2896 c.
1053 2856 1114 2896 13.

170 2919 252 2953 not.
284 2913 322 2963 9,
355 2920 393 2953 et
422 2912 529 2953 alibi.

255 2969 298 3020 5)
326 2966 577 3033 Ἐπινομὴ,
633 2981 654 3007 a
710 2967 835 3023 νέμω
883 2967 1114 3031 derivatum,

169 3024 276 3076 apud
306 3025 490 3077 antiquos
523 3025 572 3064 de
601 3023 686 3063 iure
707 3025 897 3076 pascendi
917 3025 958 3062 in
983 3024 1113 3063 alieno

170 3087 208 3120 et
239 3081 287 3119 de
331 3082 557 3133 depastione
597 3081 703 3131 iynis
746 3077 1112 3130 [StephaniThes.]

169 3143 397 3188 usurpatur.
459 3136 539 3176 Sed
569 3147 642 3175 vox
675 3135 751 3175 ista
793 3135 964 3175 fortasse
997 3136 1113 3174 etiam

169 3206 191 3232 a
222 3189 366 3249 νόμος
397 3192 566 3232 derivari
597 3197 753 3242 potest,
784 3191 837 3230 ita
870 3197 914 3230 ut
949 3204 1111 3242 praece-

167 3253 288 3300 ptum,
307 3247 807 3298 ordinationemsignificet.
837 3247 1109 3286 Hammondus

171 3310 209 3344 et
242 3305 454 3344 Wottonus
483 3309 707 3344 verterunt:
760 3304 922 3353 seriem,
958 3304 1114 3342 modum

170 3361 454 3409 successionis,
492 3373 540 3400 eo
571 3359 712 3408 innixi,
758 3359 867 3411 quod
896 3371 970 3398 vox
1011 3355 1116 3398 ἐπι-

169 3416 295 3479 νέμω
340 3415 557 3467 aliquando
603 3414 800 3466 significet
829 3413 1115 3468 καταλέγειν,

169 3471 193 3510 i.
226 3486 258 3511 e.
289 3473 467 3522 cataloyo
496 3472 728 3520 adscribere,
778 3470 979 3522 Hesychio
1011 3468 1112 3511 ἐπί-

168 3539 311 3582 νομος
348 3533 408 3567 est
433 3543 490 3562 ..τ-
518 3527 599 3580 κλη
574 3524 822 3583 ηρονόμος,
869 3539 948 3577 quo
994 3525 1114 3565 fultus

169 3582 296 3622 Rothe
328 3582 509 3633 (Anfang.
538 3596 577 3634 p.
601 3583 683 3624 374
701 3582 779 3635 sq.)
809 3582 959 3622 reddit.
993 3585 1114 3621 testa-

170 3639 424 3679 mentarische
460 3639 690 3690 Verfthuny,
723 3638 837 3692 quasi
863 3637 1047 3690 Apostoli
1075 3637 1114 3676 vi

1170 1911 1386 1948 testamenti
1424 1908 1695 1958 ordinassent,
1733 1908 1834 1961 ipsis
1874 1907 2117 1973 (Apostolis)

1172 1964 1367 2003 defunctis
1418 1963 1527 2015 (ἐὰν
1565 1964 1884 2031 κοιμηθῷσιν)
1933 1965 2113 2016 ipsorum

1170 2018 1492 2086 (Apostolorum)
1522 2033 1662 2060 munus
1694 2018 1796 2073 (τὴν
1824 2021 2116 2077 λειτουργίαν

1173 2072 1368 2126 αὐτῶν),
1411 2075 1669 2126 presbyteros
1701 2082 1739 2115 et
1770 2076 1962 2116 diaconos
1993 2074 2115 2129 (ἔπι-

1173 2127 1323 2182 σκοπὴ
1351 2143 1470 2171 sensu
1510 2130 1661 2183 latiori)
1694 2131 1888 2183 eligendi,
1924 2131 1975 2171 ad
2014 2131 2116 2171 alios

1170 2186 1365 2237 probatos
1408 2193 1445 2227 et
1477 2187 1640 2227 eximios
1670 2187 1777 2228 viros
1810 2187 1854 2238 (i.
1886 2200 1921 2228 e.
1950 2187 2115 2239 Episco-

1165 2255 1241 2294 pos
1273 2248 1412 2283 nostro
1434 2244 1573 2294 sensu)
1594 2243 1762 2284 transire
1785 2244 1945 2284 debere.
1987 2243 2116 2284 Rothe

1170 2299 1272 2338 enim
1305 2305 1493 2349 autumat,
1527 2301 1627 2339 brevi
1660 2306 1810 2340 tantum
1840 2306 1930 2340 ante
1944 2305 2116 2340 mortem

1168 2367 1279 2394 suam
1300 2355 1517 2406 Apostolos
1550 2355 1731 2395 ordinem
1756 2355 2024 2408 Episcopatus
2053 2355 2116 2395 in-

1169 2410 1360 2460 stituisse,
1390 2424 1509 2462 quum
1539 2418 1653 2451 antea
1683 2425 1764 2452 non
1793 2411 1870 2452 nisi
1891 2410 2117 2463 Presbyteri

1170 2465 1256 2516 (qui
1288 2472 1326 2505 et
1356 2467 1547 2519 Episcopi
1577 2467 1839 2520 vocabantur)
1882 2473 1921 2507 et
1950 2467 2117 2507 Diaconi

1171 2521 1395 2562 existerent.
1457 2524 1538 2563 Sed
1569 2523 1654 2563 viro
1677 2523 1796 2564 docto
1823 2523 2016 2564 accedere
2041 2535 2116 2564 no-

1172 2577 1233 2616 his
1268 2591 1349 2616 non
1384 2578 1505 2627 lubet,
1536 2585 1578 2618 ut
1609 2591 1654 2618 ex
1676 2585 1812 2619 nostra
1844 2579 2028 2619 versione
2058 2578 2117 2619 la-

1171 2632 1252 2671 tina
1284 2633 1425 2672 elucet.
1486 2634 1603 2673 Nolte
1647 2635 1750 2674 coni.
1791 2634 1836 2686 (1.
1868 2635 1894 2684 l,
1931 2647 1972 2686 Ρ.
2001 2633 2118 2686 228.)

1173 2685 1242 2728 ἔτι
1271 2685 1419 2743 νόμον
1453 2685 1734 2732 δεδώκασιν.
1789 2691 1831 2730 In
1871 2691 2008 2740 fragm.
2040 2696 2116 2731 vet.

1172 2755 1273 2783 vers.
1305 2743 1371 2783 lat.
1405 2745 1511 2794 apud
1531 2745 1733 2784 Pitraml.
1765 2745 1790 2785 l.
1821 2745 1987 2795 legitur:
2019 2746 2115 2785 hanc

1171 2801 1338 2850 formam
1369 2804 1452 2838 tene
1457 2805 1560 2850 ntes,
1591 2798 1792 2857 ἔπινομὴ
1821 2817 1876 2836 ..—..-
1903 2803 2118 2852 sorma-
2060 2831 2118 2838 -

1173 2860 1443 2906 praeceptum.
1492 2850 1537 2895 Η.
1569 2857 1630 2896 ed.
1659 2856 1719 2896 lv.
1777 2856 1910 2897 Rothii
1953 2857 2117 2908 opinio-

1174 2910 1234 2950 nis
1276 2917 1497 2951 commenta
1540 2912 1710 2963 explosit
1750 2912 1910 2964 lipsius
1956 2913 1981 2952 l.
2013 2925 2045 2953 c.
2076 2924 2117 2965 p.

1178 2967 1226 3006 16
1261 2980 1373 3018 sqq.,
1415 2967 1468 3006 ita
1499 2967 1631 3007 locum
1662 2969 1886 3019 explicans.
1918 2967 2116 3018 ,Clemens

1172 3023 1430 3074 presbyteros
1455 3030 1493 3063 et
1515 3024 1706 3064 diaconos
1735 3025 1783 3064 ab
1817 3024 2014 3076 apostolis
2034 3031 2116 3065 sta-

1173 3078 1241 3117 tim
1280 3085 1322 3118 ut
1362 3078 1420 3117 illi
1460 3079 1587 3131 prima
1635 3081 1829 3120 ecclesiae
1861 3081 2116 3120 fundamenta

1170 3140 1392 3185 posuerunt
1414 3135 1652 3175 constitutos
1672 3149 1760 3176 esse
1786 3143 1941 3187 narrat3
1973 3136 2116 3176 deinde

1170 3203 1264 3229 vcro
1304 3203 1352 3229 ne
1391 3191 1600 3231 intestinae
1644 3192 1919 3232 contentiones
1962 3192 2010 3231 de
2050 3204 2117 3231 re-

1172 3246 1275 3285 centi
1305 3259 1468 3286 munere
1500 3247 1723 3298 orirentur,
1756 3247 1918 3288 eosdem
1949 3253 2115 3299 aposto-

1174 3301 1235 3340 los
1267 3309 1525 3353 praeceptum
1555 3303 1772 3352 addidisse,
1802 3308 1846 3342 ut
1866 3303 1928 3342 his
1946 3304 2115 3355 preshy-

1173 3357 1267 3397 teris
1313 3365 1351 3398 et
1381 3358 1561 3399 diaconis
1603 3358 1670 3398 alii
1709 3358 1781 3398 viri
1821 3358 1982 3410 probati
2022 3371 2116 3399 suc-

1174 3413 1373 3453 cederent.
1424 3415 1478 3454 Ex
1499 3415 1577 3455 hoc
1597 3414 1686 3465 ipso
1703 3414 1819 3463 enim,
1846 3415 1955 3466 quod
1974 3427 2115 3455 munus

1173 3469 1487 3509 ecclesiasticum
1517 3471 1566 3510 ab
1594 3470 1789 3522 apostolis
1812 3470 2004 3520 originem
2034 3476 2115 3510 tra-

1172 3524 1295 3573 heret,
1327 3525 1550 3566 luculenter
1579 3539 1773 3577 apparere
1804 3526 1917 3565 nefas
1947 3538 2050 3575 esse,
2081 3526 2115 3566 si

1173 3580 1260 3631 quis
1291 3593 1362 3620 eos
1399 3582 1464 3633 qui
1505 3582 1564 3621 vel
1607 3582 1655 3621 ab
1693 3581 1791 3633 ipsis
1821 3581 2018 3632 apostolis
2053 3581 2115 3622 vel

1172 3637 1220 3676 ab
1252 3635 1339 3676 aliis
1370 3637 1463 3677 viris
1491 3637 1673 3690 probatis
1701 3637 1979 3689 apostolorum
2005 3637 2116 3678 iussu
