2340 3900
223 201 322 251 626
950 198 1179 244 HERMAE
1216 199 1448 246 PASTOR.

224 328 638 414 ἀποβεβλημένων.
709 328 772 378 Οἱ
819 326 871 377 δὲ
919 329 1081 379 λοιποὶ
1123 325 1308 389 πάντας
1353 328 1580 398 ἤρθησαν
1625 327 1721 380 ’ὑπὸ
1758 326 1853 379 τὼν
1888 327 2171 417 παρθένων·

223 400 383 451 λευκοὶ
417 396 507 466 γὰρ
546 395 680 457 όντες
714 393 1039 464 ἦρμόσθησαν
1073 394 1160 448 ’ὑπ’
1203 395 1365 450 αὐτῶν
1395 404 1490 451 τῶν
1525 399 1799 484 παρθένων
1823 398 1890 457 εἷς
1924 418 2014 462 την
2042 399 2170 451 οἶκο-
2234 417 2239 421 ·

223 465 399 533 δομην·
450 464 667 534 ἐξώτεροι
714 465 766 516 65
800 465 1064 555 ἐτέθησαν,
1116 465 1190 518 ότι
1222 465 1373 534 ύγιεῖς
1408 466 1704 554 εὑρέθησαν,
1761 466 1878 518 ὥστε
1926 464 2172 518 δύνασθαι

223 534 402 596 αὐτοὺς
438 542 629 604 κρατεῖν
662 533 778 595 τοὺς
814 536 882 595 εἷς
917 533 971 586 τὸ
1010 535 1154 621 μέσον
1188 536 1438 598 τεθέντας
1476 537 1599 599 όλως
1634 535 1724 620 γὰρ
1760 538 1809 598 ἐξ
1834 532 1996 587 αὐτῶν
2027 533 2171 588 οὐδὲν

223 603 522 671 ἒκολοβώθη.
579 601 705 655 Εἶτα
741 602 959 655 κατενόει
994 602 1109 666 τοὺς
1145 613 1328 692 τραχεῖς
1362 607 1445 659 καὶ
1478 604 1731 675 σκληρούς,
1767 627 1847 657 και
1888 602 2050 669 [οὐκ]2
2077 602 2172 656 ὀλί-

220 695 297 759 γοι
336 675 383 735 ἐξ
420 673 581 726 αὐτῶν
618 671 969 740 ἀπεβλήθησαν
1006 671 1087 725 διὰ
1114 671 1167 725 τὸ
1205 674 1279 762 μὴ
1309 673 1554 728 δύνασθαι
1580 680 1940 742 λατομηθῆναι·
1965 674 2172 759 σκληροὶ

221 741 313 831 γὰρ
346 745 455 794 λίαν
492 740 796 831 εὑρέθησαν·
845 744 895 794 οἷ
941 743 994 794 δὲ
1029 744 1191 795 λοιποὶ
1222 742 1383 798 αὐτῶν
1427 743 1795 812 έλατομηθησαν
1829 744 1908 796 καὶ
1943 740 2172 828 ἥρθησαν

222 811 318 864 ἀπὸ
355 818 451 865 τῶν
481 812 770 899 παρθένων,
819 834 901 864 και
952 814 1018 874 εἰς
1062 812 1210 881 μέσην
1240 813 1330 881 τὴν
1374 813 1639 902 οἰκοδομὴν
1675 819 1760 865 τοῦ
1796 811 1986 881 πύργου
2025 810 2171 898 ἡρμό-

221 889 438 948 σθησαν·
487 880 821 972 ἀσθενέστεροι
864 877 954 951 γὰρ
1001 884 1139 949 ἠσαν.
1211 881 1336 935 Εἶτα
1383 884 1598 936 κατενόει
1643 880 1757 942 τοὺς
1814 883 2004 964 ε’χοντας
2058 878 2173 942 τοὺς

222 954 447 1015 σπίλους,
480 953 562 1003 καὶ
599 952 652 1003 έκ
686 949 870 1003 τούτων
906 948 1138 1018 ἐλάχιστοι
1174 952 1496 1019 ἒμελάνωσαν3
1531 952 1614 1004 καὶ
1666 949 2016 1016 ἀπεβλήθησαν
2049 948 2174 1017 πρὸς

219 1019 334 1081 τοὺς
369 1018 701 1082 λοιπούς.οἱ
733 1018 784 1070 δὲ
819 1020 1186 1110 περισσεύοντες
1215 1023 1420 1111 λαμπροὶ
1460 1022 1542 1072 καὶ
1577 1017 2054 1104 έκεῖνοιεύρέθησαν·
2089 1019 2173 1071 καὶ

220 1095 356 1141 οὑτοι
390 1087 714 1175 ηρμόσθησαν
749 1086 848 1142 ύπὸ
881 1095 978 1142 τῶν
1023 1091 1285 1178 παρθένων
1322 1093 1390 1152 εἰς
1423 1088 1512 1156 τὴν
1545 1085 1832 1156 οἰκοδομήν·
1869 1084 2088 1153 ἐξώτεροι
2122 1087 2174 1139 δὲ

220 1159 456 1226 ἐτέθησαν
493 1159 574 1211 διὰ
609 1157 698 1226 τὴν
736 1158 1019 1228 ίσχυρότητα
1056 1159 1229 1214 αὐτῶν.

358 1291 429 1338 IX.
500 1281 625 1336 Εἶτα
654 1276 781 1350 ἦλθε
816 1301 1113 1351 κατανοησαι
1147 1282 1262 1344 τοὺς
1294 1281 1496 1344 λευκοὺς
1530 1282 1613 1334 καὶ
1646 1279 1964 1350 στρογγύλους
1985 1281 2173 1344 λίθους,

221 1353 302 1406 καὶ
325 1355 457 1438 λέγει
495 1375 574 1441 μοι
620 1355 679 1404 Τί
712 1356 960 1440 ποιοῦμεν
982 1354 1092 1422 περὶ
1127 1352 1308 1405 τούτων
1343 1358 1438 1405 τῶν
1473 1353 1656 1416 λίθων,
1735 1353 1820 1435 Τί,
1871 1352 2025 1418 φημί,
2072 1347 2172 1436 ἐγὼ

220 1422 456 1507 γιιώσκω,
470 1421 654 1508 κύριες
707 1420 867 1475 Οὐδὲν
900 1425 991 1475 οὐν
1027 1425 1235 1484 ε’πινοεῖς
1268 1443 1376 1508 περι
1413 1419 1600 1485 αὐτῶν,
1663 1418 1811 1509 Ἐγώ,
1846 1421 1986 1487 φημί,
2023 1417 2171 1505 κύριε,

222 1491 399 1558 ταύτην
431 1490 520 1558 τὴν
555 1493 721 1578 τέχνην
758 1491 848 1544 οὐκ
878 1493 991 1582 ε’χω·
1042 1491 1156 1544 οὐδὲ
1191 1490 1398 1558 λατόμος
1430 1494 1549 1558 εἶμί,
1585 1489 1700 1543 οὐδὲ
1739 1490 1951 1576 δύναμαι
1983 1494 2172 1576 νοῆσαι.

227 1560 300 1614 06
337 1561 524 1627 βλέπεις
561 1559 755 1624 αὐτούς,
793 1565 942 1627 φησί,
979 1563 1087 1614 λίαν
1130 1561 1450 1648 στρογγύλους
1484 1559 1653 1622 όντας;
1728 1559 1829 1611 Καὶ
1873 1556 1960 1611 ἐὰν
1995 1554 2174 1619 αὐτοὺς

223 1629 418 1697 θελησω
454 1627 779 1719 τετραγώνους
814 1637 1032 1697 ποιησαι,
1067 1628 1192 1682 πολὺ
1228 1634 1306 1682 δεῖ
1335 1629 1419 1681 ἀπ’
1463 1628 1622 1681 αὐτῶν
1649 1627 1986 1714 ἀποκοπῆναι·
2025 1630 2103 1680 δεῖ
2121 1627 2173 1678 δὲ

215 1701 269 1766 4ἐξ
305 1698 466 1752 αὐτῶν
502 1702 550 1762 ἐξ
587 1698 800 1768 ἀνάγκης
834 1699 969 1760 τινὰς
1005 1702 1072 1761 εἰς
1106 1698 1195 1766 τὴν
1232 1697 1496 1766 οἰκοδομὴν
1531 1703 1749 1765 τεθῆναι.
1797 1700 1868 1748 Εἰ
1887 1689 1994 1758 οὗν,
2029 1698 2172 1786 φημί,

219 1767 371 1835 κύριε,
411 1767 601 1855 ἀνάγκη
633 1768 749 1831 ἐστί,
785 1770 831 1818 τί
864 1767 1068 1819 σεαυτὸν
1102 1770 1386 1854 βασανίζεις,
1405 1769 1507 1821 καὶ
1541 1766 1633 1819 οὐκ
1654 1767 1819 1838 ἐκλέγῃ
1841 1767 1909 1828 εἰς
1916 1763 2019 1852 τὴν
2044 1768 2172 1818 οἰκο-

222 1836 377 1903 δομὴν
413 1836 502 1898 οὓς
537 1836 714 1899 θέλεις,
750 1857 832 1887 και
871 1835 1094 1905 ἀρμόζεις
1130 1839 1198 1897 εἷς
1235 1835 1414 1903 αὐτην,-
1478 1832 1751 1898 Ἐξελέξατο
1788 1821 1837 1897 έξ
1871 1833 2033 1886 αὐτῶν
2057 1833 2172 1896 τοὺς

220 1909 438 1993 μείζονας
470 1907 552 1958 καὶ
587 1903 852 1992 λαμπρούς,
888 1907 971 1958 καὶ
1006 1903 1297 1972 ἐλατόμησεν
1333 1902 1533 1966 αὐτούς·
1570 1906 1624 1955 αἱ
1657 1904 1708 1956 65
1730 1903 1971 1974 παρθένοι
1997 1901 2174 1971 άρασαι

218 1975 437 2062 ῆρμοσαν
475 1978 542 2037 εἰς
575 1973 635 2025 τὰ
667 1973 871 2044 ἒξώτερα
906 1975 1024 2043 μέρη
1061 1980 1148 2042 τῆς
1177 1976 1460 2061 οἰκοδομῆς.
1528 1975 1594 2025 Οἱ
1641 1973 1694 2025 65
1727 1950 1888 2026 λοιποὶ
1937 1973 1988 2024 οἷ
2015 1989 2174 2042 περισ-

220 2044 471 2106 σεύσαντες
505 2043 764 2129 ῆρθησαν,
813 2045 897 2096 καὶ
947 2044 1253 2112 ἀπετέθησαν
1301 2047 1368 2106 εἶς
1412 2041 1466 2095 τὸ
1502 2045 1672 2095 πεδίον
1708 2043 1832 2096 όθεν
1865 2040 2169 2129 ἠνέχθησαν·

222 2113 312 2166 οὐκ
349 2113 700 2197 ἀπεβληθησαν
736 2113 803 2179 δέ,
841 2113 937 2177 ότι,
976 2116 1114 2199 φησί,
1150 2116 1302 2166 λείπει
1336 2119 1403 2186 τῷ
1437 2111 1622 2199 πύργῳ1
1667 2113 1733 2164 ἔτι
1778 2108 1950 2196 μικρὸν
1986 2113 2167 2164 οἰκοδο-

219 2189 453 2251 μηθηναι.
529 2182 728 2245 Πάντας
782 2156 834 2234 65
870 2157 1004 2236 θέλει
1049 2181 1076 2235 6
1124 2168 1382 2251 δεσπότης
1404 2188 1491 2235 τοῦ
1540 2181 1731 2251 πύργου
1778 2179 1979 2243 τούτους
2026 2202 2173 2267 αρμο-

219 2259 403 2320 σθηναι
438 2251 550 2314 τοὺς
587 2255 762 2314 λίθους
798 2254 866 2313 εἰς
901 2274 989 2320 την
1025 2252 1313 2340 οἰκοδομήν,
1362 2253 1435 2305 ότι
1463 2254 1673 2322 λαμπροί
1707 2253 1798 2304 εἰσι
1832 2253 1954 2304 λίαν.
2003 2249 2174 2318 Ἐκλή-

218 2331 382 2389 θησαν
417 2323 467 2374 δὲ
511 2329 735 2409 γυναῖκες
783 2320 994 2390 δώδεκα,
1047 2297 1361 2375 εὐειδέσταται
1398 2328 1464 2394 τῷ
1499 2327 1788 2411 χαρακτῆρι,
1833 2321 2010 2388 μέλανα
2045 2321 2172 2372 ἕνδε-

219 2392 444 2478 5vb¹⁴5v⁰2⁶³
493 2395 575 2443 καὶ
621 2390 708 2452 τὰς
754 2394 913 2480 τρίχας
962 2393 1238 2479 λελυμέναι.
1288 2376 1594 2444 Ἐδοκοῦσαν
1641 2391 1693 2443 δέ
1698 2412 1819 2462 μοι
1855 2391 1910 2442 αἱ
1915 2396 2176 2475 γυναῖκες

218 2463 360 2511 αὗται
395 2458 555 2528 άγριαι
592 2458 728 2512 εἶναι.
793 2459 1046 2513 Ἐκέλευσε
1083 2461 1134 2512 δὲ
1181 2459 1330 2524 αὐτὰς
1374 2459 1404 2514 6
1458 2459 1639 2549 ποιμὴν
1689 2453 1802 2530 ἆραι
1849 2455 1964 2522 τοὺς
1997 2461 2174 2520 λίθους

218 2526 332 2589 τοὺς
367 2528 788 2595 ἀποβεβλημένους
825 2531 877 2581 έκ
911 2536 998 2596 τῆς
1035 2532 1299 2597 οἰκοδομῆς
1344 2532 1427 2583 καὶ
1462 2529 1742 2617 ἀπενεγκεῖν
1790 2527 1968 2591 αὐτοὺς
2018 2530 2086 2589 εἰς
2115 2526 2173 2580 τὰ

217 2596 307 2684 όρη
344 2597 466 2649 ὅθεν
503 2599 586 2650 καὶ
617 2597 908 2688 ἠνέχθησαν.
981 2600 1054 2649 Αἱ
1086 2599 1138 2649 65
1176 2601 1330 2668 ἱλαραὶ
1366 2603 1517 2668 ηραν,
1565 2600 1648 2651 καὶ
1685 2598 1961 2686 ἀπηνεγκαν
1989 2595 2172 2658 πάντας

216 2666 330 2727 τοὺς
363 2669 554 2731 λίθους,
590 2668 673 2718 καὶ
698 2669 886 2734 ε’θηκαν
908 2666 1030 2718 όθεν
1053 2666 1352 2734 ἐλήφθησαν.
1404 2670 1504 2719 Καὶ
1525 2665 1640 2734 μετὰ
1660 2665 1713 2718 τὸ
1752 2666 1969 2734 ἀρθῆναι
1988 2663 2171 2728 πάντας

215 2733 328 2796 τοὺς
358 2738 536 2797 λίθους
578 2738 661 2788 καὶ
711 2737 876 2823 μηκέτι
911 2743 1105 2788 κεῖσθαι
1139 2739 1286 2788 λίθον
1319 2735 1480 2789 κύκλω
1516 2743 1604 2788 τοῦ
1623 2734 1829 2822 πύργου,
1865 2736 1988 2804 λέγει
2024 2756 2107 2802 μοι
2142 2734 2170 2788 6

215 2803 397 2870 ποιμήν
446 2804 783 2872 Κυκλώσωμεν
818 2803 902 2857 τὸν
937 2805 1139 2873 πύργον,
1174 2808 1256 2858 καὶ
1290 2791 1467 2872 ι’δωμεν
1502 2805 1567 2873 μή
1601 2827 1646 2857 τι
1681 2803 1923 2871 έλάττωμά
1958 2805 2084 2856 ἐστιν
2120 2805 2171 2857 ἐν

217 2871 366 2960 αὐτῷ.
402 2875 500 2925 Καὶ
528 2873 798 2927 έκύκλωσα2
835 2871 926 2944 ἐγὼ
941 2875 1044 2940 μετ’
1088 2874 1253 2928 αὐτοῦ.
1316 2874 1455 2928 Ἰδὼν
1491 2875 1543 2926 65
1579 2875 1607 2927 6
1641 2873 1823 2942 ποιμην
1857 2873 1942 2926 τὸν
1951 2872 2170 2960 πύργον

217 2941 433 3029 εὐπρεπῆ
482 2942 599 2995 όντα
633 2950 690 3010 τῆ
741 2946 975 3015 οἰκοδομῇ
1012 2948 1120 2997 λίαν
1157 2942 1320 3013 ἱλαρὸς
1354 2939 1442 3011 ἠν·
1504 2943 1531 2997 6
1565 2942 1654 3014 γὰρ
1690 2945 1885 3032 πύργος
1919 2941 2072 3005 οὕτως
2105 2936 2169 3010 ἦν

216 3010 605 3098 ᾠκοδομημένος,
655 3014 773 3065 ὥστε
809 3034 883 3098 με
912 2996 1078 3066 ἰδόντα
1115 3015 1374 3101 ἐπιθυμεῖν
1407 3035 1496 3081 την
1528 3013 1791 3081 οἰκοδομὴν
1827 3010 2004 3065 αὐτου·
2042 3011 2169 3065 ούτω

213 3079 302 3149 γὰρ
338 3084 401 3146 ἠν
423 3081 830 3168 ὦκοδομημένος
844 3080 975 3134 ὦσαν
1012 3085 1059 3146 ἐξ
1094 3081 1202 3145 ἓνὸς
1236 3086 1383 3135 λίθου
1429 3082 1493 3151 μὴ
1541 3085 1659 3151 ἔχων
1703 3085 1818 3150 μίαν
1865 3079 2082 3150 άρμογὴν
2116 3083 2168 3134 έν

215 3150 383 3220 ἑαυτῷ.
423 3149 680 3215 Ἐφαίνετο
715 3151 767 3202 δὲ
802 3149 830 3203 6
865 3155 1007 3212 λίθος
1043 3175 1111 3214 ως
1146 3154 1199 3205 ἐκ
1234 3155 1319 3220 τῆς
1348 3153 1523 3222 πέτρας
1557 3151 1980 3223 ἐγκεκολαμμένος·
2028 3150 2166 3217 μονό-

213 3225 358 3280 λιθος
391 3221 482 3288 γάρ
519 3240 600 3286 μοι
637 3217 793 3275 ἐδόκει
830 3217 966 3274 εἶναι.

350 3350 397 3395 Χ.
471 3342 620 3431 Κάγὼ
670 3351 946 3431 περιπατῶν
982 3343 1098 3430 μετ’..
1147 3345 1300 3397 αὐτου
1352 3344 1516 3413 ἱλαρὸς
1569 3344 1700 3431 η’μην
1746 3349 1944 3395 τοιαῦτα
1995 3342 2161 3413 ἀγαθὰ

208 3411 407 3475 βλέπων.
467 3413 611 3481 Λέγει
649 3415 701 3465 δέ
732 3435 814 3480 μοι
836 3412 865 3465 6
882 3413 1063 3481 ποιμήν
1083 3413 1272 3483 ’Τπαγε
1308 3417 1390 3466 καὶ
1426 3415 1542 3482 φέρε
1567 3412 1797 3479 άσβεστον
1820 3414 1898 3464 καὶ
1926 3410 2161 3483 ὄστρακον

293 3577 335 3633 2)
367 3576 447 3618 οὐκ
479 3579 591 3619 deest
620 3579 660 3618 in
691 3592 829 3631 apogr.
1300 3580 1394 3630 Cap.
1426 3580 1486 3619 IX.
1549 3579 1588 3629 1)
1614 3575 1804 3646 πύργωε
1837 3593 1975 3632 apogr.
1992 3583 2159 3639 μικρῷ.

297 3634 342 3680 3)
375 3634 431 3670 sic
461 3646 597 3683 apogr.
1296 3636 1341 3686 2)
1377 3647 1514 3685 apogr.
1547 3620 1818 3677 ἒκύκλωσον.

2322 1857 2340 2594 ³

2319 2788 2340 3557 1
