2340 3900
505 160 539 206 1.
574 158 884 207 cmm't'ts
918 160 989 206 An
1030 158 1150 207 COR.
1196 161 1343 209 XXIV.
1378 161 1506 209 XXV.
1541 158 1690 209 XXVI.
1724 157 1892 205 XXVII.
2115 152 2179 204 73

215 297 359 346 XXIV.
427 299 658 345 Futurum
700 298 1082 345 numanam
1118 300 1243 346 Deus
1262 302 1476 348 continue
1510 300 1644 348 nobis
1676 299 1729 346 in
1762 304 1937 347 natura
1972 299 2180 345 ostendit.

354 396 740 452 ConsideremuS,
776 394 952 451 dilecti,
987 396 1369 456 quemadmodum
1406 398 1621 445 Dominus
1669 396 1866 444 futuram
1912 396 2179 443 resurrecti-

214 482 350 515 onem
385 466 604 512 continuo
640 464 776 512 nobis
811 464 1035 521 ostendat,
1071 465 1200 510 cuius
1238 468 1458 527 primitias
1496 468 1732 514 Dominum
1768 467 1917 513 Iesum
1952 465 2179 513 Christum

212 537 334 593 fecit,
373 536 601 582 suscitans
638 548 742 580 eum
768 547 794 580 a
829 533 1037 580 mortuis.
1109 533 1380 592 intueamur,
1420 536 1588 592 dilecti,
1628 535 2022 591 resurrectionem,
2061 549 2178 597 quae

213 607 336 652 omni
383 611 589 666 tempore
636 602 699 650 tit.
768 603 873 650 Dies
919 609 966 649 et
1013 617 1101 649 nox
1149 606 1538 652 resurrectionem
1589 605 1725 651 nobis
1761 605 2030 662 ostendunt;
2092 619 2182 652 nox

211 675 374 731 cubat,
425 674 599 735 exurgit
648 672 775 729 dies;
821 670 916 718 abit
965 672 1091 729 dieS,
1140 686 1230 719 nox
1275 675 1447 734 ingruit
1490 682 1536 720 et
1582 675 1852 735 insequitur.
1923 675 2181 722 intueamur

210 744 391 806 fruges3
426 742 667 790 seminatio
702 741 832 804 grani
853 742 1084 802 quomodo
1124 740 1215 788 fiat.
1284 742 1508 804 Egressus
1543 750 1614 790 est
1650 745 1909 801 seminator,
1946 750 1991 791 et
2023 757 2180 792 semen

211 814 258 860 in
294 819 464 860 terram
500 812 635 870 iecit,
678 816 727 859 et
759 811 891 858 iactis
928 810 1177 858 seminibus
1226 826 1341 872 quae
1379 812 1500 858 nuda
1535 819 1582 859 et
1617 813 1743 859 arida
1790 814 1836 859 in
1888 819 2056 861 terram
2107 827 2178 861 ce·

209 882 421 930 ciderunt
464 881 787 929 dissolvuntur.
875 880 1044 927 Deinde
1072 894 1135 927 ‘ex
1170 881 1470 928 dissolutione
1507 895 1668 942 magna
1719 882 1894 930 divinae
1941 883 2179 945 providen-

208 952 297 999 tiae
331 952 536 1015 potentia
572 965 628 998 ea
662 950 921 1006 resuscitat,
956 963 1009 996 ac
1046 964 1102 997 ex
1135 964 1227 997 uno
1266 951 1398 1012 plura
1435 949 1562 1007 liunt,
1601 957 1648 996 et
1685 950 1881 998 fructum
1903 954 2179 1014 producunt.

582 1060 710 1107 XXV.
778 1061 989 1110 Phoenix
1023 1063 1375 1109 resurrectionis
1411 1068 1596 1109 nostrae
1631 1063 1801 1123 imaqo.

347 1158 716 1221 Contemplemur
750 1159 930 1220 signum
962 1158 1194 1215 mirabile,
1233 1159 1359 1220 quod
1396 1159 1439 1204 in
1478 1159 1684 1219 partibus
1734 1161 1950 1217 orientiS,
2004 1161 2181 1208 scilicet

208 1230 255 1277 in
289 1229 454 1276 Arabia
489 1235 537 1275 et
569 1229 763 1286 viciniis,
799 1227 863 1275 fit.
929 1229 1032 1275 Avis
1069 1235 1141 1275 est
1177 1243 1292 1290 quae
1330 1229 1531 1274 Phoenix
1572 1236 1772 1276 vocatur.
1841 1230 1960 1276 llaec
1986 1231 2181 1292 unigena

208 1299 409 1347 existens
442 1312 587 1345 annos
624 1299 901 1360 quingentos
936 1298 1063 1355 vivit,
1102 1312 1332 1359 quumque
1364 1298 1451 1344 iam
1488 1306 1633 1345 morte
1685 1299 1972 1346 dissolvenda
2023 1307 2117 1356 est,
2156 1314 2181 1346 c

206 1369 367 1426 thure,
403 1367 592 1430 myrrha
621 1375 669 1414 et
703 1367 892 1429 reliquis
924 1367 1203 1414 aromatibus
1236 1367 1434 1414 loculum
1472 1368 1559 1415 sibi
1597 1370 1743 1426 struit,
1782 1383 1914 1429 quem
1953 1368 2180 1430 completo

206 1450 430 1485 annorum
464 1437 614 1499 spatio
650 1437 917 1499 ingreditur,
953 1444 1002 1484 et
1033 1438 1167 1484 vitam
1205 1438 1408 1499 deponit.
1477 1438 1539 1484 Ex
1575 1452 1712 1485 carne
1747 1452 1856 1484 vero
1894 1438 1992 1484 eius
2030 1444 2181 1499 putre-

205 1507 325 1555 facta
365 1508 534 1555 venais
580 1507 765 1568 quidam
815 1507 1046 1564 nascitur,
1097 1509 1175 1569 qui
1239 1507 1443 1554 animalis
1496 1508 1697 1555 defuncti
1749 1508 1940 1554 humore
1984 1508 2180 1555 nutritus

206 1577 461 1640 plumescit.
529 1577 685 1624 Auctis
729 1582 889 1639 postea
932 1575 1105 1623 viribus
1154 1577 1352 1624 loculum
1401 1577 1542 1635 tollit,
1591 1579 1638 1624 in
1684 1592 1776 1640 quo
1825 1591 1932 1624 ossa
1977 1578 2180 1638 parentis

205 1647 445 1695 recondita
478 1653 612 1703 sunt,
648 1660 795 1708 eaque
830 1654 1018 1708 portans
1055 1647 1143 1694 iter
1178 1661 1232 1694 ex
1267 1645 1457 1694 Arabica
1521 1649 1708 1709 regione
1756 1648 1800 1694 in
1839 1647 2095 1709 Aegyptum
2140 1653 2186 1694 et

206 1715 381 1774 urbem,
416 1730 534 1779 quae
568 1715 819 1779 Heliopolis
862 1717 1043 1774 dicitur,
1076 1715 1272 1778 perficit.
1343 1718 1408 1764 Ac
1446 1718 1758 1779 spectantibus
1777 1716 1988 1764 omnibus
2016 1717 2179 1764 diurno

207 1791 414 1848 tempore
448 1785 691 1844 advobus,
727 1800 870 1848 super
904 1786 1047 1833 altare
1081 1786 1200 1834 Solis
1238 1786 1312 1834 illa
1351 1787 1569 1846 collocat,
1621 1796 1757 1849 atque
1807 1787 1892 1842 ita,
1939 1787 2060 1834 unde
2109 1801 2178 1833 ve-

207 1863 362 1914 nerat,
395 1855 669 1918 ngreditur.
738 1855 1013 1903 Sacerdotes
1051 1857 1404 1904 commentarios
1453 1864 1711 1920 temporum
1759 1856 1999 1917 diligenter
2043 1856 2182 1919 inspi-

208 1926 360 1983 ciunt,
395 1932 443 1973 et
472 1924 659 1987 impleto
693 1939 813 1972 anno
850 1926 1217 1987 quingentesimo
1255 1927 1449 1972 rediisse
1486 1927 1604 1976 illam
1643 1926 1944 1988 comperiunt.

403 2034 551 2082 xxvt.
620 2036 928 2097 limi-qenins
963 2037 1110 2097 igitur
1128 2069 1140 2092 ,
1176 2038 1302 2097 quod
1337 2043 1379 2082 et
1413 2036 1459 2083 S.
1495 2037 1742 2098 Scriptura
1777 2042 1984 2083 testatur.

348 2134 414 2179 An
460 2146 671 2195 magnum
717 2133 857 2196 igitur
901 2140 948 2179 et
998 2132 1261 2179 admirabile
1314 2133 1658 2190 arbitrabimur,
1710 2134 1749 2180 si
1786 2147 1938 2181 rerum
1980 2136 2178 2182 omnium

212 2201 364 2265 opifex
399 2215 645 2264 resurgere
682 2215 766 2250 eos
802 2201 959 2258 faciat,
999 2203 1077 2262 qui
1116 2203 1160 2248 in
1197 2202 1343 2248 bonae
1381 2202 1488 2250 fidei
1535 2203 1812 2250 confidentia
1863 2204 2075 2265 religiose
2117 2205 2181 2252 illi

211 2272 529 2328 inservierunt,
563 2285 668 2319 cum
702 2286 789 2334 per
822 2271 1050 2318 volucrem
1089 2272 1408 2332 promissionis
1447 2287 1555 2319 suae
1581 2272 1961 2333 magnificentiam
2000 2274 2179 2321 abunde

209 2339 343 2387 nobis
378 2340 651 2401 patefaciat?
709 2340 827 2388 Dicit
858 2342 980 2387 enim
1017 2339 1213 2387 alicubi:
1268 2341 1526 2396 ,suscitabis
1564 2356 1649 2398 me,
1689 2348 1735 2388 et
1771 2341 2028 2393 confitebor
2052 2341 2179 2404 tibi3‘

208 2416 280 2457 et:
328 2408 538 2466 ,dormivi
574 2415 622 2456 et
653 2417 898 2472 soporatus
936 2424 1063 2467 sum;
1116 2410 1317 2466 surrexi,
1375 2411 1479 2470 quia
1516 2418 1564 2457 tu
1612 2425 1788 2457 mecum
1827 2408 1907 2457 es.‘
1981 2412 2035 2458 Et
2080 2427 2178 2459 rur-

207 2491 289 2526 sus
325 2477 406 2526 lob
453 2478 589 2526 dicit:
634 2485 699 2536 ,et
733 2491 916 2526 carnem
967 2479 1086 2526 hanc
1136 2492 1280 2525 meam
1332 2480 1656 2537 resuscitabis,
1708 2493 1824 2542 quae
1870 2483 2020 2528 omnia
2066 2482 2181 2530 haec

206 2561 344 2611 passa
377 2546 482 2598 est!

207 2657 369 2706 xxm
436 2658 530 2720 Spe
559 2660 915 2707 rmnectiom‘s
949 2660 1294 2708 adhaereamus
1320 2661 1432 2714 Deo,
1472 2663 1766 2723 omnipotenti
1798 2669 1840 2708 el
1878 2666 2178 2712 omnis-ciculi.

342 2753 438 2804 flac
482 2755 622 2819 igitur
660 2770 743 2820 spe
790 2758 928 2804 animi
971 2759 1117 2804 nostri
1171 2758 1227 2805 ad
1265 2771 1367 2804 eum
1405 2758 1768 2820 adstringantur,
1808 2761 1886 2822 qui
1924 2760 2071 2808 tidelis
2109 2767 2181 2809 est

207 2824 252 2872 in
289 2825 699 2887 promissionibus,
737 2833 785 2875 et
820 2827 966 2875 iustus
1005 2827 1050 2874 in
1091 2827 1287 2875 iudiciis.
1358 2827 1441 2885 Qui
1478 2829 1658 2876 mentiri
1698 2830 1859 2887 vetuit,
1906 2830 2047 2878 multo
2099 2831 2178 2877 mi-

206 2959 276 3002 27.
312 2959 510 3003 Philostr.
538 2960 583 3002 V.
611 2961 656 3003 Α.
685 2960 735 3012 3,
769 2961 836 3003 49.
887 2962 1019 3002 Tzetz.
1059 2960 1161 3003 chit.
1222 2960 1392 3016 (1854),
1433 2975 1473 3016 p.
1503 2963 1583 3006 451
1615 2977 1704 3018 sqq.
1749 2964 1980 3016 Hilgenfeld
2011 2965 2036 3006 Ι.
2068 2978 2102 3007 c.
2135 2978 2175 3018 p.

207 3017 256 3066 5,
285 3015 367 3059 397
398 3029 491 3072 sqq.
534 3016 636 3059 Ptin.
677 3017 726 3059 11.
770 3018 816 3059 N.
862 3019 932 3068 10,
965 3018 1004 3059 2.
1045 3018 1160 3059 Ovid.
1219 3019 1286 3060 (54.
1319 3025 1401 3060 not.
1437 3020 1500 3061 18.

209 3072 299 3114 flet.
347 3073 419 3123 14,
455 3072 541 3117 392
618 3086 659 3127 q.
711 3073 853 3127 Pomp.
897 3073 987 3116 Mel.
1030 3074 1082 3125 3,
1121 3076 1160 3117 8.
1306 3077 1351 3130 2)
1383 3077 1439 3117 lta
1472 3076 1575 3118 coni.
1608 3076 1726 3128 Cion,
1758 3072 1967 3120 διανεύει
1997 3078 2068 3118 Ms.

206 3128 308 3171 sini.
342 3129 441 3171 Sitv.
470 3085 667 3180 2426.
695 3152 754 3160 —
781 3130 971 3172 Bochart.
1002 3131 1160 3172 llieroz.

206 3185 322 3227 Tom.
350 3186 416 3228 nt.
450 3198 492 3240 p.
522 3186 620 3229 809.
662 3186 914 3229 Wemsdorr.
957 3186 1070 3229 Poet.
1110 3188 1159 3228 tt.
1305 3190 1401 3243 Cap.
1436 3190 1562 3231 XXVI.
1627 3190 1667 3241 1)
1699 3189 1923 3231 Cotelorius
1965 3196 2004 3231 et
2046 3190 2172 3233 Colo-

207 3241 253 3283 Τ.
280 3242 322 3284 3.
352 3255 393 3296 p.
409 3243 506 3286 29⁰.
535 3242 622 3284 vid.
653 3242 772 3284 etiam
802 3242 989 3293 Creuzer,
1024 3243 1159 3297 Symb.
1219 3246 1366 3287 mosius
1398 3247 1497 3287 haec
1525 3247 1763 3299 deprompta
1782 3247 1951 3288 crodunt
1971 3259 2014 3289 ex
2039 3247 2102 3288 ΡΒ.
2121 3248 2172 3289 27

204 3303 246 3339 et
276 3297 494 3352 flyffiolog.
531 3298 628 3341 edit.
649 3298 713 3340 m.
750 3299 795 3341 Τ.
818 3299 865 3341 ΙΙ.
906 3312 946 3353 p.
982 3300 1082 3350 163,
1122 3307 1161 3341 ct
1217 3303 1336 3356 (28.),
1360 3305 1400 3354 7,
1430 3303 1534 3344 aliie
1557 3303 1710 3356 scripto
1729 3303 1903 3355 quodam
1923 3304 2174 3358 apocrypho.

204 3353 250 3395 B.
282 3354 312 3396 Ι.
342 3355 667 3405 ΕΠΙοιιήοΙικιι,
699 3355 750 3397 de
775 3356 989 3398 Phoenicis
1024 3356 1157 3398 ratmta
1303 3358 1348 3411 2)
1380 3360 1461 3401 Csr.
1495 3360 1557 3400 Ps.
1588 3358 1628 3410 3,
1659 3362 1697 3400 ti.

205 3409 313 3463 apud
345 3410 538 3462 ῦηοοω,
571 3411 776 3454 Romanos
807 3419 846 3454 et
866 3411 1045 3467 populos
1076 3415 1158 3454 ori-
1307 3417 1355 3467 3)
1388 3416 1471 3457 lob.
1520 3416 1588 3465 19,
1620 3416 1686 3456 25.
1719 3414 1784 3456 26.
1848 3415 2077 3469 llieronym.
2120 3416 2169 3458 dc

205 3465 371 3509 mules.
428 3467 663 3511 Partimtsl
683 3474 724 3510 et
759 3468 807 3518 II,
840 3469 1017 3511 Ravniae
1051 3471 1156 3511 ¹825
1216 3473 1293 3514 hoc
1325 3473 1445 3514 loco:
1476 3471 1624 3519 ,nullus
1657 3479 1733 3512 tam
1758 3477 1895 3524 aperto
1929 3477 2024 3526 post
2050 3472 2168 3515 Chri-

205 3528 246 3562 et
281 3521 401 3565 ¹827.
428 3522 575 3579 Ἄρη,
605 3524 852 3578 ltytbologic
897 3526 970 3568 der
1011 3526 1158 3567 christ-
1215 3536 1342 3578 stum,
1390 3540 1507 3582 qnznn
1539 3527 1612 3566 iste
1654 3534 1744 3568 sinte
1776 3527 1978 3570 Clu-istum
2022 3529 2072 3571 de
2102 3542 2169 3572 re-

206 3577 876 3634 tiebat-nst(weimsr1847).
911 3583 938 3635 l,
970 3582 1156 3636 uosqq.
1215 3586 1468 3627 surrectione
1510 3583 1723 3635 loquitur.‘
1797 3584 1901 3638 ΟΝ).
1949 3584 1994 3627 Τ.
2035 3586 2082 3627 ΙΙ.
2133 3598 2172 3641 p.

206 3633 401 3686 eunden,
421 3634 652 3679 Zeltselirit't
676 3638 741 3679 mr
763 3637 908 3681 lnther.
934 3637 1158 3690 ‘theologie
1216 3642 1312 3682 438.
1349 3641 1411 3681 ed.
1446 3640 1612 3680 vallars.
