2340 3900
506 202 714 251 lomim
744 201 1023 250 —EPISTOLA
1058 204 1130 251 An
1167 203 1534 254 TRALLIANOS.
1584 203 1678 253 ΧΠ.
1715 203 1828 252 xm.
2044 199 2143 252 163

665 369 760 417 Xll.
811 370 1000 421 Hanete
1031 372 1086 418 in
1119 372 1297 419 unitate
1332 379 1374 420 et
1414 374 1653 422 charitate.

320 467 476 514 Saluto
508 480 592 514 vos
618 481 644 514 e
665 465 871 530 Smyrna,
908 481 996 514 una
1019 481 1121 514 cum
1156 468 1364 516 ecclesiis
1390 470 1482 527 Dei,
1520 485 1635 531 quae
1670 485 1851 519 mecum
1870 476 1989 528 sunt,
2027 483 2143 532 quae

175 539 222 587 in
258 536 468 601 omnihus
503 550 578 584 me
608 544 877 585 recrearunt
912 536 1065 598 quoad
1101 550 1270 598 corpus
1307 544 1354 584 et
1391 540 1615 601 spiritum.
1666 540 1851 589 Vincula
1874 554 1989 598 mea,
2026 553 2142 602 quae

174 614 366 672 propter
400 606 550 654 lesum
587 606 819 654 Christum
855 607 981 664 sero,
1034 621 1112 653 vos
1162 605 1432 654 obsecrant:
1480 617 1745 670 permanete
1800 611 1846 658 in
1895 610 2144 658 concordia

174 684 324 733 vestm
346 683 394 723 et
426 677 633 724 oratione
657 682 825 725 mutua.
878 676 1019 724 Decet
1039 677 1159 723 enim
1176 676 1383 738 singulos
1420 686 1637 737 vestrum,
1677 686 1723 727 et
1746 681 1992 743 praecipue
2015 694 2142 743 pres·

175 747 389 812 hyteros,
425 760 637 794 recreare
673 747 942 809 episcopum
974 746 1020 792 in
1056 746 1280 794 honorem
1317 746 1488 803 PatriS,
1526 747 1630 795 lesu
1667 749 1835 797 Christi
1871 756 1916 797 et
1951 752 2143 812 Aposto-

177 817 339 866 lorum.
400 816 517 879 Opto
553 823 606 864 ut
638 817 687 863 in
724 816 944 864 charitate
978 829 1052 864 me
1088 816 1312 874 audiatis,
1349 830 1406 863 ne
1460 816 1574 864 haec
1611 818 1818 866 scribens
1858 820 1903 866 in
1937 820 2141 867 testimo·

175 887 299 935 nium
336 892 496 934 contra
529 885 611 934 v'os
648 886 749 933 sim.
823 885 916 934 Sed
964 892 1012 933 et
1060 891 1188 933 orate
1234 900 1320 948 pro
1357 900 1453 944 me,
1506 887 1583 947 qui
1632 888 1675 933 iu
1712 888 1792 935 Dei
1827 889 2142 937 misericordia

176 956 393 1005 charitate
426 963 579 1004 vestra
614 956 824 1019 indigeo,
878 962 928 1004 ut
963 955 1128 1018 dignus
1168 954 1272 1004 fiam
1312 956 1390 1018 qui
1436 970 1659 1018 assequar
1707 964 1879 1005 sortem
1926 959 2037 1007 mihi
2077 960 2141 1006 in-

174 1032 382 1085 stantem,
417 1040 478 1075 ne
513 1026 742 1089 reprobus
778 1027 995 1074 inveniar.

309 1146 440 1199 *m
511 1151 668 1200 Saluto
702 1166 786 1200 vos
833 1166 859 1200 e
895 1151 1087 1214 Smyrna
1136 1165 1226 1198 una
1272 1164 1375 1198 cum
1412 1150 1627 1199 Ecclesiis
1665 1152 1767 1210 Dei,
1805 1167 1921 1214 quae
1964 1168 2145 1202 mecum

175 1229 296 1282 sunt,
328 1223 407 1285 qui
440 1236 524 1285 per
560 1224 711 1270 omnia
746 1237 818 1270 me
855 1221 1114 1270 refocillant
1150 1228 1197 1268 et
1230 1235 1367 1269 carne
1417 1228 1463 1268 et
1510 1223 1688 1284 spiritu.
1760 1222 2015 1271 Obsecrant
2060 1238 2143 1271 vos

174 1292 352 1340 vincula
396 1306 520 1349 mea,
570 1307 687 1355 quae
736 1299 929 1355 propter
964 1291 1114 1339 lesum
1152 1291 1380 1339 Christum
1431 1291 1731 1350 circumfero,
1789 1307 1924 1340 orans
1975 1300 2026 1340 ut
2061 1293 2144 1340 Dei

176 1376 365 1425 compos
400 1362 519 1409 iiam.
589 1363 857 1410 Permanete
895 1362 940 1408 in
975 1368 1132 1409 mutua
1170 1363 1430 1419 concordia,
1471 1369 1517 1409 et
1553 1362 1598 1408 in
1636 1363 1881 1408 coniuncta
1922 1363 2140 1409 oratione.

176 1432 315 1480 Decet
343 1432 465 1480 enim
489 1446 570 1480 vos
594 1432 815 1494 singulos,
853 1439 898 1479 et
923 1432 1170 1494 praecipue
1191 1431 1510 1494 Presbyteros,
1549 1430 1825 1492 refrigerare
1864 1431 2144 1492 Episcopum

179 1503 227 1549 in
264 1502 486 1550 honorem
518 1503 667 1551 Patris
702 1502 808 1550 lesu
846 1501 1016 1549 Christi
1053 1508 1100 1549 et
1134 1501 1494 1563 Apostolorum·
1544 1499 1672 1562 Rogo
1709 1514 1818 1558 voS,
1867 1506 1919 1547 ut
1950 1501 1998 1547 in
2033 1500 2143 1547 cari-

177 1578 269 1620 tate
303 1586 376 1620 me
409 1572 615 1631 audiatiS,
652 1587 710 1620 ne
748 1572 793 1619 in
830 1572 1140 1619 testimonium
1175 1571 1304 1619 vobis
1343 1573 1455 1629 sim,
1504 1570 1581 1633 qui
1614 1571 1732 1618 haec
1768 1570 1936 1618 scribo.
2009 1570 2142 1617 Orate

175 1642 310 1690 etiam
330 1656 416 1705 pro
436 1657 519 1701 me,
557 1643 635 1705 qui
665 1643 852 1691 caritate
883 1648 1034 1690 vestra
1057 1642 1239 1705 indigeo
1264 1642 1309 1689 in
1326 1640 1641 1690 misericordia
1660 1640 1753 1697 Dei,
1789 1646 1840 1687 ut
1868 1640 1966 1688 eius
1992 1639 2142 1700 digna-

173 1713 299 1760 tione
331 1720 504 1762 sortem
540 1713 663 1762 illam
693 1713 885 1776 adipisci
920 1726 1113 1771 merear,
1150 1727 1282 1776 quam
1321 1712 1506 1774 assequi
1544 1710 1785 1769 contend0‚
1825 1724 1882 1758 ne
1917 1709 2147 1773 reprobus

174 1794 388 1831 unvunar.

554 1921 670 1969 xm.
742 1923 916 1979 Valete,
952 1929 1082 1970 orate
1111 1936 1198 1983 pro
1233 1923 1428 1971 ecclesia
1464 1923 1649 1981 Syriae,
1687 1928 1767 1969 etc.

190 2064 199 2072 .
315 2019 490 2068 Salutat
521 2033 603 2067 vos
642 2019 843 2067 charitas
879 2019 1234 2081 Smyrnaeorum
1272 2025 1318 2065 et
1352 2018 1666 2096 Ephesiorum
1738 2018 1963 2065 Memores
1999 2024 2144 2065 estote

179 2090 227 2138 in
257 2088 471 2138 omnibns
506 2088 793 2136 orationibus
828 2090 992 2137 vestris
1029 2088 1279 2145 ecclesiae,
1337 2101 1452 2148 quae
1486 2094 1556 2135 est
1593 2089 1638 2134 in
1678 2086 1831 2148 Syria3
1884 2088 1939 2134 de
1977 2101 2065 2149 qua
2102 2095 2148 2134 et

181 2172 275 2206 non
311 2172 411 2207 snm
445 2158 625 2220 dignun,
661 2159 739 2220 qui
762 2158 903 2214 dicar,
939 2159 1016 2221 qui
1042 2159 1128 2205 sim
1156 2172 1315 2205 eorum
1334 2157 1534 2204 ultimus.
1583 2157 1765 2204 Valete
1755 2171 1801 2203 111
1824 2157 1927 2204 lesu
1948 2156 2146 2214 Christo,

179 2227 373 2277 subiecti
409 2228 629 2291 episeopo
663 2234 714 2275 ut
731 2227 811 2275 Dei
848 2235 1108 2291 praecepto,
1149 2235 1196 2274 et
1213 2227 1423 2274 similiter
1445 2226 1752 2289 presbyterio.
1795 2227 1859 2274 Ac
1884 2226 2144 2288 singillatim

179 2311 339 2347 mnes
374 2297 492 2346 alter
524 2297 714 2346 alterum
751 2297 924 2361 diligite
961 2298 1102 2345 corde
1143 2297 1379 2344 indiv.ulso
1449 2297 1687 2343 Lustratur
1724 2311 1749 2342 a
1787 2296 1915 2343 vohis
1953 2296 2142 2358 spiritus

175 2381 322 2425 mens,
358 2381 450 2415 non
487 2367 634 2414 solnm
672 2380 809 2425 nunc,
845 2367 929 2415 aed
966 2374 1013 2414 et
1049 2367 1231 2429 quando
1261 2367 1399 2413 Deum
1438 2372 1600 2412 nactus
1633 2366 1780 2413 suero.
1826 2365 1985 2412 Adhuc
2021 2366 2143 2412 enim

176 2437 221 2485 in
269 2436 475 2499 periculo
522 2449 713 2492 versun
760 2437 845 2484 aed
894 2436 1044 2484 fidelis
1092 2444 1163 2484 est
1200 2437 1333 2483 Pater
1383 2436 1428 2482 in
1463 2436 1566 2482 lesu
1604 2435 1808 2492 Christo,
1862 2442 1912 2481 ut
1958 2434 2146 2497 impleat

176 2506 441 2569 petitionem
477 2518 620 2554 meam
655 2512 703 2553 et
738 2513 959 2563 vestram3
1013 2508 1057 2553 in
1095 2520 1186 2567 quo
1224 2512 1333 2568 opto
1370 2511 1419 2552 ut
1455 2505 1745 2552 inveniamini
1782 2504 1880 2551 sine
1917 2504 2106 2551 macula.

314 2628 471 2679 ‘xm
541 2630 715 2680 Salutat
749 2646 831 2681 vos
870 2632 1036 2680 caritas
1075 2630 1430 2694 Smyrnaeorum
1467 2637 1513 2678 et
1546 2631 1866 2693 Ephesiorum.
1919 2630 2144 2679 Memores

178 2708 326 2751 estote
373 2702 421 2750 iu
465 2701 750 2750 orationibus
785 2702 949 2751 vestris
985 2702 1241 2758 Ecclesiae,
1295 2715 1411 2762 quae
1459 2707 1533 2749 est
1580 2702 1626 2748 in
1664 2701 1824 2763 Syria,
1879 2701 2009 2748 cuius
2060 2715 2146 2762 ego

177 2767 432 2821 membrum
466 2772 620 2820 vocari
656 2786 747 2821 non
779 2787 880 2820 sum
918 2772 1097 2835 diguus,
1137 2787 1238 2819 cum
1275 2772 1585 2819 sim-ultimus
1623 2772 1845 2834 ipsorum.
1909 2771 2059 2819 Valete
2101 2771 2147 2818 in

181 2841 286 2890 lem
321 2842 503 2889 Christo
537 2840 732 2890 subiecti
765 2841 1019 2905 Episcopo,
1058 2850 1269 2904 tanquam
1306 2849 1581 2904 praecepto,
1622 2841 1834 2888 similiter
1870 2847 1916 2887 et
1952 2840 2147 2901 Presby-

181 2911 317 2958 terio.
387 2910 442 2957 Bt
468 2910 728 2973 singillatim
747 2925 830 2959 voe
856 2913 1046 2960 invicem
1085 2913 1259 2973 diligite
1297 2912 1520 2959 indivulso
1560 2912 1715 2959 corde.
1784 2909 2029 2958 Purificate
2066 2924 2147 2956 vos

183 2991 333 3027 meum
369 2978 580 3041 spiritum
627 2993 719 3027 non
754 2980 893 3028 modo
929 2995 1075 3039 nunc,
1130 2982 1214 3029 sed
1261 2982 1395 3029 etiam
1444 2996 1547 3029 cum
1590 2982 1729 3028 Deum
1780 2985 1938 3025 nactus
1989 2979 2148 3036 suer03

183 3049 351 3096 etenim
387 3046 537 3096 adhuc
581 3050 629 3096 in
665 3049 873 3112 periculo
909 3064 1095 3108 vernon-3
1146 3051 1228 3099 sed
1264 3049 1413 3099 fidelis
1460 3058 1533 3099 est
1567 3051 1700 3098 Pater
1747 3050 1792 3096 in
1830 3049 1933 3095 lesu
1966 3047 2147 3095 Christo

183 3117 433 3181 adimplere
469 3117 735 3180 petitionem
766 3132 913 3168 meam
951 3125 997 3168 et
1031 3126 1255 3178 vestram,
1293 3120 1337 3167 in
1370 3135 1461 3183 quo
1500 3122 1599 3169 sine
1636 3118 1810 3168 macula
1847 3117 2148 3166 inveniamini.

950 3360 1392 3369 ———-———·-—-—ae=-——--——

1718 3776 1798 3818 11*
