2340 3900
311 202 406 252 196
580 200 788 250 IGNA'I'II
824 197 1096 246 EPISTOLA
1132 198 1202 245 AD
1239 198 1581 246 SMYRNAEOS.
1629 198 1699 245 XI.
1734 198 1823 244 XII.
1858 197 1972 243 XIII.

309 332 498 396 εὐδίαν,
547 332 630 383 καὶ
676 330 752 383 ότι
794 330 983 396 λιμένος
1027 328 1124 397 ήδη
1159 327 1446 426 ἐτύγχανεν10
1447 335 1560 417 τῇ
1572 333 1830 415 προσευχῇ
1841 325 1993 393 ὑμῶν
2070 326 2248 379 Τέλειοι

307 401 454 463 ὄντες,
489 401 640 452 τέλεια
676 401 757 452 καὶ
792 406 1026 468 φρονεῖτε.
1105 399 1371 452 Θέλουσιν11
1405 397 1496 470 γὰρ
1528 397 1643 466 ὖμῖν
1680 394 1964 464 εὐπράσσειν
1992 392 2162 457 Θεὸς”
2135 415 2247 447 ετοι-

307 492 396 537 μος
432 472 500 532 εἰς
535 468 588 522 τὸ
627 476 898 538 παρασχεῖν.

1036 587 1124 633 XII.

439 672 721 739 Ἀσπάζεται
771 673 898 763 ὑμᾶς
939 674 974 743 ἦ
1021 675 1182 746 ἀγάπη
1236 681 1331 728 τῶν
1379 673 1602 739 ἀδελφῶν
1644 678 1741 724 τῶν
1788 673 1839 724 ἐν
1881 670 2094 761 Τρωάδι,
2133 671 2254 725 οθεν

309 747 391 799 καὶ
424 746 597 816 γράφω
632 743 748 812 ὑμῖν
784 744 866 798 διὰ
901 744 1173 842 Βουρρου,1
1224 745 1281 798 ὃν
1335 742 1632 796 ἀπεστείλατε
1671 739 1772 808 μετ’
1822 742 1939 808 ἐμοῦ
1984 764 2082 810 αμα
2111 739 2254 808 Ἐφε-

311 818 456 879 σίοις,
489 822 589 877 τοῖς
625 814 852 882 ἀδελφοῖς
885 813 1048 883 υμῶν,
1089 815 1168 901 ὃςί
1204 812 1325 867 κατὰ
1360 833 1517 865 παντα
1553 833 1609 879 με
1645 811 1927 866 ἀνέπαυσεν.
1996 813 2096 864 Καὶ
2132 810 2256 878 ὤφε-

309 886 413 936 λον3
450 883 624 946 πάντες
660 884 809 938 αὐτὸν
845 883 1154 973 έμιμοῦντο,’
1140 882 1256 938 όντα
1281 881 1591 971 έξεμπλάριον
1618 883 1744 933 Θεοῦ
1766 884 2027 944 διακονίας
2090 880 2255 948 Ἀμεί-

309 969 453 1020 ψεται
489 952 638 1006 αὐτὸν
669 953 703 1021 ἦ
737 953 872 1024 χάρις
907 953 1028 1008 κατὰ
1061 954 1231 1010 πάντα.
1299 950 1592 1018 Ἀσπάζομαι
1613 949 1696 1002 τὸν
1727 948 1955 1013 ἀξιόθεον
1978 952 2256 1016 ἐπίσκοπον,

1193 587 1518 635 Salutationes.

310 1026 393 1076 καὶ
440 1026 854 1113 θεοπρεπέστατον
901 1025 1266 1095 πρεσβυτέριον,
1316 1020 1428 1083 τοὺς
1476 1020 1794 1082 συνδούλους·4
1840 1042 1936 1088 μου
1985 1019 2258 1084 διακόνους,
2319 1061 2323 1063 .

309 1095 392 1146 καὶ
444 1092 558 1155 τοὺς
606 1092 713 1146 κατ’
767 1093 922 1162 ἄνδρα
966 1096 1046 1147 καὶ
1096 1100 1237 1183 κοινῇ
1273 1090 1477 1154 πάντας,
1512 1092 1563 1142 ἐν
1601 1089 1800 1178 ὀνόματι
1827 1089 1988 1157 Ἰησοῦ
2026 1097 2258 1162 Χριστοῦ,

310 1165 393 1215 καὶ
430 1169 486 1235 τῇ
524 1165 664 1232 σαρκὶ
698 1163 847 1216 αὐτοῦ
880 1167 962 1217 καὶ
997 1170 1062 1235 τῷ
1099 1165 1287 1231 αι’ματι,
1325 1159 1478 1213 πάθει
1511 1181 1560 1212 τε
1593 1161 1674 1211 καὶ
1722 1158 2007 1225 ἀναστάσει,
2054 1166 2258 1248 σαρκικῇ

310 1253 361 1284 τε
397 1237 480 1286 καὶ
513 1240 835 1320 πνευματικὴ,
875 1235 928 1287 έν
964 1232 1213 1299 ὀνόματι,5
1249 1233 1300 1283 έν
1336 1228 1520 1297 ἕνότητι
1562 1233 1688 1282 Θεοῦ
1734 1230 1838 1282 καὶ6
1874 1228 2026 1298 ὖμῶν.

311 1300 450 1369 ὑμῖν,
487 1304 641 1367 ἕλεος,
680 1280 873 1374 εἰρήνη,
906 1301 1128 1371 υπομονὴ
1165 1299 1249 1354 διὰ
1283 1298 1477 1362 παντός.

1031 1436 1144 1483 XIII.
1218 1436 1546 1483 Salutationes.

444 1523 741 1592 Ἀσπαζομαι
774 1523 889 1587 τοὺς
920 1526 1089 1586 οἴκους
1121 1530 1218 1577 τῶν
1257 1522 1480 1588 ἀδελφῶν
1516 1543 1610 1590 μου
1634 1520 1723 1574 σὺν
1751 1523 1938 1592 γυναιξι
1962 1523 2045 1576 καὶ
2064 1523 2262 1592 τέκνοις,

2102 1229 2260 1301 Χαρις
2334 1236 2340 1275 ἐ

2334 1453 2340 1463 τ

313 1616 392 1646 και
429 1617 514 1656 τας
547 1595 849 1662 παρθένους,
881 1615 969 1656 τας
1005 1595 1259 1681 λεγομένας
1292 1592 1471 1679 χήρας)
1527 1591 1792 1679 ’Έρῤωσθέ
1835 1613 1915 1658 μοι
1965 1593 2018 1645 έν
2062 1568 2264 1681 δυνάμει

307 1662 621 1732 πνεύματοςῖ
684 1663 967 1726 Ἀσπάζεται
1004 1661 1131 1731 ὑμᾶς
1171 1667 1358 1726 Φίλων,
1362 1663 1380 1688 ³
1418 1660 1507 1714 σὺν
1542 1663 1647 1730 ἐμοὶ
1697 1660 1778 1715 ὤν.

315 1731 452 1786 οἷκον
482 1736 709 1797 Ταουΐας,
746 1733 811 1800 ἢν
847 1732 1046 1801 εὔχομαι
1085 1734 1329 1821 ἓδρᾶσθαι
1358 1733 1510 1784 πίστει
1544 1733 1626 1784 καὶ
1663 1730 1824 1821 ἀγαπη
1860 1738 2088 1823 σαρκικῇ
2098 1753 2148 1786 τε
2182 1733 2265 1785 καὶ

313 1810 628 1891 πνευματικῇ.
694 1802 990 1871 Ἀσπαζομαι
1010 1802 1245 1889 ”Αλκην,4
1282 1802 1335 1855 τὸ
1371 1800 1595 1869 ποθητόν
1642 1823 1737 1870 μου
1783 1823 1961 1869 ονομα,
2011 1803 2094 1856 καὶ
2128 1801 2267 1869 Δαφ-

313 1894 401 1924 νον
436 1871 521 1924 τὸν
558 1870 871 1941 ἀσύγκριτον,
907 1874 990 1925 καὶ
1028 1870 1277 1925 Εῧτεκνον
1311 1872 1393 1925 καὶ
1427 1871 1612 1934 πάντας
1637 1871 1743 1925 κατ’
1776 1871 1945 1940 ὄνομα
2001 1871 2268 1942 ’Έρρωσθε

316 1943 367 1994 έν
402 1940 554 2011 χάριτι
596 1944 739 1994 Θεοῦ.

402 2110 472 2163 10)
505 2111 625 2150 Forte
656 2108 867 2159 legendum
885 2103 1141 2164 ἐτύγχανον
1172 2122 1263 2150 cum

315 2166 498 2207 versione
528 2166 771 2206 Armeniaca.
827 2165 870 2204 H.
902 2165 964 2205 ed.
1000 2167 1059 2207 IV.

401 2223 468 2275 11)
523 2223 638 2262 Hunc
690 2221 821 2261 locum
880 2221 1264 2274 Semipelagianismi

315 2285 543 2331 suspectum
595 2279 714 2318 hahet
758 2278 1021 2328 Baumgarten
1043 2303 1065 2309 -
1087 2279 1262 2331 Crusius,

318 2335 461 2375 Lehlb.
499 2335 535 2374 d.
568 2335 705 2386 Dogm.
738 2333 781 2373 G.
812 2334 858 2383 ΙΙ,
898 2335 1017 2376 1107.

402 2417 496 2468 Cap.
520 2418 599 2457 XII.
663 2418 702 2469 1)
729 2413 900 2475 βύρὃυ
931 2418 1024 2460 CL.
1085 2419 1164 2459 Cfr.
1211 2420 1259 2460 ad

318 2473 418 2525 Eph.
451 2486 485 2512 c.
517 2473 577 2523 2.;
609 2473 658 2512 ad
690 2455 1006 2515 Philad.c.11.

403 2530 446 2579 2)
477 2526 528 2575 ὃς
559 2529 652 2578 CI,
683 2530 792 2581 quod
822 2530 1018 2581 expressit
1047 2530 1163 2571 etiam
1191 2532 1263 2571 Int.

324 2591 399 2625 vet.
429 2591 467 2624 et
495 2586 614 2633 Arm.
647 2582 722 2625 ὅτι
750 2585 863 2625 Voss.

403 2641 448 2692 3)
482 2635 665 2705 ω’φελον
699 2640 789 2679 dedi
827 2653 871 2680 ex
903 2640 957 2692 C,
1003 2641 1042 2681 in
1097 2655 1175 2694 quo
1208 2649 1268 2682 est

320 2693 512 2760 ὄᾳελον,
556 2690 592 2736 ὤ
633 2708 755 2747 supra
795 2709 897 2736 man.
942 2709 1022 2737 sec.
1082 2698 1266 2739 Editores

321 2752 502 2793 vossium
541 2751 667 2792 secuti
697 2752 893 2792 dederunt
924 2752 1136 2793 lectionem
1169 2754 1266 2795 Cod.

322 2809 351 2848 L
383 2803 567 2863 ὄφελον.

405 2878 449 2929 4)
478 2877 555 2918 καὶ
590 2884 679 2917 ante
729 2874 835 2923 τοὺς
878 2875 1163 2925 συνδούλους
1205 2880 1266 2920 in-

322 2940 459 2973 serunt
491 2933 630 2974 Smith.
662 2933 748 2973 Cot.
779 2933 933 2973 Russel.
973 2947 1061 2974 cum
1094 2941 1169 2975 vet.
1204 2936 1266 2975 ln—

322 2996 496 3040 terprete
528 2995 665 3029 contra
696 2989 903 3040 utriusque
933 2988 1094 3029 Codicis
1127 2998 1266 3032 aucto-

319 3046 488 3085 ritatem.
546 3045 673 3085 Etiam
703 3046 806 3084 Arm.
846 3049 879 3083 et
921 3047 1097 3086 {liaconis
1128 3050 1264 3089 sociis.

408 3115 451 3166 5)
481 3115 561 3154 Iam
585 3114 805 3166 praecessit
826 3110 1082 3170 ἒνόνόματι
1098 3115 1267 3169 [Ἰησοῦ

320 3171 568 3223 Χριστοῦ].
626 3171 761 3223 Itaque
780 3183 858 3209 non
882 3183 982 3221 opus
1004 3178 1064 3212 est
1083 3180 1264 3224 repetere

322 3226 391 3266 illa
420 3227 560 3277 verba,
601 3239 701 3278 quae
730 3227 793 3266 hic
831 3226 962 3266 locum
995 3241 1075 3267 non
1106 3229 1264 3270 hahent.

322 3282 499 3322 Delenda
529 3282 698 3334 proinde
728 3289 767 3322 et
794 3282 1008 3333 irreptitia,
1039 3285 1098 3324 vel
1133 3297 1178 3324 ex
1208 3286 1264 3324 si-

322 3337 544 3378 militudine
562 3338 810 3390 sequentium
840 3338 900 3377 vel
919 3340 1156 3390 repetitione
1177 3341 1263 3392 pri-

324 3405 450 3433 orum
512 3395 683 3434 Vossius.
757 3394 870 3446 Apud
932 3395 1262 3460 interpolatorem

323 3448 450 3489 Codd.
480 3462 634 3489 summo
666 3460 884 3490 consensu:
925 3446 1070 3492 πάθει
1105 3465 1154 3493 τε
1186 3453 1262 3492 καὶ

322 3500 598 3554 ἀναστάσει,
641 3507 835 3564 σαρκικῇ
867 3517 918 3547 τε
947 3506 1024 3546 καὶ
1053 3520 1261 3565 πνευμα-

322 3561 427 3617 τικῇ
457 3556 641 3614 ἑνότηιι
677 3563 794 3604 Θεοῦ
830 3561 908 3603 καὶ
936 3559 1080 3619 ὑμων.
1114 3564 1193 3605 Iac.

1406 2107 1449 2161 6)
1482 2110 1524 2149 ln
1560 2109 1587 2150 C
1619 2109 1696 2151 καὶ
1726 2123 1829 2152 man.
1859 2123 1940 2152 sec.
1977 2118 2082 2153 textu
2121 2125 2264 2166 super-

1321 2165 1511 2205 addit.um

1406 2220 1501 2273 Cap.
1531 2223 1628 2263 XIII.
1692 2223 1732 2274 1)
1762 2223 1820 2264 Ita
1860 2223 1976 2265 etiam
2018 2231 2094 2266 vet.
2126 2226 2199 2266 Int.
2229 2231 2267 2265 et

1319 2279 1422 2318 Arm.
1470 2279 1632 2319 Rectum
1654 2279 1801 2320 habere
1822 2279 1978 2321 videtur
1997 2281 2267 2350 Interpolator

1321 2334 1397 2375 καὶ
1433 2332 1786 2391 ἀειπαρθένους,
1817 2335 1894 2377 καὶ
1924 2335 2008 2384 τὰς
2028 2334 2192 2395 χήρας.

1404 2391 1447 2443 2)
1478 2391 1523 2430 Η.
1544 2392 1605 2431 ed.
1626 2392 1685 2431 IV.
1702 2388 1883 2448 πατρός
1902 2406 1990 2434 cum
2011 2397 2266 2446 vet.1nterpr.

1322 2453 1360 2486 et
1390 2446 1572 2487 versione
1600 2447 1842 2487 Armeniaca.

1408 2502 1452 2554 3)
1485 2502 1569 2542 Vid.
1599 2515 1720 2554 supra
1752 2516 1785 2543 c
1820 2504 1882 2544 10.

1408 2558 1451 2609 4)
1483 2554 1625 2611 ἄλκην
1655 2559 1697 2598 C.
1755 2559 1907 2600 Eodem
1945 2562 2066 2602 modo
2111 2561 2151 2602 id
2191 2575 2267 2603 no—

1326 2627 1415 2654 men
1448 2614 1637 2654 sciihitur
1673 2615 1712 2654 in
1743 2615 1771 2655 L
1814 2623 1916 2657 teste
1949 2618 2269 2660 Tischendorfio.

1324 2670 1421 2709 Dein
1454 2667 1505 2710 τὸ
1537 2666 1758 2738 ποθητόν
1786 2686 1879 2727 μου
1906 2668 2056 2730 ὄνομα
2087 2674 2115 2714 C
2139 2675 2182 2724 L,
2217 2673 2268 2716 τὸ

1323 2721 1537 2791 ποθητόν
1575 2740 1659 2782 μοι
1700 2724 1854 2796 ὄνομα
1889 2730 2002 2771 Voss
2033 2729 2119 2771 Cot.
2150 2731 2269 2772 Voce

1324 2780 1400 2822 καὶ
1448 2777 1650 2838 Δάφνον
1699 2781 1782 2826 τὸν
1830 2781 2146 2856 ἀσύγκριτρι,
2191 2787 2270 2827 καὶ

1322 2830 1557 2880 Εὕτεκνον
1606 2838 1682 2878 καὶ
1732 2853 1915 2888 παντας
1961 2840 2066 2884 κατ’
2119 2838 2269 2899 ὄνομα

1323 2894 1486 2933 Vossius
1512 2893 1650 2934 Codici
1673 2895 1701 2936 Ι
1708 2897 1939 2938 aurentiano
1969 2898 2120 2939 librarii
2149 2900 2267 2965 culpa

1325 2950 1519 2990 excidisse
1554 2951 1657 2990 salso
1689 2953 1844 2993 asserit.
1901 2954 2055 2995 Adsunt
2097 2956 2201 2996 enim
2227 2955 2266 2995 in

1323 3006 1351 3045 Ι
1385 3012 1422 3046 et
1454 3005 1496 3057 C,
1526 3014 1874 3062 agnoscunturque
1905 3010 1955 3050 ab
1975 3011 2267 3063 Interpolatore

1323 3068 1362 3102 et
1399 3063 1471 3102 Int.
1514 3070 1588 3103 vet.
1632 3064 1822 3104 Smithius
1861 3078 1905 3105 ex
1943 3066 2055 3108 Rom.
2099 3067 2169 3118 16,
2204 3069 2267 3109 14.

1321 3118 1575 3159 selihendum
1604 3125 1717 3171 putat
1738 3116 2048 3186 Ἀσύγκριτον.

1409 3175 1452 3226 5)
1484 3175 1554 3215 His
1587 3176 1718 3215 verbis
1742 3177 1957 3217 subiicitur
1985 3177 2024 3217 in
2056 3177 2154 3219 Cod.
2185 3179 2266 3219 Me-

1323 3230 1437 3270 diceo
1475 3232 1906 3274 ΣΜῩΡΝΑΙΟΙΣ
1935 3234 2075 3275 ΛΠΟ
2120 3234 2266 3275 ΤΡΩ-

1320 3286 1506 3327 ΛΔΟΣ.
1566 3288 1706 3327 Verum
1741 3294 1870 3327 autem
1900 3300 1980 3328 non
2005 3290 2195 3342 estquod
2224 3291 2264 3331 in

1320 3341 1425 3381 notis
1475 3342 1524 3381 ad
1566 3343 1670 3382 hunc
1723 3343 1854 3383 Iocum
1905 3346 2047 3384 asserit
2087 3346 2263 3396 vossius,

1321 3398 1502 3436 omnibus
1518 3398 1710 3449 Epistolis
1741 3398 1833 3438 addi
1864 3399 1914 3439 ad
1945 3412 2045 3451 quos
2060 3402 2139 3442 sint
2169 3414 2263 3454 per-

1318 3452 1503 3504 scriptae.
1560 3454 1618 3493 Ad
1650 3454 1768 3494 finem
1796 3454 1897 3506 Epp.
1932 3456 1981 3495 ad
1998 3457 2262 3510 Polycarpum

1319 3514 1357 3547 et
1376 3509 1426 3547 ad
1449 3509 1723 3559 Magnesianos
1751 3510 1912 3562 quidem
1933 3512 2025 3552 talis
2046 3513 2262 3565 epigraphe

1318 3563 1484 3615 legitu13
1521 3565 1695 3605 caeteris
1719 3572 1848 3606 autem
1881 3567 2004 3608 deest.
2048 3568 2260 3610 1ac.InC

1838 1662 2135 1730 Ἀσπάζομαι
2181 1661 2267 1715 τὸν
2335 1675 2340 1684 “
