2340 3900
126 164 227 216 318
394 168 602 216 IGNATII
640 164 912 212 EPISTOLA
944 165 1014 210 ΑΙ)
1054 165 1338 215 ΗΕΒΟΝΕΜ.
1385 169 1451 216 VI.
1488 170 1577 216 VII.
1615 170 1725 216 VIII.
1763 171 1833 217 IX.

121 299 313 368 Ἰησοῦς
355 295 602 389 X926169.2
637 292 733 360 Μὴ
768 299 889 346 πᾶσι
923 296 1144 360 πίστευε,
1205 295 1274 364 μὴ
1322 301 1458 350 πᾶσι1
1507 296 1711 367 θάῤῥει,
1765 299 1888 366 μηδὲ
1924 297 1987 351 ἄν
2019 321 2092 363 τις

123 367 470 451 υποκορίζηταί
503 380 576 415 σε·
583 363 804 415 12πολλοὶ
836 360 928 432 γάρ
963 365 1086 417 εἰσιν
1119 365 1353 434 ὑπηρέται
1387 373 1474 419 τοῦ
1510 373 1734 420 Σατανᾶ·
1786 368 1872 419 καὶ
1906 365 1937 419 6
1972 389 2087 436 ταχυ

121 433 428 505 ἐμπιστεύων,
465 438 655 498 κοῦφος
689 438 747 504 τῇ
780 435 972 504 καρδία.

259 568 350 613 VII.
423 557 665 624 Μέμνησο
699 560 787 609 τοῦ
829 556 981 626 Θεοῦ,
1035 557 1115 609 καὶ
1161 555 1247 645 οὐχ
1295 556 1586 646 ἆμαρτήσεις
1620 560 1747 612 ποτέ.
1815 557 1911 626 Μὴ
1945 560 2087 649 γίνου

120 633 329 696 δίψυχος
365 627 417 678 ἐν
450 629 692 714 προσευχῇ
729 643 846 678 σου·
883 602 1119 714 μακάριος
1151 625 1242 696 γὰρ
1281 625 1310 679 6
1330 626 1395 694 μὴ
1421 626 1662 688 διστάσας.
1734 627 1960 681 Πιστεύω
1992 627 2086 718 γὰρ

120 702 188 760 εἷς
233 697 319 750 τὸν
358 697 554 763 Πατέρα
603 701 690 747 τοῦ
743 697 934 783 Κυρίου
975 693 1139 782 Ἰησοῦ
1176 702 1419 765 Χριστοῦ,
1468 699 1552 749 καὶ
1598 699 1665 757 εἰς
1712 695 1798 748 τὸν
1844 700 2083 782 μονογενῆ

125 765 270 830 Τίον,
322 766 399 818 ότι
434 767 573 827 δείξει
630 784 712 831 μοι
760 762 789 816 6
831 762 953 826 Θεὸς
986 762 1190 833 ’Ήρωνα
1224 767 1304 817 ἐπὶ
1339 772 1425 817 τοῦ
1462 764 1650 832 θρόνου
1686 783 1810 832 μου·
1866 765 2085 836 πρόσθες

117 831 208 890 οῦν
245 836 322 888 ἐπὶ
366 840 433 905 τῷ
482 832 660 906 δρόμω.
728 833 1051 923 Παραγγέλλω
1086 851 1163 886 σοι
1213 835 1291 886 ἐπὶ
1336 840 1422 886 τοῦ
1468 837 1596 886 Θεοῦ
1650 840 1746 887 τῶν
1799 833 1953 922 ολων,
1998 839 2078 890 καὶ

115 908 195 958 ἐπὶ
230 911 316 957 τοῦ
355 909 601 987 Χριστοῦ,
652 903 893 989 παρόντος
925 903 1006 956 καὶ
1056 909 1142 955 τοῦ
1176 901 1340 972 Ἀγίου
1380 903 1694 970 Πνεύματος,
1741 905 1823 956 καὶ
1858 911 1956 957 τῶν
1990 912 2081 958 λει-

114 980 382 1062 τουργικῶν
411 970 689 1062 ταγμάτων·
726 969 946 1059 φύλαξόν
974 993 1067 1061 μου
1102 970 1190 1059 τὴν
1225 972 1537 1057 παραθήκην,
1574 971 1639 1039 ἢν
1654 971 1748 1042 ἐγώ
1782 974 1866 1025 καὶ
1898 971 1929 1027 6
1964 977 2080 1043 Χρι-

117 1043 229 1107 στὸς
265 1040 585 1113 παρεθέμεθα
620 1059 722 1106 σοι,
769 1043 853 1094 καὶ
887 1039 953 1108 μὴ
987 1039 1160 1093 ἑαυτὸν
1204 1040 1402 1104 ἀνάξιον
1439 1044 1607 1131 κρίνῃς
1643 1048 1739 1094 τῶν
1772 1043 2076 1110 δειχθέντων1

117 1116 227 1200 περὶ
262 1119 351 1167 σοῦ
384 1118 451 1184 τῷ
494 1115 618 1183 Θεῷ.
679 1113 1001 1198 Παρατίθημί
1036 1128 1113 1162 σοι
1147 1108 1236 1177 τὴν
1271 1111 1528 1178 ἐκκλησίαν
1563 1111 1850 1178 Αντιοχέων.
1917 1113 2079 1167 Πολυ-

115 1181 309 1256 κάρπωὲ
345 1164 630 1251 παρεθέμην
663 1178 793 1248 ὑμᾶς
825 1181 878 1233 ἑν
914 1181 1084 1251 Κυρίῳ
1111 1177 1273 1247 Ἰησοῦ
1312 1185 1520 1251 Χριστῷ.

255 1315 363 1360 VIII.
428 1303 748 1368 Ἀσπάζονταί
779 1320 833 1357 σε
869 1305 920 1357 οἱ
946 1304 1200 1357 ἐπίσκοποι
1228 1301 1503 1371 Ὀνήσιμος,
1544 1307 1705 1369 Βίτος,
1742 1304 1889 1374 Δᾶμα
1977 1310 2080 1360 Πο-

115 1374 307 1463 λύβιος,
352 1376 436 1428 καὶ
468 1373 644 1437 πάντες
687 1372 795 1427 οἷ’
769 1370 866 1427 απὸ
908 1374 1163 1426 Φιλίππων
1197 1373 1249 1425 ἐν
1289 1377 1507 1461 Χριστῷ,
1560 1373 1683 1427 οθεν
1717 1376 1799 1428 καὶ
1835 1375 2079 1430 ἐπέστειλα

115 1464 207 1498 σοι.
249 1443 497 1497 ’Ἄσπασαι
534 1441 588 1497 τὸ
607 1443 936 1534 θεοπρεπὲς
931 1443 1288 1512 πρεσβυτέριον.
1349 1448 1579 1495 Ασπασαι
1616 1465 1732 1507 τους
1762 1442 1953 1531 ἇγίους
1967 1463 2077 1500 συν-

117 1513 382 1576 διακόνους
416 1517 551 1580 σου,1
590 1534 660 1565 ων
697 1510 789 1582 ἐγω
825 1515 1031 1580 οναίμην
1077 1512 1129 1564 ἐν
1171 1517 1392 1583 Χριστῷ,
1443 1515 1586 1597 σαρκί
1629 1535 1679 1566 τε
1713 1515 1796 1567 καὶ
1830 1536 2079 1605 πνευματι.

101 1583 349 1636 ’Ἄσπασαι
383 1581 469 1635 τὸν
505 1558 623 1634 λαὸν
630 1584 858 1667 Κυρίου,
897 1581 994 1633 ἀπὸ
1030 1587 1205 1650 μικροῦ
1242 1567 1344 1643 ἕως
1363 1580 1570 1669 μεγάλου
1604 1581 1712 1635 κατ’
1755 1604 1940 1652 ονομα,
1989 1606 2079 1648 ους

111 1655 418 1739 παρατίθημί
451 1669 552 1716 σοι,
605 1673 671 1713 ως
710 1656 905 1718 Μωσῆς
933 1650 1095 1737 Ἰησοῦ
1129 1656 1196 1721 τῷ
1231 1649 1331 1717 μετ’
1383 1649 1532 1703 αυτὸν
1567 1659 1840 1721 στρατηγῷ·
1887 1655 1971 1707 καὶ
2005 1653 2075 1723 μή

112 1741 192 1775 σοι
205 1728 362 1810 φανῇ
398 1719 524 1807 βαρὺ
559 1719 612 1772 τὸ
648 1721 843 1787 λεχθέν·
884 1721 928 1771 εἰ
959 1717 1049 1789 γὰρ
1085 1722 1168 1772 και
1203 1718 1270 1786 μή
1303 1720 1442 1787 ἐσμεν
1478 1727 1714 1788 τοιοῦτοι,
1754 1720 1850 1775 οἷοι
1885 1724 2077 1790 ἐκεῖνοι,

111 1790 218 1844 ἀλλ’
260 1794 351 1844 οὐν
384 1811 437 1860 γε
454 1787 716 1876 τευχόμεθα
737 1789 992 1876 γενεσθαι,
1029 1786 1197 1855 ἐπειδὴ
1233 1790 1315 1841 καὶ
1347 1796 1432 1841 τοῦ
1437 1787 1680 1877 Ἀβραάμ
1700 1763 1881 1880 ’ἒσμεν,
1890 1796 2073 1855 παῖδες.

122 1866 255 1927 Ισχυε
291 1880 396 1927 ουν,
437 1880 475 1910 ω
494 1857 680 1946 ’Ήρων,
716 1855 941 1945 ἦρωϊκῶς
975 1858 1058 1909 καὶ
1094 1856 1358 1945 ἀνδρικῶς·
1396 1876 1458 1910 συ
1489 1881 1582 1928 γαρ
1620 1859 1819 1923 είσάξεις
1855 1859 1952 1914 ἇπό
1987 1869 2074 1915 τοῦ

108 1936 201 1982 νῦν
235 1930 319 1982 καὶ
355 1905 532 1991 ἐξάξεις
566 1926 651 1979 τὸν
686 1910 805 1979 λαὸν
839 1928 1030 1995 Κυρίου
1065 1925 1150 1979 τὸν
1186 1927 1238 1979 ἔν
1265 1924 1556 1998 Ἀντιοχεία,
1606 1930 1690 1982 καὶ
1722 1929 1814 1983 οὐκ
1850 1932 1981 1984 ἔσται
2014 1929 2071 1999 »15²

112 1995 367 2069 συναγωγὴ
406 1999 596 2066 Κυρίου
630 1994 698 2059 ὥς
731 1993 967 2066 πρόβατα,
1004 1990 1079 2058 οἷς
1114 1994 1207 2049 οὐκ
1243 1996 1340 2049 ἔστι
1374 1996 1573 2064 ποιμήν.

251 2135 321 2182 IX.
376 2125 624 2181 ’Ἄσπασαι
660 2124 942 2181 Κασσιανόν
976 2124 1061 2179 τὸν
1095 2127 1233 2190 ξένον
1268 2148 1379 2193 μου,
1416 2128 1498 2181 καὶ
1536 2123 1627 2212 τὴν
1640 2127 1970 2224 σεμνοτατην
1989 2153 2074 2185 αυ-

109 2205 195 2252 τοῦ
234 2195 489 2285 ὄμόζυγον,
525 2199 608 2251 καὶ
639 2196 698 2250 τὰ
733 2200 938 2263 φίλτατα
974 2195 1136 2250 αὐτῶν
1170 2197 1383 2250 παιδία·1
1422 2194 1563 2259 οἷςδ
1558 2193 1659 2318 gn?
1696 2219 1723 2250 ο
1754 2197 1881 2261 Θεὸς
1908 2208 2079 2292 ευρεῖν,

1590 2288 1640 2318 ια

107 2270 239 2320 ἔλεον
262 2266 394 2335 παρὰ
414 2270 621 2336 Κυρίου,
661 2268 713 2319 ἐν
749 2268 916 2355 ἐκείνῃ
937 2272 995 2337 τῇ
1024 2263 1178 2338 ἡμέρα
1201 2268 1287 2333 τῆς
1312 2265 1429 2328 εἰς’
1395 2274 1526 2334 ημᾶς
1642 2268 1833 2331 κονίας
1874 2290 1963 2332 ους
1987 2269 2070 2323 καὶ

105 2338 413 2424 παρατίθημί
447 2354 526 2388 σοι
561 2339 614 2389 ἐν
639 2341 845 2407 Χριστῷ.
890 2335 1138 2387 ’Ἄσπασαι
1168 2335 1283 2398 τοὺς
1300 2337 1351 2388 ἐν
1370 2338 1660 2389 Λαοδικείοι3
1695 2336 1897 2400 πιστοῦς
1920 2361 2071 2393 απαν·

106 2426 191 2466 τας
225 2405 332 2457 κατ’
385 2402 539 2491 ὄνομα
590 2407 643 2457 ἐν
683 2410 890 2474 Χριστῷ.
966 2411 1075 2456 Τῶν
1111 2406 1163 2456 ἐν
1205 2411 1376 2492 Ταρσῷ
1414 2404 1479 2472 μὴ
1531 2405 1561 2456 ἆ
1620 2412 1718 2469 λει,
1767 2405 1888 2459 ἀλλὰ
1933 2427 2070 2461 συνε·

105 2475 322 2561 χέστερον
358 2472 536 2535 αὐτοὺς
570 2475 807 2560 ἒπίβλεπε,
847 2475 1156 2560 ἐπιστηρίζων
1190 2472 1369 2535 αὐτοὺς
1410 2476 1497 2536 εἰς·ι
1531 2474 1586 2527 τὸ
1624 2473 1909 2544 εὐαγγέλιον.
1953 2477 2068 2529 Μά-

109 2564 186 2611 ριν
219 2541 303 2595 τὸν
341 2544 393 2594 ἐν
432 2543 674 2595 Νεαπόλει
725 2546 804 2631 τῇ
830 2541 953 2630 πρὸς
981 2542 1261 2625 Ἀναζαρβω
1294 2543 1583 2606 ἐπίσκοπον,
1635 2545 1980 2639 προσαγορεύω
2015 2547 2068 2599 ἐν

108 2614 291 2700 Κυρίω.
360 2612 606 2698 Πρόσειπε
641 2612 693 2664 δὲ
727 2612 810 2663 καὶ
844 2610 934 2677 τὴν
967 2609 1260 2678 σεμνοτάτην
1283 2614 1504 2699 Μαρίαν,
1548 2610 1657 2679 τὴν5
1691 2615 1938 2701 θυγατέρα
1972 2636 2066 2683 μου

106 2679 196 2749 τὴν
227 2680 673 2768 πολυμαθεστᾶτην,
710 2681 794 2732 καὶ
826 2679 917 2747 τὴν
952 2679 1059 2733 κατ’
1102 2676 1239 2732 οἶκον
1274 2679 1425 2747 αὐτῆς
1461 2658 1732 2768 ἐκκλησίαν,
1766 2676 1829 2749 ἦς
1865 2683 2065 2750 ἀντίψυ-

105 2772 190 2819 χον
224 2753 476 2821 γενοίμην,
525 2748 587 2803 τὸ
617 2746 927 2817 ἔξεμπλάριον
975 2755 1072 2801 τῶν
1108 2747 1320 2816 ευσεβῶν
1354 2756 1612 2820 γυναικῶν.
1677 2749 1980 2821 ’Υγιαίνοντά
2014 2772 2067 2807 σε

193 2948 287 3000 Cap.
321 2949 382 2988 VI.
446 2945 487 3013 1)
518 2947 669 2990 πᾶσιν
697 2967 755 2974 -
786 2947 933 2988 πᾶσιν
961 2948 992 2987 Ο
1013 2912 1054 2988 V.
1117 2947 1147 2987 Ο
1173 2947 1212 2986 V.
1245 2947 1300 2988 Ea
1336 2948 1557 2990 desiderari
1588 2963 1727 2992 manus
1760 2965 1841 2993 sec.
1871 2950 1911 2992 in
1940 2965 2064 3004 marg.

192 3004 237 3052 2)
269 2996 615 3060 ὑποκορύζηταί
644 3010 695 3043 σε
727 3002 817 3042 OV.
1115 3002 1274 3044 Codicis
1308 3005 1339 3044 Ο
1377 3018 1493 3046 cruce
1525 3008 1708 3059 apposita
1742 3006 1960 3049 admonere
1991 3021 2063 3049 vo-

191 3059 287 3111 Cap.
329 3060 406 3100 VII.
469 3057 511 3111 1)
552 3055 823 3112 δοχθέντων
863 3059 893 3098 Ο
918 3059 966 3109 V,
1015 3060 1053 3099 in
1114 3058 1236 3099 luisse
1267 3060 1433 3100 videtur.

112 3115 255 3167 quibus
288 3114 400 3156 deest
431 3115 496 3181 τῷ
525 3119 615 3154 ante
646 3113 757 3181 θεῷ,

194 3171 238 3223 2)
270 3166 574 3224 πολυκάρπου
603 3169 634 3210 0
656 3169 721 3219 V‚-·
722 3169 783 3209 in
814 3169 887 3210 illo
921 3183 1054 3211 emen·
1201 3168 1247 3218 8)
1278 3170 1555 3221 Ecc1.19‚4.

111 3226 255 3267 datum.
1199 3224 1294 3275 Cap.
1328 3226 1405 3266 VII.
1468 3228 1509 3278 1)
1539 3228 1616 3267 lac.
1654 3228 1689 3278 1,
1724 3230 1763 3270 6.
1793 3231 1831 3271 8.

191 3282 286 3334 Cap.
317 3282 414 3321 VIII.
478 3281 518 3331 1)
544 3294 637 3338 μου
664 3281 707 3320 Β.
1199 3280 1242 3330 2)
1272 3283 1397 3323 nostri
1431 3295 1508 3323 om.
1539 3282 1622 3322 Pal.

191 3335 292 3390 2)ἡ
323 3350 399 3376 om.
432 3336 462 3376 Ο
489 3336 528 3376 V.
1196 3335 1243 3385 3)
1274 3336 1456 3386 hyrenem
1487 3337 1571 3377 Pal.
1613 3338 1655 3377 In
1685 3337 1779 3389 Reg.
1811 3339 1912 3380 ordo
1949 3353 2060 3381 voce.

191 3393 287 3444 Cap.
317 3393 378 3432 lx.
441 3393 482 3442 1)
513 3389 709 3434 παιδεία
740 3390 830 3432 OV.
1112 3392 1154 3429 in
1185 3392 1274 3430 sede
1305 3403 1392 3431 mea
1424 3393 1611 3432 hironem.

191 3448 237 3500 2)
268 3443 414 3489 δώσει
444 3447 475 3487 Ο
499 3448 541 3488 V.
1195 3444 1241 3496 4)
1273 3447 1414 3497 spiritu
1452 3452 1582 3488 sancto
1612 3453 1763 3500 transp.
1797 3449 1879 3491 Pal.
1910 3451 2003 3502 Reg.

189 3504 234 3553 3)
270 3499 485 3544 λαοδικία
518 3503 550 3543 Ο
579 3504 621 3543 V.
1199 3501 1242 3550 5)
1276 3501 1413 3540 ITim.
1448 3503 1486 3551 6,
1517 3503 1584 3543 20.

195 3559 239 3609 4)
278 3558 345 3605 εἰς
377 3558 490 3598 deest
523 3558 563 3597 in
599 3558 689 3598 OV.
1195 3553 1240 3608 6)
1275 3556 1383 3596 Iesus
1416 3569 1493 3598 om.
1523 3558 1606 3598 Pal.
1637 3559 1731 3610 Reg.

193 3613 237 3665 5)
268 3614 386 3654 Voce.
404 3614 618 3668 Μαρίαν,
638 3611 720 3668 τὴν
735 3625 816 3654 non
832 3618 1054 3666 agnoscunt
1195 3610 1240 3662 7)
1271 3612 1494 3654 comdamus
1527 3611 1621 3667 (sie)
1648 3614 1742 3666 Reg.

2304 3559 2329 3754 >rm-*nv
2307 3493 2331 3522 ‚r
2308 3454 2314 3466 ·-

2308 3755 2324 3794 Rs
