2340 3900
186 195 280 234 mv
720 180 789 226 DE
827 177 1058 226 HERMAE
1095 178 1183 228 GR.
1223 178 1358 225 LlPS.
1393 178 1593 225 FONTE.

188 331 266 372 tus
304 323 640 370 ornamentum
679 314 775 364 vis.
810 313 883 364 IV.
928 329 1029 378 cap.
1065 313 1110 364 3.
1144 312 1418 364 inventum:
1474 310 1608 380 ποίῳ
1643 307 1843 380 τρόπῳ,
1893 308 2023 376 quod
2059 310 2152 360 La-

186 390 277 440 tini
320 382 518 453 τρόπου
565 391 613 434 et
655 379 821 434 τόπου
854 382 1083 433 vocabula
1114 377 1461 432 confundentes
1497 384 1704 432 reddunt
1751 397 1875 447 „quo
1910 379 2048 429 loco“
2081 380 2155 429 vel

187 474 361 524 „quem
414 457 463 505 in
507 455 709 504 locum.“
793 451 967 513 Periit,
1002 452 1224 517 inquam:
1285 468 1342 501 ex
1389 452 1555 501 codice
1600 451 1728 501 enim
1779 466 1867 499 suo
1921 447 1973 497 in
2024 448 2152 498 Atho

189 532 357 577 monte
403 523 678 574 Simonides
727 522 857 572 fideli
901 536 1047 570 manu
1097 521 1255 571 hausit
1299 521 1433 589 ποίῳ
1469 516 1626 590 τόπῳ.
1700 519 1841 580 Quod
1874 517 1952 567 vix
1986 516 2153 567 dubito

192 595 307 661 quin
357 595 566 644 Graecus
622 592 774 642 codex
826 606 937 640 cum
985 597 1059 640 tot
1105 590 1211 639 aliis
1258 607 1284 639 e
1319 591 1491 639 Latino
1528 587 1840 639 assumserit:
1890 585 1986 636 nisi
2024 585 2154 653 quod

191 664 327 729 origo
360 662 518 713 Latini
555 661 696 711 huius
731 660 835 711 vitii
871 660 922 709 in
955 659 1296 710 vetustioribus
1332 659 1527 709 Graecis
1566 657 1835 725 quaerenda
1870 662 1960 706 est.

328 731 543 796 Denique
586 746 700 781 vero
759 729 800 779 si
837 728 950 795 quid
986 729 1225 778 momenti
1257 729 1552 793 argumentis
1591 727 1778 776 nostris
1815 725 1985 775 deesse
2019 724 2153 774 vide-

190 802 332 863 bitur,
365 801 414 850 id
449 815 594 849 omne
631 803 949 865 compensant
983 798 1078 848 loci
1114 798 1222 859 duo,
1261 797 1432 864 quibus
1470 813 1587 862 quae
1624 796 1675 845 in
1699 796 1935 845 Graecum
1970 799 2155 844 textum

190 871 305 919 vitia
356 868 614 930 transiere,
667 884 770 918 non
820 873 1028 933 possunt
1072 882 1174 916 non
1224 883 1280 916 ex
1325 866 1510 916 Latinis
1549 864 1768 916 derivari.
1837 863 1984 925 Alter,
2020 862 2155 912 cuius

190 939 286 988 iam
324 954 467 1003 supra
503 938 688 988 mentio
725 937 901 987 iniecta
937 942 1031 998 est,
1067 936 1269 986 habetur
1303 936 1397 984 Vis
1434 935 1512 997 ΙΙΙ,
1551 935 1595 985 3.
1629 932 1931 998 πανοῦργος
1964 924 2014 982 εἷ
2040 927 2156 995 περὶ

189 1002 283 1066 τὰς
327 1001 562 1072 γραφάς,
625 1007 776 1073 quod,
827 1021 974 1071 quum
1022 1006 1081 1055 de
1127 1005 1250 1054 turri
1297 1005 1492 1069 eiusque
1543 1003 1810 1053 rationibus
1862 1017 2027 1052 sermo
2078 1001 2155 1061 sit,

189 1076 551 1142 ineptissimum
598 1082 686 1126 est.
755 1075 912 1124 Fluxit
960 1090 1073 1123 vero
1120 1073 1232 1123 inde
1282 1074 1409 1139 quod
1446 1074 1608 1138 plures
1643 1072 1802 1122 Latini
1838 1070 2058 1132 codiceS,
2103 1070 2156 1138 in

191 1146 363 1212 quibus
407 1146 552 1195 etiam
596 1144 851 1195 Vaticanus
898 1150 973 1193 est
1018 1142 1271 1204 Dresselii,
1316 1158 1416 1191 non
1461 1142 1578 1191 item
1614 1141 1881 1202 Palatinus,
1926 1140 2158 1205 praebent

188 1221 466 1278 „versutum
518 1220 567 1264 te
619 1230 726 1264 esse
776 1213 905 1262 circa
955 1212 1259 1276 scripturas“,
1309 1211 1524 1260 confusis
1572 1211 1748 1277 quippe
1793 1209 1953 1261 verbis
2000 1209 2159 1271 „circa

190 1283 487 1334 structuras“
518 1311 585 1318 —-
622 1283 682 1332 de
719 1281 918 1346 singulis
956 1280 1275 1330 aedificandae
1310 1281 1458 1330 turris
1495 1279 1763 1329 rationibus
1798 1279 1976 1346 agitur,
2017 1294 2159 1345 quam

190 1351 242 1402 in
289 1368 395 1402 rem
459 1349 728 1417 οἰκοδομαί
774 1353 847 1401 vel
894 1350 1051 1400 simile
1098 1350 1211 1415 quid
1259 1350 1317 1399 ab
1365 1356 1559 1399 auctore
1598 1349 1743 1398 scribi
1779 1355 1972 1414 poterat
2006 1376 2076 1384 —
2110 1355 2160 1398 et

190 1420 345 1482 „circa
401 1421 705 1486 scripturas.“
785 1421 915 1480 Quae
974 1418 1191 1468 confusio
1251 1425 1304 1468 ut
1367 1419 1418 1468 in
1466 1418 1651 1468 Latinis
1698 1417 1922 1468 facillime
1967 1424 2160 1483 poterat

191 1489 311 1552 fieri,
346 1489 414 1539 ita
449 1490 500 1539 in
537 1489 731 1540 Graecis
768 1489 873 1539 fieri
909 1504 1112 1554 prorsus
1144 1488 1386 1554 nequibat,
1419 1488 1514 1537 nisi
1552 1488 1592 1537 si
1630 1487 1738 1553 quis
1774 1486 1944 1537 Latina
1977 1487 2156 1538 Graece

191 1564 414 1608 verteret.

332 1628 445 1677 Plus
483 1627 653 1689 etiam,
690 1627 731 1676 si
769 1626 873 1676 fieri
907 1632 1085 1691 potest,
1120 1626 1242 1675 alter
1276 1627 1410 1676 locus
1446 1626 1583 1675 valet.
1644 1625 1738 1675 Vis.
1780 1625 1841 1687 ΙΙ,
1885 1625 1929 1676 3.
1978 1626 2159 1677 Graece

193 1695 428 1761 scriptum
477 1702 570 1746 est:
628 1691 788 1762 Ἐρεῖς
843 1691 898 1745 δὲ
946 1693 1174 1762 Μαξίμῳ
1214 1688 1352 1745 Ἰδοὺ
1411 1694 1590 1754 θλίψις
1636 1690 1843 1759 ἔρχεται.
1935 1695 1998 1745 At
2045 1695 2160 1762 quid

191 1764 388 1814 tandem
423 1765 657 1816 Maximus
691 1766 785 1815 iste
821 1764 913 1814 sibi
944 1765 1055 1826 vult,
1091 1781 1234 1830 quum
1272 1781 1360 1829 per
1396 1771 1554 1814 totum
1590 1764 1764 1814 librum
1800 1764 1916 1815 nulli
1950 1763 2158 1814 Maximo

192 1834 329 1883 locus
369 1832 470 1883 sit?
540 1835 664 1894 Quid
702 1834 771 1884 rei
809 1840 950 1893 esset,
986 1849 1088 1883 non
1122 1833 1318 1883 latuisse
1366 1834 1553 1883 videtur
1589 1833 1917 1896 Simonidem,
1954 1834 2026 1883 vel
2063 1849 2156 1899 po·

193 1901 289 1951 tius
339 1902 535 1952 doctum
583 1903 850 1953 Simonidis
911 1903 1182 1952 adiutorem
1229 1902 1557 1967 Lipsiensem:
1615 1919 1783 1952 eorum
1832 1902 1964 1953 enim
2010 1917 2156 1968 opera

190 1970 461 2034 repositum
507 1978 649 2038 atque
684 1978 799 2036 post
827 1971 970 2021 etiam
1017 1971 1200 2019 editum
1247 1978 1348 2020 est:
1399 1964 1562 2035 Ἐρεῖς
1598 1965 1674 2020 δέ·
1712 1966 1831 2022 ἰδοὺ
1867 1970 2046 2032 θλίψις
2081 1967 2157 2037 ἔρ-

189 2054 327 2103 χεται
366 2034 556 2105 μεγάλη
606 2037 836 2106 σφόδρα,
885 2056 979 2105 quo
1020 2039 1214 2103 cognito
1251 2041 1309 2089 ad
1345 2040 1659 2101 „Maximum“
1694 2041 2025 2107 explicandum
2057 2057 2158 2091 non

192 2123 313 2172 opus
350 2115 424 2158 est
461 2108 659 2174 Oedipo.
713 2110 939 2173 Vulgatus
975 2115 1131 2158 textus
1150 2108 1351 2158 'Latinus
1388 2109 1556 2158 hahet:
1606 2110 1773 2171 „Dices
1808 2116 1996 2160 autem:
2032 2110 2158 2161 Ecce

190 2191 363 2241 magna
400 2174 521 2242 (Vat.
556 2179 659 2228 cod.
706 2179 874 2242 Magna
923 2176 1056 2242 ecce)
1107 2177 1351 2228 tribulatio
1401 2178 1574 2228 venit.“
1642 2178 1758 2228 Inde
1795 2194 1914 2246 quae
1949 2179 2157 2231 Graecae

190 2245 385 2294 lectioni
432 2247 510 2295 lux
555 2248 766 2312 affulget,
814 2247 971 2311 paullo
1021 2246 1259 2296 curiosius
1307 2247 1568 2313 inquirenti
1615 2247 1709 2297 iam
1759 2248 1876 2298 satis
1912 2248 2018 2298 erit.
2086 2249 2157 2300 Ne

191 2319 356 2362 tamen
399 2314 654 2380 quicquam
700 2316 759 2364 ad
810 2316 1150 2379 explanandam
1207 2332 1312 2365 rem
1366 2323 1414 2366 et
1471 2317 1531 2366 ad
1586 2317 1973 2382 persuadendum
2035 2317 2157 2383 ipsis

191 2380 452 2431 incredulis
487 2383 629 2432 nohis
666 2383 810 2445 desit,
847 2384 942 2433 Pal.
979 2384 1129 2433 codex
1165 2412 1228 2420 —
1264 2385 1313 2434 id
1350 2386 1477 2451 quod
1522 2385 1615 2435 iam
1653 2392 1763 2436 ante
1799 2386 1893 2436 hos
1927 2386 2021 2437 duo
2057 2387 2158 2437 fere

192 2465 387 2499 menses
432 2467 542 2500 cum
595 2453 650 2502 R.
695 2453 854 2517 Anger
896 2452 998 2502 viro
1049 2453 1334 2504 doctissimo
1371 2454 1721 2504 communicavi
1758 2484 1824 2494 —-
1860 2470 1960 2505 non
2005 2456 2155 2506 modo

191 2518 423 2579 „Maxima
457 2522 596 2570 ecce“
627 2522 835 2585 praebet,
871 2522 955 2571 sed
986 2522 1147 2587 ipsum
1182 2523 1352 2572 vitium
1389 2523 1557 2573 Graeci
1594 2530 1763 2586 textuS,
1800 2530 1924 2574 teste
1958 2524 2155 2576 Alberto

191 2587 398 2649 Dressel,
433 2589 794 2639 accuratissime
829 2591 984 2655 praeit
1020 2591 1147 2641 hunc
1182 2592 1234 2641 in
1269 2593 1492 2642 modiun:
1540 2592 1699 2655 „Dicis
1734 2599 1895 2643 autem
1930 2594 2156 2645 maximo.

193 2654 318 2705 Ecce
355 2656 599 2707 tribulatio
638 2659 951 2723 supervenit.“

331 2725 462 2784 Quae
515 2742 662 2791 quum
708 2727 776 2776 ita
820 2727 942 2787 sint,
987 2730 1143 2779 nullus
1180 2730 1347 2780 dubito
1388 2730 1503 2797 quin
1542 2731 1836 2782 Simonideis
1871 2732 2154 2798 fragmentis

193 2791 429 2842 Graecum
466 2799 649 2844 textum
683 2795 812 2844 nacti
847 2795 999 2846 simus
1036 2814 1159 2860 eum,
1196 2815 1290 2865 quo
1328 2799 1436 2866 quis
1471 2807 1624 2850 aetate
1660 2800 1819 2850 media
1842 2807 2034 2851 vertens
2057 2802 2151 2851 La-

190 2861 290 2910 tina
341 2862 643 2926 deperditum
691 2864 921 2913 Graecum
968 2866 1118 2929 ipsius
1156 2868 1234 2932 qui
1270 2869 1421 2918 fertur
1452 2869 1659 2918 Hermae
1695 2885 2012 2934 compensare
2048 2877 2152 2920 stu-

192 2929 364 2983 duerit.
435 2931 539 2990 Quo
587 2932 647 2982 de
694 2933 958 2997 interprete
1003 2934 1100 2983 iam
1150 2936 1368 2987 subtilius
1403 2937 1610 2987 viderint
1644 2937 1737 2987 alii.
1806 2939 1915 2988 Non
1951 2939 2154 2990 deerunt

191 2997 386 3062 quidem
435 2999 515 3064 qui
562 3000 706 3050 etiam
751 3006 826 3050 tot
870 3009 1265 3065 argumentorum
1330 3006 1698 3056 conitmctorum
1756 3006 1854 3056 vim
1912 3006 2152 3058 subterfu-

191 3066 346 3130 giant:
395 3067 625 3118 nimirum
672 3075 784 3118 sunt
828 3070 908 3135 qui
956 3070 1306 3133 probabilitatis
1354 3075 1569 3140 certique
1612 3090 1809 3124 sensum
1855 3082 1936 3125 aut
1982 3082 2151 3126 natura

189 3150 291 3183 non
327 3135 504 3185 habent
535 3143 616 3186 aut
652 3138 825 3187 studiis
860 3138 1137 3200 amiserunt,
1175 3140 1349 3206 quique
1384 3158 1550 3191 verum
1574 3150 1799 3207 tanquam
1824 3144 2151 3194 adversarium

190 3203 375 3253 malunt
411 3205 694 3256 convincere
731 3222 871 3272 quam
908 3206 1096 3270 integro
1135 3208 1298 3258 animo
1335 3210 1562 3260 invenire.
1618 3211 1854 3260 Poterunt
1888 3211 1956 3260 illi
1993 3211 2149 3262 conii-

191 3286 300 3320 cere
334 3278 518 3322 textum
553 3275 932 3339 fragmentorum
969 3274 1319 3339 Lipsiensium,
1369 3278 1733 3344 antiquissimus
1770 3294 1918 3344 quum
1957 3279 2043 3340 sit,
2093 3297 2150 3330 ex

186 3338 385 3401 LatiniS,
423 3340 452 3390 i.
488 3359 528 3391 e.
564 3342 865 3408 ineptissime
899 3343 1043 3392 illatis
1078 3346 1418 3394 nonnullorum
1454 3347 1676 3395 codicum
1698 3346 1982 3396 Latinorum
2005 3363 2147 3412 aper-
2214 3376 2216 3378 ·

188 3406 252 3455 tis
291 3408 431 3471 vitiis,
467 3411 667 3462 subinde
705 3428 812 3461 esse
849 3419 1143 3477 corruptum.
1207 3414 1362 3473 Quam
1399 3414 1725 3464 coniecturam
1762 3430 1871 3464 cum
1908 3415 2147 3467 similibus

189 3476 412 3553 omnibus
461 3481 783 3530 concedamus
831 3480 950 3529 aliis.
1031 3479 1182 3531 Nobis
1227 3498 1341 3532 vero
1379 3482 1437 3531 de
1472 3482 1577 3547 ipsa
1609 3498 1685 3543 re,
1740 3484 2146 3547 quemadmodum

187 3558 514 3608 exposunnuS,
571 3556 822 3614 tantopere
857 3565 1140 3614 persuasum
1177 3556 1274 3611 est,
1309 3556 1363 3601 ut
1398 3556 1794 3615 argumentorum
1829 3552 1936 3616 plus
1972 3554 2144 3605 afferre

186 3613 594 3675 supersedeamus
663 3617 912 3668 Invenient
957 3619 1090 3682 plura
1139 3618 1218 3684 qui
1263 3618 1528 3669 Palatinum
1579 3618 1818 3682 codicem,
1871 3620 1999 3672 haud
2041 3622 2143 3672 leve
