2340 3900
249 172 389 215 xvlll
1004 156 1426 207 PROLEGOMENA.

253 298 496 347 Clemente
519 299 658 354 Alex„
696 293 914 357 Origene,
947 291 1168 353 Eusebio,
1204 291 1378 357 Cyrillo
1404 291 1544 351 Hier„
1568 287 1848 354 Epiphanio,
1884 287 2192 353 Hieronymo,

251 381 454 431 quorum
491 366 625 413 locos
661 361 811 410 fusius
847 376 1101 424 expressos
1134 359 1280 410 habes
1315 360 1366 409 in
1402 359 1569 408 Hefelii
1604 357 1819 420 Prolegg.
1855 355 1914 404 ad
1949 354 2039 405 ΡΡ.
2074 357 2193 420 App.

247 450 292 498 p.
328 433 482 482 XXIV.
520 433 590 480 ed.
627 431 697 478 IV.
734 428 1020 477 Authentiae
1058 429 1336 478 defensores
1372 429 1577 490 desuper
1614 424 1899 473 exstiterunt
1922 423 2193 486 Bunsenw),

245 499 503 562 Ritschl‘ss)
529 507 576 548 et
612 498 702 546 alii.
772 496 1007 546 Nonnulla
1042 497 1164 561 apud
1195 502 1380 546 veteres
1409 496 1587 555 PatreS,
1623 499 1675 541 ut
1694 491 1818 556 apud
1840 492 2071 541 Basilium
2092 492 2194 541 Lib.

245 570 305 619 de
344 568 516 632 spiritu
554 572 718 614 sancto
755 581 794 614 c.
831 565 932 626 29„
977 581 1022 615 n.
1061 566 1137 615 72.
1174 565 1226 615 T.
1260 565 1337 614 111.
1373 580 1417 629 p.
1455 564 1532 612 61.
1568 561 1639 610 ed.
1670 561 1722 609 Β.
1759 559 1810 608 Β.
1839 573 1896 609 ex
1931 561 2192 610 Clementis

246 638 331 701 Ep.
367 637 650 694 referuntur,
687 649 805 698 quae
841 633 986 683 hodie
1018 633 1362 683 desiderantur.
1432 631 1565 680 Unde
1601 629 1690 678 alia
1726 628 1867 678 dubia
1903 635 2073 678 contra
2109 644 2194 678 au-

249 704 481 754 thentiam
520 703 622 751 eius
659 708 825 751 exorta
861 708 983 751 sunt.
1054 702 1147 751 Sed
1185 701 1264 767 qui
1301 698 1574 749 meminerit
1611 713 1710 746 non
1744 712 1915 761 parvae
1947 697 2089 746 istius
2124 698 2194 746 la—

247 788 416 831 cimae,
466 786 582 835 quae
617 769 862 835 Epistolae
898 776 1037 834 caput
1074 771 1151 821 57.
1188 770 1238 818 in
1275 769 1450 818 Codice
1487 766 1628 815 unico
1667 765 1864 830 excipit,
1916 765 2105 814 minimi
2140 782 2193 815 ea

248 841 411 899 faciet,
447 838 735 902 praesertim
771 850 880 888 cum
916 838 950 887 ii
986 839 1105 898 loci,
1159 838 1238 903 qui
1293 837 1605 886 innotuerunt
1655 835 1712 883 ad
1748 849 1896 883 unum
1934 849 2104 884 omnes
2137 835 2196 882 ad

246 907 492 971 Epistolae
532 908 679 956 finem
715 906 957 971 pertinere
990 908 1250 956 videantur.

383 978 430 1025 4.
503 976 632 1036 Quae
667 975 796 1024 Hier.
831 975 1095 1039 Bignonius
1130 992 1169 1023 a.
1210 975 1352 1035 1633,
1394 990 1502 1022 cum
1538 971 1754 1036 Epistola
1787 971 1998 1036 primum
2023 988 2049 1022 a
2071 973 2198 1022 Patr.

245 1043 381 1093 Iunio
420 1050 550 1094 esset
584 1044 790 1109 vulgata,
838 1050 1006 1092 contra
1042 1043 1364 1107 integritatem
1402 1042 1504 1091 eius
1542 1040 1683 1090 dubia
1726 1040 1900 1102 movit,
1959 1042 2197 1091 confutata

246 1113 343 1162 iam
377 1128 434 1162 ea
470 1113 660 1163 fuerunt
693 1112 752 1162 ab
792 1112 910 1176 Hug.
943 1110 1195 1175 G1=oti0⁴2).
1241 1112 1326 1160 Ed.
1356 1111 1640 1170 BernarduS,
1678 1115 1726 1158 et
1746 1109 1959 1159 Clericus
1994 1110 2046 1159 in
2064 1117 2197 1160 utra-

247 1197 339 1246 que
384 1182 473 1231 PP.
518 1181 636 1246 App.
673 1180 973 1230 Coteleriana
1009 1181 1081 1229 ed.
1126 1179 1538 1242 (1698=1700,
1573 1184 1621 1227 et
1663 1176 1832 1242 1724.)
1870 1178 2198 1244 opinabantur,

248 1249 543 1299 Clementem
587 1249 717 1299 Alex.
755 1265 862 1298 esse
915 1255 1160 1298 auctorem
1214 1248 1432 1298 omnium
1467 1248 1660 1310 illorum
1695 1245 1940 1308 locorum,
1990 1248 2070 1314 qui
2117 1254 2200 1297 aut

245 1317 419 1367 iisdem
454 1323 534 1367 aut
570 1315 806 1367 similibus
843 1317 999 1366 verbis
1034 1317 1212 1381 passim
1251 1317 1301 1365 in
1337 1324 1504 1366 nostra
1539 1315 1756 1381 Epistola
1793 1322 1842 1366 et
1866 1322 2036 1382 quarto
2061 1317 2201 1366 Stro-

251 1391 435 1436 matum
471 1385 594 1435 libro
649 1386 853 1436 confecti
890 1391 1161 1435 occurrunt.
1232 1385 1500 1451 Respondit
1534 1385 1604 1434 eis
1639 1383 1996 1449 Wottonus⁴³):
2044 1385 2200 1446 ,lrriti

247 1461 408 1504 tamen
448 1461 559 1504 sunt
594 1455 734 1504 huius
768 1461 983 1504 conatus
1056 1454 1147 1514 Qui
1188 1454 1316 1503 enim
1351 1455 1446 1506 hoc
1480 1453 1627 1504 modo
1663 1453 2201 1503 exCle‘menteAlexan—

247 1523 388 1573 drino
425 1523 603 1588 arguit,
653 1530 733 1572 aut
775 1539 883 1572 eum
920 1539 1019 1572 non
1056 1522 1208 1587 probe
1242 1523 1399 1585 novit,
1437 1531 1518 1574 aut
1554 1522 1677 1571 male
1713 1522 1808 1571 fide
1843 1523 1952 1587 agit.
2021 1523 2202 1572 Eadem

248 1592 380 1642 enim
414 1592 599 1642 ratione
635 1598 795 1641 actum
833 1592 924 1640 erit
960 1593 1017 1640 de
1054 1591 1299 1641 authentia
1335 1599 1383 1642 et
1415 1594 1510 1643 fide
1559 1606 1727 1640 eorum
1765 1592 2005 1652 omnium,
2057 1591 2140 1656 qui
2176 1607 2203 1639 a

248 1660 491 1711 Clemente
512 1661 830 1710 Alexandrino
859 1676 1061 1725 usquam
1081 1661 1289 1710 citantur
1325 1662 1632 1727 scriptorum.
1680 1661 1832 1710 Nem-o
1858 1660 1988 1728 enim
2008 1660 2204 1710 Patrum

252 1729 435 1778 maiore
459 1729 650 1778 licentia
673 1745 788 1778 usus
812 1735 885 1778 est
908 1730 955 1778 in
986 1729 1188 1778 citandis
1207 1730 1505 1791 authoribus,
1531 1731 1628 1780 sive
1653 1729 1817 1792 sacriS,
1852 1729 1950 1778 sive
1973 1728 2204 1790 ethnicis3

253 1810 361 1846 cum
399 1798 442 1847 ei
478 1797 530 1846 in
564 1812 701 1847 more
738 1798 812 1857 sit,
848 1813 948 1846 non
984 1798 1167 1862 integra
1202 1799 1457 1849 authorum
1492 1796 1632 1850 verba
1657 1812 1850 1862 semper
1870 1797 2089 1864 recitare,
2122 1797 2207 1846 sed

253 1881 345 1930 pro
383 1866 582 1915 arbitrio
619 1882 707 1915 suo
744 1881 872 1915 nunc
903 1867 1204 1927 contrahere,
1240 1883 1367 1917 nunc
1389 1868 1448 1918 de
1475 1884 1561 1919 suo
1587 1865 1816 1926 inserere,
1852 1865 1944 1916 alia
1967 1866 2204 1927 omittere,

247 1934 336 1983 alia
366 1934 507 1983 variis
543 1935 702 1983 modis
738 1937 952 1983 mutare.‘

386 2002 605 2066 Aliquam
639 2002 851 2051 veritatis
887 2002 1095 2066 speciem
1130 2018 1246 2067 prae
1268 2018 1320 2052 se
1342 2004 1513 2064 ferunt,
1549 2020 1668 2069 quae
1690 2002 2203 2068 Laur.Moshemius⁴⁴)

250 2071 309 2120 ad
346 2069 550 2119 eundem
590 2072 738 2120 finem
788 2070 1006 2120 disserit:
1077 2071 1268 2129 ,Priora
1328 2072 1495 2121 decem
1541 2073 1695 2138 capita
1747 2073 1979 2139 quaedam
2027 2072 2204 2122 babent

250 2138 448 2203 vestigia
484 2155 655 2188 manus
690 2138 894 2199 fallaciS,
945 2140 1031 2189 sed
1066 2155 1166 2189 non
1202 2140 1266 2190 ita
1301 2141 1471 2190 multa:
1518 2140 1825 2208 persequitur
1870 2147 2038 2191 auctor
2085 2157 2206 2192 con-

254 2213 437 2256 stanter
474 2207 731 2257 consilium
767 2223 920 2257 suum.
990 2209 1052 2257 At
1084 2209 1238 2274 capite
1275 2209 1340 2258 XI
1375 2216 1423 2258 et
1458 2210 1544 2259 XII
1579 2211 1638 2260 ad
1674 2209 1819 2260 fidem
1867 2217 1916 2259 et
1950 2211 2204 2276 hospitali-

250 2281 398 2324 tatem
434 2276 864 2324 commendandam
900 2277 1094 2336 accedit,
1130 2277 1180 2325 in
1218 2293 1313 2343 quo
1350 2277 1477 2326 nulla
1510 2279 1650 2342 plane
1684 2285 1881 2342 apparet
1900 2279 2204 2329 cohaerentia

254 2358 363 2392 cum
399 2343 779 2406 pracedentibus.
828 2344 1061 2402 Quocirca
1093 2360 1264 2409 parum
1299 2345 1446 2405 abest,
1484 2347 1599 2410 quin
1621 2347 1738 2396 haec
1763 2346 1914 2410 capita
1935 2341 2202 2398 existimem

254 2411 439 2460 intrusa
475 2426 597 2460 esse.
666 2411 807 2461 Redit
842 2411 901 2460 ad
937 2412 1213 2462 institutum
1249 2414 1470 2462 Clemens
1508 2414 1662 2479 capite
1697 2414 1817 2475 XIII,
1854 2421 1902 2464 et
1935 2415 1986 2464 in
2006 2431 2065 2465 eo
2091 2432 2203 2480 per-

253 2479 323 2544 git
357 2479 414 2527 ad
448 2494 491 2527 c.
516 2479 658 2528 XXII.
703 2480 807 2528 Hoc
842 2495 954 2528 vero
993 2480 1144 2545 capite
1177 2487 1388 2545 repente,
1424 2482 1551 2531 nulla
1569 2483 1727 2548 ipsum
1753 2483 1938 2534 ratione
1962 2483 2204 2545 invitante,

260 2547 319 2597 ad
355 2554 687 2612 argumentum
731 2549 873 2611 longe
926 2549 1049 2598 aliud
1086 2555 1339 2613 properat,
1389 2550 1447 2598 ad
1491 2551 1896 2601 resurrectionem
1945 2568 2205 2617 corporum

258 2622 590 2676 mortuorum,
637 2616 695 2665 de
733 2632 822 2680 qua
867 2616 926 2664 ad
962 2624 1103 2681 caput
1132 2633 1283 2682 usque
1318 2618 1507 2667 XXVIII
1541 2620 1748 2669 disserit.
1822 2620 1986 2685 Capite
2019 2621 2208 2671 XXVIII

257 2684 466 2734 instituti
502 2685 576 2733 sui
611 2683 855 2734 recordari
890 2685 1076 2734 videtur
1111 2686 1310 2747 iterum,
1342 2691 1482 2751 atque
1508 2688 1650 2738 huius
1684 2688 1853 2754 capitis
1875 2689 2065 2739 initium
2086 2690 2207 2739 bene

248 2752 474 2806 vconcinit
521 2753 606 2801 fini
649 2752 817 2816 capitis
855 2753 982 2813 XXI,
1028 2753 1307 2803 difficillime
1353 2770 1465 2804 vero
1513 2772 1621 2805 cum
1669 2757 1794 2806 exitu
1841 2757 2009 2821 capitis
2042 2757 2208 2807 XXVII

259 2820 390 2885 iungi
424 2826 599 2885 potest.
666 2822 967 2884 Quapropter
1002 2837 1120 2887 quae
1155 2822 1214 2871 de
1250 2822 1530 2873 cadaverum
1565 2826 1615 2873 in
1649 2825 1793 2874 vitam
1828 2826 1987 2875 reditu
2019 2826 2207 2891 praeci—

256 2889 455 2953 piuntur
486 2905 569 2938 sex
604 2888 849 2954 capitibuS,
887 2890 1098 2939 subiecta
1133 2890 1352 2939 videntur
1389 2908 1496 2941 esse
1527 2893 1761 2943 Clementi
1789 2933 1800 2944 .
1826 2933 1836 2943 .
1863 2930 1874 2943 .
1905 2895 2068 2959 Neque
2103 2910 2207 2944 me-

258 2956 351 3006 lius
389 2956 608 3006 existimo
646 2958 706 3006 de
742 2956 974 3025 capitibus
1009 2956 1279 3008 XL—XLV
1317 2966 1364 3008 et
1399 2961 1458 3009 de
1494 2962 1646 3026 capite
1672 2963 1763 3022 LV,
1800 2961 1970 3029 quibus
1989 2979 2043 3013 ea
2065 2963 2209 3028 legaS,

262 3040 381 3091 quae
415 3025 533 3074 nulli
568 3031 828 3094 potuerunt
862 3025 912 3074 in
947 3032 1157 3075 mentem
1191 3026 1353 3076 venire
1390 3028 1485 3078 nisi
1520 3030 1728 3091 homini,
1777 3031 1872 3093 rei,
1920 3046 2063 3096 quam
2095 3031 2210 3096 agit,

259 3109 461 3158 prorsus
496 3093 800 3144 immemori.‘
873 3095 958 3143 Cui
994 3094 1205 3144 Hefelius
1216 3093 1304 3158 ⁴⁵):

376 3160 433 3225 α)
471 3162 646 3227 „Capp.
693 3162 756 3211 XI
803 3170 852 3213 et
884 3164 969 3212 XII
1007 3163 1235 3228 epistolae
1282 3170 1475 3215 nostrae
1509 3182 1618 3216 cum
1654 3166 2043 3219 antecedentibus
2087 3165 2208 3217 benc

347 3363 421 3414 40)
451 3363 623 3413 Ignatius
652 3377 687 3405 v.
717 3364 758 3405 A.
788 3366 868 3405 und
898 3366 1007 3405 scine
1040 3364 1135 3405 Zeit.
1166 3378 1204 3418 p.
1347 3366 1419 3416 42)
1456 3367 1534 3407 Csr.
1566 3367 1668 3408 Patr.
1701 3368 1799 3420 App.
1834 3367 1896 3409 ed.
1921 3366 2062 3408 Cleric.
2087 3369 2206 3409 1724.

255 3418 346 3459 189
360 3430 420 3470 sq.
1265 3419 1307 3460 Τ.
1331 3422 1355 3460 I.
1390 3435 1428 3473 p.
1465 3423 1539 3463 133
1562 3436 1651 3475 sqq.

254 3556 258 3559 .
346 3501 420 3554 41)
454 3502 699 3555 Entstehung
730 3504 801 3544 der
829 3504 1033 3546 altkathol.
1052 3505 1206 3544 Kirche.
1347 3479 1424 3584 {²31}
1453 3478 1669 3572 ξοηῗῃῑωῖί·
1701 3480 1750 3558 {¹¹1
1783 3480 1942 3544 lesem·
1973 3481 2063 3552 ⁰⁰„9

260 3554 376 3597 Banu
411 3558 529 3599 1850-
561 3571 599 3610 p·
634 3560 728 3602 282·
1472 3539 1578 3573 nstit.
1597 3535 1676 3574 hist
1694 3535 1956 3576 thr.ma1ores
1973 3536 2204 3588 p.,214.sqq.

1346 3589 1418 3642 45)
1449 3589 1631 3640 Prolegg.
1659 3602 1697 3641 p.
1729 3591 1837 3631 XXX.
