2340 3900
444 174 660 227 lotum
691 175 969 224 Evtsmts
1003 177 1076 223 An
1112 175 1471 225 TRALLIANOS.
1507 174 1579 224 Vl.
1611 173 1706 222 vn.
1738 173 1852 221 vm.
2024 168 2124 221 159

166 317 244 364 lsti
292 319 426 366 etiam
473 316 662 366 venenis
695 316 794 363 suis
827 315 976 363 lesum
1010 315 1238 364 Christum
1275 319 1494 375 miscent,
1543 315 1813 379 loquenteS,
1864 327 1980 377 quae
2032 312 2122 360 fide

166 395 273 434 sunt
308 388 514 450 indigna3
564 385 724 433 similis
761 385 843 443 iis,
880 386 959 446 qui
995 385 1284 434 mortiferum
1329 387 1625 449 pharmacum
1674 400 1775 433 cum
1820 385 1925 432 vino
1970 382 2122 431 mulso

164 457 286 516 dant,
322 456 447 519 quod
482 455 561 517 qni
597 454 792 517 ignorat,
829 454 1038 512 libenter,
1076 455 1123 501 in
1160 456 1387 518 voluptate
1424 458 1559 504 noxia
1593 462 1802 516 mortem,
1839 453 2021 517 accipit.

163 594 323 668 aliena,
356 622 473 672 quae
509 616 582 656 est
620 609 842 657 haeresis.
876 609 939 656 De
978 608 1221 656 occasione
1258 608 1409 655 obiter
1444 609 1678 671 implicant
1705 610 1856 657 Iesum
1878 608 2122 666 Christum,

163 680 332 741 quibus
366 679 561 741 dignitas
597 678 734 726 iidem
769 678 996 735 conciliat,
1034 678 1166 739 quasi
1202 677 1336 724 letale
1372 692 1592 726 venenum
1630 680 1790 727 dantes
1828 693 1931 727 cum
1958 677 2123 737 mulso,

162 750 287 811 quod
317 750 504 811 ignarus
540 748 688 796 libens
724 748 963 810 laemsque
1001 748 1191 809 accipit,
1228 754 1364 809 atque
1397 748 1473 795 hic
1505 762 1631 796 mors
1666 749 1838 797 subest.

694 901 783 949 vn.
853 904 1085 951 custodite
1119 917 1201 950 vos
1236 903 1296 949 ab
1332 902 1590 949 haereticis

296 1016 333 1061 A
367 1014 534 1061 talibus
570 1015 710 1076 igitur
755 1028 837 1060 vos
874 1015 1113 1062 custodite.
1183 1014 1281 1060 Hoc
1321 1020 1470 1059 autem
1511 1012 1617 1069 liet,
1660 1013 1695 1058 si
1734 1027 1819 1060 nec
1858 1013 2001 1061 inflati
2038 1028 2123 1062 nec

160 1083 303 1131 avulsi
335 1082 514 1131 fueritis
550 1099 578 1131 a
609 1084 703 1131 Deo
739 1083 843 1131 lesu
873 1084 1055 1132 Christo
1092 1091 1138 1131 et
1172 1084 1394 1145 episcopo
1431 1090 1478 1129 et
1511 1083 1770 1144 praeceptis
1789 1084 2126 1145 Apostolorum.

160 1153 243 1209 Qui
280 1154 397 1200 intra
429 1152 570 1202 altare
605 1162 691 1211 est,
726 1154 924 1201 mundus
955 1160 1027 1202 est
1065 1148 1161 1215 [qui
1197 1167 1306 1200 vero
1343 1158 1469 1200 extra
1502 1159 1596 1208 est,
1646 1166 1735 1198 non
1774 1158 1846 1199 est
1880 1148 2125 1214 mundus];

161 1222 252 1269 hoc
295 1229 388 1282 est,
440 1224 521 1286 qni
569 1224 670 1271 sine
704 1224 927 1286 episcopo
962 1231 1011 1271 et
1044 1222 1338 1286 presbyterio
1389 1230 1436 1270 et
1485 1222 1690 1270 diaconis
1741 1222 1972 1284 quidpiam
2018 1224 2124 1285 agit,

158 1291 197 1337 is
231 1306 324 1339 non
360 1299 435 1341 est
462 1293 660 1342 mundus
694 1294 743 1341 in
777 1295 1072 1342 conscientia.

294 1441 317 1464 ’
350 1447 438 1494 vn.
508 1448 668 1496 Cavete
700 1449 841 1510 igitur
876 1448 1005 1497 tales.
1079 1448 1210 1506 Quod
1247 1448 1429 1508 quidem
1467 1446 1658 1504 saeietiS,
1699 1447 1736 1493 si
1764 1459 1856 1492 non
1887 1445 2124 1504 inflemini,

157 1522 205 1562 et
250 1517 616 1579 inseparabiliter
665 1518 951 1566 adhaereatis
988 1519 1080 1566 Deo
1117 1518 1218 1566 lesu
1257 1517 1436 1564 Christo
1487 1524 1533 1564 et
1567 1516 1798 1579 Episcopo
1844 1523 1891 1562 et
1938 1531 2121 1579 praece·

157 1586 246 1646 ptis
280 1587 616 1649 Apostolorum.
685 1587 772 1646 Qui
808 1589 926 1636 intra
962 1588 1106 1636 altare
1144 1594 1239 1647 est,
1278 1588 1476 1634 mundus
1515 1594 1613 1644 est,
1651 1587 1742 1633 hoc
1779 1592 1864 1643 est,
1909 1586 1986 1648 qui
2024 1587 2123 1633 sine

156 1654 384 1719 Episcopo
420 1664 467 1705 et
499 1657 796 1722 presbyterio
830 1665 880 1707 et
912 1658 1113 1708 Diacono
1153 1658 1328 1721 aliquid
1363 1658 1498 1715 facit,
1536 1657 1612 1704 hic
1647 1670 1933 1720 nequaquam
1981 1669 2125 1718 purus

155 1731 227 1770 est
263 1726 562 1775 conscientia.

155 1898 264 1947 Vlll.
302 1901 480 1950 Contra
511 1903 691 1951 diaboti
722 1906 924 1952 insidias
957 1905 1239 1952 muniamini
1274 1903 1646 1958 mansuetudine,
1684 1902 1777 1963 fide
1816 1908 1858 1949 et
1885 1901 2126 1949 charitate.

294 2012 391 2060 Non
430 2013 554 2076 quod
590 2014 794 2062 noverim
830 2015 916 2063 tale
951 2015 1062 2078 quid
1094 2017 1325 2073 intervos,
1364 2014 1476 2061 haec
1495 2012 1679 2071 scrib03
1717 2014 1801 2060 sed
1834 2013 2124 2075 praemunire

153 2082 256 2129 volo
292 2097 397 2140 vos,
445 2091 495 2130 ut
529 2082 651 2131 filios
696 2098 827 2132 meos
865 2085 1191 2143 charissimos,
1230 2084 1519 2148 prospiciens
1556 2083 1745 2130 insidias
1781 2082 1965 2130 diaboli.
2035 2083 2125 2129 Vos

154 2153 321 2213 itaque,
357 2151 751 2201 mansuetudinem
789 2162 1088 2213 assumentes,
1125 2162 1392 2217 regenerate
1431 2160 1606 2201 vosmet
1634 2154 1760 2215 ipsos
1797 2153 1841 2199 in
1867 2151 1970 2210 tide,
2009 2165 2125 2214 quae

153 2229 225 2268 est
257 2236 366 2269 caro
404 2223 604 2280 Domini,
641 2230 689 2271 et
725 2225 770 2271 in
806 2226 1050 2282 charitate,
1101 2239 1216 2287 quae
1257 2231 1329 2271 est
1365 2224 1550 2285 sanguis
1589 2223 1693 2270 Iesu
1731 2222 1910 2269 Christi.
1981 2222 2122 2269 Nemo

151 2299 351 2339 vestrum
385 2292 605 2341 adversus
641 2295 896 2355 proximum
935 2296 1181 2357 quidquam
1218 2293 1393 2341 habeat.
1448 2293 1510 2339 Ne
1550 2307 1704 2339 ansam
1743 2292 1858 2338 detis
1896 2291 2123 2352 gentibus,

151 2375 210 2407 ne
245 2369 439 2423 propter
472 2376 644 2424 paucos
680 2363 952 2425 insipientes
990 2364 1245 2421 multitudo,
1285 2376 1402 2424 quae
1440 2368 1511 2408 est
1547 2362 1593 2407 in
1629 2361 1737 2419 Deo,
1770 2360 2126 2422 blasphemetur.

149 2429 269 2487 ,Vae
305 2432 425 2478 enim
462 2433 533 2489 ei,
581 2445 668 2494 per
701 2446 839 2495 quem
875 2434 919 2480 in
959 2434 1152 2481 vanitate
1189 2447 1356 2480 nomen
1405 2444 1558 2479 meum
1606 2431 1728 2493 apud
1778 2429 1956 2492 aliquos
2007 2430 2125 2478 blas-

149 2498 426 2560 phematur.‘

288 2648 434 2703 ‘vlit
483 2654 583 2704 Non
621 2657 749 2718 quod
784 2657 992 2719 agnorim
1028 2657 1116 2705 tale
1155 2659 1265 2719 quid
1302 2658 1346 2704 in
1376 2656 1519 2714 vobis,
1545 2656 1628 2703 sed
1657 2663 1707 2703 ut
1732 2668 2022 2716 praeservem
2043 2670 2123 2704 vos

148 2723 259 2772 mibi
307 2723 526 2783 dilectos,
574 2726 845 2789 praevidens
895 2726 1083 2774 insidias
1132 2728 1316 2775 diaboli.
1388 2727 1478 2775 Vos
1526 2728 1677 2788 itaque
1729 2726 2123 2774 mansuetudinem

150 2801 463 2853 assumentes,
510 2794 687 2844 reficite
735 2796 1039 2858 vosmetipsos
1076 2797 1120 2844 in
1177 2797 1291 2856 fide,
1331 2811 1446 2859 quae
1485 2803 1557 2844 est
1594 2810 1701 2844 caro
1739 2793 1943 2852 Domini,
1982 2803 2028 2843 et
2078 2797 2123 2843 in

151 2862 421 2922 dilectione,
468 2878 586 2927 quae
635 2871 711 2913 est
755 2868 942 2929 sanguis
979 2867 1083 2914 lesu
1121 2867 1305 2917 Christi.
1378 2867 1520 2915 Nemo
1570 2872 1770 2913 vestrum
1813 2870 1973 2912 contra
2019 2879 2124 2927 pro·

151 2932 318 2979 simum
368 2933 616 2996 quidquam
652 2933 831 2983 habeat.
900 2935 1049 2984 Nolite
1087 2939 1354 2985 occasiones
1393 2938 1502 2985 dare
1554 2935 1792 2998 gentibus,
1834 2940 1886 2980 ut
1933 2940 2122 2996 propter

151 3013 325 3062 pancos
349 3002 617 3064 insipientes
653 3003 894 3052 multitudo
931 3005 976 3052 in
1015 3005 1108 3053 Deo
1147 3007 1392 3055 coniuncta
1427 3006 1784 3069 blasphemetur.
1857 3002 1963 3060 ,Vae
2002 3004 2122 3051 enim

150 3069 239 3127 illi,
287 3084 373 3133 per
424 3085 559 3134 quem
606 3078 797 3136 propter
843 3074 1085 3122 vanitatem
1132 3090 1300 3135 nomen
1343 3091 1493 3126 meum
1539 3075 1595 3123 ab
1642 3073 1868 3136 aliquibus
1914 3071 2123 3135 blasphe-

148 3139 327 3188 matut-‚⁸

149 3400 255 3431 inan.
291 3402 375 3431 sec.
419 3388 696 3443 suprascripta
739 3395 921 3443 apparet.
991 3389 1110 3431 Deest
1169 3390 1333 3444 scripsit
1391 3393 1604 3447 πλησίον.
1681 3393 1748 3433 Sic
1803 3400 1904 3435 teste
1961 3405 2123 3450 quoque

150 3444 230 3486 καὶ
256 3445 299 3487 in
328 3445 393 3488 ed.
453 3445 632 3500 rineipe3
669 3445 898 3488 addendum
945 3446 984 3487 id
1015 3459 1105 3487 esse
1170 3446 1478 3490 Tischendorllo
1521 3450 1559 3490 in
1593 3449 1662 3490 Ms.
1697 3448 1876 3491 Mediceo
1919 3457 2120 3494 exaratum

149 3502 214 3550 (ex
247 3501 459 3557 intes-po.)
497 3502 577 3545 iam
599 3509 761 3544 -nionet
789 3501 878 3545 Cot.
907 3502 948 3544 in
982 3515 1106 3552 marg.
1166 3510 1237 3545 est.
1296 3502 1377 3545 Csr.
1408 3505 1543 3547 Matth.
1574 3506 1613 3554 5,
1636 3505 1702 3546 23.
1763 3505 1942 3549 Subinde
1974 3521 2020 3551 τι
2050 3508 2123 3550 ad-

150 3557 231 3598 Cir.
263 3558 314 3599 ad
344 3557 447 3612 eph.
481 3571 517 3601 e.
550 3559 639 3611 14.;
668 3558 719 3600 ad
752 3561 911 3613 Smyrn.
942 3573 976 3601 c.
1010 3561 1050 3602 6.
1167 3560 1274 3601 ditur
1305 3560 1345 3601 in
1376 3560 1523 3602 Parall.
1554 3562 1736 3603 Damaso.
1769 3561 1911 3616 Rupei.

237 3616 287 3668 5)
316 3613 485 3656 Restitni
531 3615 736 3671 πλησίου
783 3630 817 3659 c.
861 3614 915 3668 C,
964 3616 1106 3657 vossio
1250 3616 1296 3669 6)
1322 3615 1444 3671 βλασ
1476 3618 1673 3675 inpetrat
1704 3616 1733 3657 C
1757 3618 1800 3661 L.

150 3678 190 3712 et
220 3670 326 3725 rqu.
360 3670 474 3714 editt.
501 3683 632 3727 nsque
657 3671 709 3714 ad
729 3672 1009 3723 lacobsonum‚
1040 3674 1107 3726 qui
1252 3674 1296 3728 7)
1328 3672 1417 3715 lsai.
1443 3629 1515 3725 ³2,
1538 3675 1563 3717 5
