2340 3900
500 142 830 193 murnum!
868 141 914 190 S.
953 143 1175 193 IGNATII.
1222 146 1333 196 xiv.
1372 146 1460 192 XV.
1496 144 1606 191 XVI.
1643 144 1771 191 xvn.
2018 140 2114 190 361

157 293 342 348 rogate,
389 285 488 334 (lari
528 283 640 331 mihi
682 281 803 328 vires
850 296 877 327 a
911 282 1029 338 Deo,
1080 289 1131 328 ut
1178 297 1268 329 uon
1307 291 1477 330 tantum
1515 282 1641 330 dicar
1677 283 1985 339 Christianus,
2036 283 2118 328 sed

156 356 290 401 etiam
333 353 535 401 inveniar
578 356 626 398 et
671 350 761 397 dici
807 351 1006 411 possim3
1069 358 1115 397 et
1161 358 1270 398 tunc
1318 352 1508 399 videbor
1556 366 1660 399 esse
1710 351 1885 408 fidelis,
1936 351 2117 413 quando

154 424 323 470 mundo
355 436 450 469 non
486 419 732 482 apparebo.
802 418 921 465 Nihil
957 421 1102 475 enim,
1154 422 1276 480 quod
1313 428 1526 482 apparet,
1572 429 1644 468 est
1678 428 1934 478 aeternum,
1981 434 2117 482 quan·

155 490 398 552 doquidan
444 503 576 550 ‚quae
623 488 861 544 videntur,
913 488 1178 550 temporalia
1226 496 1354 546 sunt,
1402 504 1519 550 quae
1566 497 1715 538 autem
1758 505 1849 538 non
1895 457 2118 546 videntur,

153 555 366 607 aeternaf

288 680 377 726 XV.
444 681 540 743 Ego
580 682 736 730 scribo
782 681 994 730 ecclesiis
1042 688 1089 728 et
1134 682 1347 728 omnibus
1394 684 1587 741 mando,
1649 686 1773 746 quod
1817 699 1903 746 ego
1952 684 2116 732 lubens

148 765 235 813 pro
271 751 366 797 Deo
401 751 599 808 morior,
636 752 678 798 si
713 762 795 799 vos
830 765 924 798 non
961 749 1305 813 prohibueritis.
1374 753 1501 814 Rogo
1550 768 1654 810 vos,
1705 768 1763 800 ne
1810 755 2119 816 intempestiva

146 819 463 867 hene-volentia
495 820 610 867 mihi
643 820 923 868 efficiamini.
988 820 1130 866 Sinite
1165 834 1237 867 me
1274 821 1475 867 serarum
1519 836 1624 869 esse
1660 823 1832 879 cibum,
1884 838 1968 885 per
2005 838 2117 885 quas

146 890 256 936 licet
290 890 431 936 Deum
467 890 707 951 consequi.
776 890 889 938 Sum
924 889 1003 937 Dei
1038 889 1341 946 frumentum,
1390 897 1436 936 et
1471 891 1619 937 molor
1666 906 1751 952 per
1806 893 1965 939 dentes
2005 893 2119 939 Iera·

148 972 275 1015 rum,
320 965 372 1004 ut
406 958 575 1005 Christi
617 960 821 1007 inveniar
863 959 1060 1006 mundus
1096 961 1243 1020 panis.
1316 959 1455 1006 Immo
1494 960 1604 1007 feris
1642 961 1796 1021 potius
1833 961 2116 1016 blandimini,

146 1035 198 1074 ut
242 1026 354 1074 flant
394 1027 507 1074 mihi
555 1028 844 1090 sepulcrum,
892 1034 940 1075 et
985 1028 1099 1074 nihil
1135 1028 1395 1089 relinquant
1430 1030 1519 1077 mei
1556 1031 1791 1091 corporis,
1842 1045 1899 1077 ne
1937 1032 2114 1092 sopitus

146 1096 251 1144 fiam
294 1096 461 1158 gravis.
542 1097 673 1145 Tunc
717 1113 799 1146 ero
841 1112 979 1145 verus
1028 1097 1197 1144 Christi
1245 1098 1518 1160 discipulus,
1581 1100 1763 1159 quando
1814 1113 1898 1146 nec
1945 1113 2116 1161 corpus

144 1167 328 1228 quidem
372 1180 526 1213 meum
573 1168 723 1215 adhuc
766 1167 941 1215 videbit
985 1167 1198 1215 mundus.
1270 1167 1360 1214 Pro
1405 1183 1479 1216 me
1516 1168 1696 1214 Christo
1743 1169 2020 1229 supplicate,
2067 1176 2117 1215 ut

146 1251 232 1297 per
277 1236 392 1282 haec
438 1250 609 1297 organa
657 1238 860 1285 inveniar
901 1237 1050 1283 hostia
1098 1237 1279 1283 munda.
1352 1238 1451 1284 Non
1499 1239 1621 1284 sicut
1656 1238 1818 1284 Petrus
1870 1246 1916 1284 et
1951 1238 2116 1284 Paulus

144 1305 275 1352 vobis
309 1305 561 1367 praecipio.
634 1305 702 1353 Illi
736 1305 965 1369 Apostoli,
1015 1319 1101 1367 ego
1139 1306 1495 1364 condemnatus3
1544 1307 1606 1354 illi
1645 1307 1800 1362 liberi,
1849 1321 1935 1367 ego
1970 1313 2118 1352 autem

145 1388 306 1421 servus
341 1386 489 1435 usque
522 1374 569 1421 in
605 1375 876 1422 hodiernum
912 1375 1061 1430 diem3
1110 1375 1194 1420 sed
1230 1376 1270 1421 si
1305 1377 1572 1431 volueritis,
1620 1376 1811 1422 libertus
1850 1374 1954 1420 Iesu
1991 1374 2117 1420 Chri·

146 1445 236 1500 sti,
283 1457 340 1489 ac
382 1457 620 1505 exsurgam
666 1444 714 1491 in
749 1445 850 1506 ipso
891 1442 1020 1490 liber.
1088 1443 1218 1489 Nunc
1266 1444 1394 1490 disco
1438 1446 1637 1499 vinctus,
1686 1442 1799 1489 nihil
1834 1442 2115 1490 mun'danuin

145 1525 316 1574 cupere
351 1517 429 1559 aut
461 1512 613 1562 inane.

281 1642 391 1690 xvl.
460 1645 496 1688 A
532 1641 664 1706 Syria
709 1657 859 1705 usque
906 1643 963 1690 ad
999 1643 1183 1690 Romam
1236 1645 1380 1706 ipsam
1426 1658 1578 1706 pugno
1627 1658 1731 1692 cum
1783 1643 1943 1691 bestiis
1994 1650 2118 1691 terra

142 1713 372 1775 marique,
410 1719 551 1759 noctu
588 1719 635 1759 et
669 1713 773 1772 diu,
809 1713 987 1760 vinctus
1026 1714 1184 1760 decem
1220 1713 1482 1775 leopardis,
1538 1715 1616 1775 qui
1653 1721 1761 1761 sunt
1796 1714 1967 1761 cohors
2005 1714 2118 1760 mili-

144 1783 278 1830 taris:
315 1781 395 1843 qui
430 1782 567 1829 etiam
602 1782 645 1828 si
677 1781 903 1830 heneficio
940 1781 1213 1840 afficiantur,
1255 1782 1371 1830 fiunt
1405 1783 1674 1830 deteriores.
1727 1784 1775 1830 In
1815 1797 1972 1830 eorum
2007 1798 2116 1830 vero

143 1852 321 1899 iniuriis
355 1851 500 1914 magis
537 1850 681 1898 disco.
737 1851 911 1898 Utinam
947 1851 1072 1898 fruar
1107 1852 1269 1899 bestiis
1306 1852 1647 1914 mihiparatis:
1685 1859 1732 1899 et
1768 1858 1890 1914 opto,
1927 1858 1978 1898 ut
2008 1852 2117 1899 mihi

144 1927 381 1984 promptae
417 1921 729 1979 inveniantur;
778 1920 945 1982 quibus
993 1922 1126 1967 etiam
1172 1921 1405 1978 blandiar,
1458 1935 1550 1982 quo
1599 1936 1671 1968 me
1720 1922 1933 1983 protinus
1985 1922 2115 1968 devo·

145 1996 274 2047 rent,
320 2004 413 2036 non
450 1989 569 2037 sicut
607 1989 828 2051 quosdam
865 1990 1028 2036 timore
1066 1989 1257 2037 affectae
1293 2003 1386 2036 non
1439 1991 1700 2052 tetigerunt.
1772 1989 1946 2048 Quodsi
1983 1991 2116 2037 etiam

145 2060 309 2107 invitae
341 2057 594 2116 noluerint,
632 2072 720 2120 ego
756 2059 799 2106 vi
836 2059 1026 2122 adigam.
1098 2058 1325 2120 Ignoscite
1362 2060 1499 2116 mihi3
1556 2061 1653 2106 scio
1693 2059 1802 2122 quid
1839 2073 1940 2106 mea
1981 2060 2116 2107 inter·

144 2131 215 2176 sit.
288 2128 420 2176 Nunc
457 2127 626 2190 incipio
663 2141 767 2175 esse
802 2128 1083 2190 discipulus,
1131 2136 1182 2176 ut
1216 2130 1364 2175 Iesum
1402 2128 1629 2176 Christum
1685 2143 1922 2190 assequar.
1992 2129 2114 2190 ignis

146 2206 192 2246 ct
236 2212 373 2256 crux,
419 2196 669 2245 bestiarum
720 2197 1028 2260 irruptiones,
1078 2198 1408 2252 dissectiones,
1458 2199 1729 2256 divisioneS,
1779 2198 2116 2258 discerptiones

145 2268 343 2324 ossium,
397 2266 601 2315 concisio
647 2266 983 2325 membrorum,
1034 2269 1224 2315 triturae
1276 2268 1683 2330 totius›corporis
1737 2275 1783 2314 et
1821 2267 1987 2314 diaboli
2025 2274 2116 2314 tor·

144 2345 297 2386 menta
329 2351 471 2399 super
504 2349 576 2384 me
611 2335 816 2394 veniant,
853 2344 904 2383 ut
939 2337 1251 2384 tantummodo
1290 2350 1550 2398 consequar
1582 2337 1731 2384 lesum
1770 2337 2014 2383 Christum.

279 2473 409 2521 xvn.
478 2473 600 2522 Nihil
651 2474 762 2522 mihi
809 2474 1064 2537 proderunt
1097 2475 1255 2523 mundi
1294 2476 1622 2534 iucunditateS‚
1670 2489 1820 2537 neque
1858 2489 1999 2537 regna
2035 2475 2116 2522 hu·

141 2545 214 2592 ius
247 2543 410 2591 seculi.
479 2543 640 2591 Helius
677 2550 751 2591 est
794 2545 904 2591 mihi
953 2544 1070 2591 mori
1107 2546 1153 2591 in
1190 2545 1370 2592 Christo
1409 2545 1538 2602 lesu,
1593 2560 1726 2606 quam
1773 2559 1963 2606 regnum
2002 2543 2115 2591 obti-

142 2627 256 2661 nere
300 2626 450 2675 usque
494 2613 553 2660 ad
599 2612 716 2661 fines
762 2620 927 2661 terrae.
997 2614 1131 2671 ,Quid
1182 2615 1300 2661 enim
1347 2615 1541 2675 prodest
1576 2615 1772 2671 homini,
1820 2616 1859 2660 si
1896 2615 2115 2661 mundum

141 2683 403 2731 universum
436 2682 654 2740 lucretur,
689 2689 735 2730 et
768 2697 878 2731 suae
916 2683 1090 2731 animae
1128 2684 1450 2732 detrimentum
1480 2681 1734 2746 patiaturZ‘
1773 2684 1899 2731 Illum
1926 2697 2113 2745 quaero,

142 2752 223 2813 qni
257 2765 344 2813 pro
378 2751 513 2799 nohis
546 2758 620 2799 est
649 2758 877 2800 meruius.
947 2752 1175 2814 Ignoscite
1221 2754 1349 2809 mihi,
1397 2754 1591 2801 fratres·
1645 2768 1702 2801 ne
1752 2753 1850 2800 sitis
1887 2754 1998 2799 mihi
2037 2753 2116 2798 im-

142 2819 434 2882 pedimento,
480 2834 574 2882 quo
621 2821 770 2869 minus
822 2821 991 2869 vivam·
1042 2837 1101 2870 ne
1155 2837 1227 2869 me
1276 2822 1422 2870 velitis
1461 2826 1593 2869 mori.
1664 2823 1807 2870 Sinite
1845 2837 1917 2869 me
1957 2835 2113 2883 puram

146 2887 299 2935 lucem
350 2889 578 2950 accipere.
662 2887 775 2936 Cum
820 2889 929 2938 illuc
972 2891 1094 2938 enim
1143 2905 1339 2948 venero,
1385 2906 1464 2938 ero
1505 2892 1641 2938 homo
1685 2892 1780 2938 Dei.
1863 2890 2114 2938 Permittite

148 2955 286 3013 mihi,
319 2963 372 3003 111
404 2957 493 3003 81111
527 2956 727 3004 imitator
760 2958 989 3020 passionis
1029 2959 1212 3007 Christi.
1284 2959 1331 3007 Si
1370 2961 1473 3022 quis
1507 2962 1655 3022 ipsum
1687 2961 1732 3007 in
1771 2960 1926 3021 seipso
1964 2957 2113 3015 habet,

145 2990 367 3086 intellig-t
399 3024 526 3086 quod
559 3024 689 3083 volo,
736 3032 784 3073 et
815 3027 907 3074 mei
941 3034 1175 3075 moveatur
1227 3030 1647 3087 commiseratione,
1700 3044 1799 3075 cum
1839 3028 1954 3075 sciat
1998 3039 2113 3088 quae

145 3107 219 3141 me
256 3094 583 3155 constringant.

228 3283 254 3324 5
304 3281 602 3324 καταλίπωσι
632 3281 676 3324 Α.
1423 3280 1658 3345 αβήσομαι
1681 3286 1725 3327 E.
1765 3282 1880 3327 Haud
1910 3282 2027 3325 male.

307 3334 394 3381 τὸν
411 3335 619 3407 ,χριστὸν
644 3338 675 3380 Δ
704 3349 751 3380 ex
780 3345 1025 3381 correctum.
1312 3295 1451 3397 aaa}

227 3394 277 3445 7)
308 3393 424 3449 &ela
426 3396 803 3437 oeanmumumin
815 3390 1097 3448 θελήσητεΛ.
1243 3396 1288 3445 6)
1312 3353 1398 3438 ἵνα
1428 3395 1541 3437 deest
1572 3396 1610 3435 in
1641 3395 1699 3436 ΑΙ.
1735 3394 1812 3436 Col.

284 3410 440 3502 p.XVI.
489 3449 742 3503 1)118ΑΕΝ
766 3457 808 3492 et
832 3450 961 3492 Codd.
982 3451 1096 3492 Coit».
1239 3452 1335 3504 Cap.
1367 3451 1477 3492 XVII.
1541 3451 1581 3502 1)
1615 3451 1955 3502 1111111.16,26.

151 3505 179 3544 Β
198 3449 258 3601 ΟΞ
249 3505 291 3555 V,
374 3518 487 3563 χρις
502 3504 609 3557 vulg.
1239 3510 1283 3559 2)
1315 3504 1585 3548 Α1.ἱαυτοῦ.
1620 3505 1701 3548 Cot.

389 3563 682 3660 mg&
714 3560 798 3603 Coe.
1242 3563 1288 3616 3)
1315 3559 1383 3620 μὴ
1412 3559 1466 3606 δὲ
1495 3561 1615 3603 AEN
1647 3569 1686 3604 et
1706 3562 1765 3607 ΑΙ.
1785 3564 1826 3605 in
1854 3574 1978 3617 marg.
2003 3564 2110 3618 apud

229 3616 276 3670 3)
303 3616 364 3658 At.
390 3613 527 3674 ὅπερ.
1155 3618 1242 3660 Cot.
