2340 3900
527 147 737 200 tenu-u
765 123 1038 198 Episroii
1073 152 1142 199 An
1178 150 1465 201 EPHESIOS.
1513 152 1566 198 11.
1603 150 1677 198 ιιι.
1714 150 1783 197 1v.
2056 146 2152 198 123

187 294 378 349 christi,
425 303 518 338 una
550 301 656 334 cum
691 287 905 335 Onesimo
942 297 990 336 et
1025 290 1201 338 Burrho
1239 299 1286 339 et
1317 291 1461 354 Euplo
1498 297 1546 338 et
1567 290 1841 348 Frontone,
1897 302 1983 351 per
2030 303 2147 349 quos

183 377 264 411 vos
298 372 458 408 omnes
494 356 648 419 quoad
684 357 950 405 charitatem
987 360 1090 406 vidi.
1139 361 1283 407 Fruar
1320 361 1449 407 vobis
1475 367 1716 423 perpetuo,
1752 360 1790 407 si
1814 359 1977 422 diguus
2003 358 2150 405 fuero.

182 433 321 478 Decet
354 428 506 489 itaque
540 439 624 473 vos
658 426 870 474 omnibus
905 428 1055 474 modis
1090 429 1348 489 glorificare
1386 430 1533 477 lesum
1571 430 1824 486 Christum,
1862 429 1941 491 qui
1976 426 2152 490 glorifi-

181 499 296 547 eavit
337 510 444 553 vos,
489 502 542 542 ut
573 495 621 541 iu
658 489 919 544 obedienfia
951 511 1042 544 una
1077 498 1176 543 sitis
1214 499 1435 559 perfecti,
1477 498 1636 546 eadem
1675 505 1826 546 mente
1849 534 1862 557 ,
1900 497 2149 558 eademque

183 566 424 622 sententia,
473 565 686 626 idemque
738 565 899 613 dicatis
947 567 1004 613 de
1047 566 1210 612 eodeni
1260 581 1447 623 omnes,
1495 575 1546 615 ut
1596 568 1791 615 subiecti
1839 568 2059 630 episcopo
2106 571 2154 614 et

185 635 474 699 presbyterio
510 647 597 696 per
631 635 783 682 omnia
817 634 1090 682 sanctificati
1126 635 1242 682 sitis.

180 761 316 808 Pater
351 758 455 806 Iesu
491 758 660 807 Christi
708 773 800 807 una
829 773 932 806 cum
970 759 1214 815 onesimo,
1250 758 1455 816 Burrho,
1494 760 1638 822 Euplo
1677 767 1723 808 et
1758 761 2017 818 Frontone,
2070 774 2153 823 per

181 843 299 891 quos
337 842 419 875 vos
455 842 615 876 omnes
650 829 698 876 iu
746 829 932 876 caritate
967 829 1083 876 vidi:
1133 829 1193 875 ita
1240 835 1461 890 perpetuo
1498 830 1628 876 vobis
1662 831 1810 885 fruar,
1847 833 1886 879 si
1924 843 2153 878 meruero.

181 898 403 946 Convenit
435 911 547 959 ergo
582 897 796 946 omnibus
830 899 980 945 modis
1017 897 1277 960 glorificare
1314 898 1463 944 Iesum
1502 898 1754 956 Christum,
1803 901 1880 961 qui
1929 899 2154 962 glorificat

181 981 278 1023 vos,
314 973 365 1013 ut
399 967 446 1013 in
482 980 573 1014 una
601 966 861 1015 obedientia
879 968 978 1014 sitis
996 968 1207 1030 perfecti,
1243 967 1399 1014 eadem
1425 974 1592 1023 mente,
1632 969 1882 1030 eademque
1910 969 2150 1025 sententia,

192 1036 405 1098 idemque
442 1035 605 1084 dicatis
643 1036 701 1083 de
736 1037 900 1084 eodem
937 1031 1123 1094 omnes,
1172 1044 1221 1084 ut
1270 1035 1466 1083 subiecti
1503 1036 1733 1098 Episcopo
1779 1044 1825 1084 et
1859 1038 2153 1100 Presbyterio

182 1119 271 1168 per
305 1105 457 1153 omnia
490 1105 592 1153 sitis
626 1105 913 1154 sanctificati.

186 1260 263 1308 111.
337 1261 452 1310 sine
486 1261 613 1307 omni
642 1260 863 1321 superbia
885 1283 940 1292 -—
971 1274 1130 1307 amore
1164 1262 1331 1307 ductus
1355 1283 1421 1291 —
1447 1275 1530 1307 vos
1563 1261 1785 1308 adhortor
1818 1263 1883 1308 ad
1918 1262 2155 1308 unitatem.

322 1371 420 1419 Non
458 1371 693 1433 praecipio
730 1370 872 1428 vobiS‚
910 1371 1041 1432 quasi
1074 1372 1160 1418 sim
1198 1371 1376 1433 aliquis.
1447 1371 1655 1428 Quamvis
1692 1373 1812 1418 enim
1849 1372 2026 1418 vinctus
2053 1385 2153 1417 sum

185 1449 376 1505 propter
410 1454 578 1488 nomen
616 1440 811 1498 Christi,
859 1441 1062 1488 nondum
1112 1448 1261 1488 tamen
1309 1440 1540 1502 perfectus
1578 1456 1679 1487 sum
1728 1442 1773 1487 iu
1813 1441 1916 1487 lesu
1955 1439 2153 1486 Christo.

182 1511 313 1559 Nunc
343 1511 465 1558 enim
501 1510 671 1572 incipio
710 1510 966 1572 discipulus
1005 1525 1124 1567 esse,
1163 1518 1210 1558 et
1244 1510 1454 1572 alloquor
1488 1525 1567 1557 vos
1593 1517 1641 1557 ut
1675 1510 1983 1557 condoctores
2009 1523 2153 1556 meos.

181 1581 294 1628 Nam
333 1579 577 1642 oportebat
608 1593 680 1628 me
703 1579 884 1627 avobis
921 1579 1183 1627 confirmari
1222 1579 1326 1637 fide,
1364 1580 1687 1637 admonitione,
1724 1580 1954 1642 patientia,
1993 1593 2153 1640 aequa-

184 1650 400 1698 nimitate.
468 1651 525 1696 At
560 1663 663 1696 cum
700 1649 899 1696 charitas
937 1664 1029 1697 non
1066 1651 1185 1697 sinat
1218 1665 1290 1697 me
1327 1656 1479 1696 tacere
1518 1649 1574 1696 de
1615 1649 1758 1707 vobis,
1797 1656 2042 1711 propterea
2079 1662 2154 1694 an-

185 1720 345 1767 teverti
379 1733 460 1766 vos
496 1719 775 1776 admonere,
811 1726 862 1766 ut
896 1720 1115 1766 uniamini
1154 1722 1199 1766 in
1237 1721 1462 1767 sententia
1499 1719 1593 1766 Dei.
1647 1719 1825 1766 Etenim
1864 1719 1990 1765 lesus
2029 1718 2153 1764 Chri-

185 1796 311 1846 stus,
361 1787 679 1850 inseparabilis
715 1795 874 1836 nostra
909 1790 1021 1844 vita,
1071 1791 1299 1837 sententia
1335 1790 1482 1836 Patris
1519 1795 1613 1846 est,
1653 1795 1702 1835 ut
1734 1796 1780 1836 et
1813 1789 2035 1850 episcopi,
2073 1801 2156 1849 per

186 1866 360 1907 tractus
400 1865 552 1906 terrae
589 1859 840 1914 constituti,
874 1859 919 1905 in
956 1860 1178 1907 sententia
1218 1859 1322 1906 Iesu
1359 1859 1527 1906 Christi
1565 1865 1686 1905 sunt.

326 1981 445 2031 ⁸111.
514 1983 614 2031 Non
636 1984 873 2047 praecipio
906 1983 1050 2040 vobis,
1089 1984 1220 2045 quasi
1240 1985 1326 2030 sim
1363 1983 1552 2044 aliquis3
1591 1983 1792 2044 quamvis
1831 1984 1950 2030 enim
1976 1983 2154 2031 vinctus

190 2054 275 2102 sim
322 2053 413 2100 boc
450 2054 648 2110 nomine,
685 2053 887 2100 nondum
936 2060 1081 2099 tamen
1119 2053 1354 2114 perfectus
1391 2067 1490 2099 sum
1528 2053 1573 2098 in
1619 2052 1722 2099 lesu
1759 2052 1954 2099 Christo.
2026 2053 2155 2099 Nunc

188 2124 310 2171 enim
347 2123 517 2184 incipio
545 2122 798 2184 discipulus
833 2136 954 2179 esse,
991 2129 1036 2168 et
1062 2122 1271 2183 alloquor
1309 2137 1387 2168 vos
1425 2128 1475 2167 ut
1497 2120 1837 2183 condiscipulos
1872 2136 2015 2169 meos.
2084 2121 2154 2169 Me

189 2193 310 2239 enim
345 2191 588 2253 oportebat
621 2206 648 2238 a
682 2191 812 2238 vobis
859 2191 1121 2238 subinstitui
1160 2192 1276 2248 tide,
1309 2191 1640 2247 admonitione,
1677 2191 1914 2252 patientia,
1953 2191 2155 2253 longani-

190 2261 370 2309 mitate:
406 2260 491 2308 sed
516 2260 887 2323 quandoquidem
910 2260 1107 2307 charitas
1134 2275 1223 2307 non
1245 2262 1354 2308 sinit
1375 2274 1446 2307 me
1470 2267 1622 2307 tacere
1647 2261 1703 2307 de
1731 2259 1872 2316 vobis,
1911 2268 2157 2322 propterea

188 2331 408 2377 anteveni
444 2343 525 2376 vos
558 2329 821 2387 admonere,
858 2337 909 2376 ut
930 2331 1218 2376 concurratis
1255 2343 1359 2376 cum
1379 2329 1607 2376 voluntate
1643 2330 1735 2376 Dei.
1808 2329 1918 2375 Nam
1955 2336 2001 2376 et
2029 2329 2156 2377 lesus

189 2398 397 2446 Christus
432 2399 522 2446 vita
564 2405 716 2447 vestra
751 2399 897 2446 Patris
943 2405 1015 2445 est
1051 2398 1280 2445 voluntas:
1327 2400 1446 2445 sicut
1492 2405 1538 2444 et
1571 2398 1784 2460 Episcopi
1839 2399 1933 2445 suis
1985 2400 2156 2461 quique

187 2467 303 2516 loeis
339 2467 574 2516 constituti
608 2467 655 2515 in
691 2467 795 2516 lesu
832 2468 1002 2515 Christi
1035 2467 1264 2515 voluntate
1301 2475 1421 2514 sunt.

503 2620 572 2669 IV.
642 2622 924 2683 stesbyoerii
956 2624 1179 2670 unitatem
1216 2637 1322 2670 cum
1357 2623 1565 2683 episcopo
1600 2623 1854 2669 imitemini.

326 2717 455 2767 Unde
491 2719 627 2767 decet
652 2734 733 2768 vos
770 2720 817 2767 in
852 2721 1061 2783 episcopi
1096 2721 1367 2767 sententiam
1406 2734 1713 2775 concurrere,
1753 2720 1878 2781 quod
1915 2727 1960 2768 et
1995 2720 2158 2768 facitis,

188 2788 299 2836 Nam
332 2788 625 2838 memorabile
659 2796 861 2839 vestrum
897 2790 1260 2853 presbyterium,
1311 2791 1496 2852 dignum
1534 2790 1651 2844 Dee,
1698 2790 1758 2836 ita
1796 2797 2050 2852 coaptatum
2088 2796 2161 2838 est

329 2908 354 2935 ⁶
369 2911 439 2961 tv.
509 2913 635 2963 Unde
658 2921 707 2963 et
728 2928 808 2963 vos
827 2915 961 2964 decet
984 2916 1206 2964 accedere
1232 2917 1481 2964 sententiae
1505 2915 1736 2978 Episcopi,
1776 2916 2156 2977 quemadmodum

194 2988 242 3029 et
254 2982 401 3031 facitis
414 3000 428 3029 ε
445 2996 550 3031 nam
562 2983 856 3032 memorabile
874 2984 982 3032 illud
998 2992 1197 3033 vestrum
1212 2984 1592 3047 presbyterorum
1608 2985 1848 3046 collegium
1864 2985 2048 3046 dignum
2068 2985 2157 3033 Deo

278 3172 325 3224 7)
356 3173 442 3215 vid.
472 3174 610 3216 {oann-
645 3174 709 3224 u,
738 3174 779 3216 9.
812 3174 948 3217 unuh.
985 3175 1047 3225 11,
1078 3175 1145 3216 27.
1205 3176 1275 3217 bus
1327 3176 1471 3227 linibus
1521 3177 1626 3216 orbis
1672 3182 1808 3216 terrae.
1875 3175 1956 3225 ign.
1996 3175 2068 3227 Ep.
2107 3176 2156 3217 ad

275 3229 321 3278 8)
354 3230 537 3271 Forsitan
576 3228 663 3284 τὴν
690 3228 880 3289 χάριτα.
949 3230 1030 3272 cfr.
1072 3232 1144 3283 Ep.
1205 3232 1316 3273 Rom.
1350 3246 1383 3273 c.
1415 3236 1453 3274 2.
1488 3239 1584 3273 cxtr.
1629 3232 1697 3279 εἰς
1733 3226 1874 3273 δύσιν
1906 3228 2002 3274 ἀπὸ
2045 3228 2156 3275 ἀνα-

192 3286 244 3326 od
268 3286 395 3338 ssago.
427 3300 462 3328 c.
482 3287 522 3328 2.
550 3286 766 3329 Harum.
815 3290 861 3329 At
881 3288 916 3328 si
948 3288 1025 3329 inm
1044 3288 1146 3328 Ριιιι-
1206 3287 1350 3340 τολῆς.

195 3342 256 3382 tos
285 3343 355 3395 Δρ.
386 3342 523 3384 dicere
555 3344 713 3397 potnit,
741 3344 781 3385 in
813 3356 970 3385 omnem
1000 3351 1145 3385 terram
1289 3346 1336 3394 9)
1370 3345 1423 3386 ita
1457 3346 1484 3385 C
1508 3346 1550 3386 1,.
1611 3344 1731 3393 Magis
1765 3356 1807 3383 cx
1843 3356 1954 3385 more
1975 3343 2159 3385 Auctoris

194 3397 337 3439 exiisse
366 3411 510 3440 sonum
537 3400 878 3453 Evangeiistnrum
907 3406 947 3441 ct
975 3401 1014 3441 in
1047 3402 1146 3441 titios
1205 3407 1312 3442 esset
1345 3415 1379 3443 c.
1409 3409 1483 3442 vot.
1517 3402 1587 3442 int.
1618 3395 1804 3458 γνώμη,
1855 3399 2158 3453 praepositione

196 3453 306 3495 orbis
332 3461 478 3504 terroe,
509 3455 606 3510 quid
637 3457 806 3507 mirum,
836 3457 945 3510 quod
977 3457 1149 3507 ignatius
1208 3453 1259 3498 lv
1289 3457 1462 3498 exclusa.

196 3509 247 3550 de
277 3509 489 3565 episeopis
517 3511 647 3554 ubivis
677 3513 906 3555 conutitutis
937 3509 1149 3566 loquitur?

195 3565 278 3606 Cir.
309 3565 478 3609 ner-u
509 3567 616 3610 Post.
636 3569 734 3611 Sim.
760 3570 801 3619 8,
822 3568 861 3611 3.
910 3569 987 3610 Hac
1020 3574 1148 3609 aulem
1291 3567 1387 3621 Cap.
1426 3570 1483 3610 iv.
1550 3571 1588 3623 1)
1622 3570 1662 3610 tn
1697 3582 1798 3611 vers.
1830 3572 1919 3624 Syr.
1951 3584 1985 3613 c.
2016 3571 2054 3613 4.
2087 3571 2177 3613 de·.

196 3623 279 3673 leqe
308 3621 435 3665 Fati-s
462 3622 538 3666 oei
563 3626 814 3679 medicatus
856 3631 916 3667 eol
945 3628 989 3666 in
1020 3626 1146 3680 cyni-
1207 3624 1418 3667 sidentur.
