2340 3900
403 150 615 200 IGNATn
645 149 918 198 EPISTOLA
953 150 1023 196 At)
1062 150 1514 199 ANTIOCHENSES.
1558 149 1651 197 xn.
1684 148 1796 197 xm.
1831 149 1939 196 xlv.
2056 145 2156 196 313

195 299 331 353 atque
381 290 689 339 confessores.
770 286 926 334 Saluto
973 284 1190 334 cus'todes
1241 297 1499 337 sanctarum
1547 285 1808 352 portarum,
1855 287 2158 344 DiaconissaS,

197 375 312 422 quae
357 366 465 408 sunt
507 359 554 405 in
588 356 785 403 (Ru-isto.
856 353 1013 402 Saluto
1060 360 1366 418 susceptrices
1413 358 1579 405 Christi
1632 357 1858 419 virgines,
1909 370 2022 419 quas
2071 370 2158 418 ego

195 429 359 476 nutrivi
413 428 460 474 in
503 426 693 472 Domino
739 424 859 471 lesu.
941 422 1098 471 Saluto
1147 426 1468 486 pudicissimas
1519 427 1691 473 viduas·
1773 425 1931 474 Saluto
1980 423 2159 488 plebem

196 489 395 544 Domini⁸
427 509 456 541 a
486 494 674 542 minimo
708 507 857 555 usquc
893 493 950 540 ad
985 492 1239 555 maximum,
1275 501 1321 541 et
1341 509 1501 542 omnes
1525 508 1713 542 sorores
1735 508 1858 542 meas
1883 496 1930 542 in
1953 493 2160 542 Domino.

332 617 444 666 xm.
515 617 670 665 Saluto
715 616 978 665 Cassianum
1029 617 1258 679 hospitem
1315 631 1490 671 meum,
1550 625 1596 664 et
1645 620 1890 682 coniugem
1933 620 2056 676 eius,
2117 625 2163 666 et

196 688 409 736 amabiles
452 693 585 734 natos
620 688 736 734 eius.
805 684 979 733 Salutat
1023 700 1103 733 vos
1141 685 1446 748 Polycarpus,
1493 686 1628 748 digne
1675 688 2024 737 decentissimus
2059 688 2160 750 Epi·

196 771 396 820 scopus,
445 756 524 818 qui
563 761 610 803 et
643 769 800 803 curam
833 748 991 802 vestri¹
1027 755 1170 816 gerit5
1219 756 1293 801 cui
1330 762 1376 801 et
1413 756 1720 803 commendavi
1755 771 1836 804 vos
1875 759 1919 805 in
1955 758 2161 805 Domino.

195 827 249 873 Et
284 826 433 873 omnis
468 824 671 871 Ecclesia
707 820 1052 886 smyrnensium
1103 838 1279 871 memor
1328 830 1400 871 est
1432 824 1574 870 vestri
1611 825 1655 870 in
1693 819 2000 873 orationibus'
2038 826 2161 888 apud

196 896 350 943 Deum.
421 892 594 941 Salutat
631 907 714 942 vos
751 893 1024 950 OnesimuS‚
1060 892 1364 955 Ephesiorum
1401 891 1578 939 Pastor.
1651 891 1825 941 Salutat
1871 910 1951 942 vos
1988 895 2161 952 DamaS,

195 963 451 1025 Hagnesiae
485 962 755 1025 Episcopus.
826 961 1002 1008 Salutat
1034 975 1115 1008 vos
1153 954 1418 1023 Polybius,
1455 961 1785 1009 Trallianorum
1820 965 2025 1011 antistes.
2084 963 2160 1011 Sa·

194 1033 309 1078 lutat
349 1045 431 1079 vos
467 1031 628 1078 Philon
665 1038 713 1078 et
745 1030 1008 1120 Agathopus
1045 1030 1251 1087 diaconi,
1298 1031 1376 1092 qui
1412 1045 1483 1077 me
1522 1038 1789 1092 sequuntur.
1861 1032 2059 1080 Salutate
2098 1033 2161 1079 in·

193 1102 338 1148 vicem
372 1100 421 1147 in
457 1099 620 1147 osculo
655 1093 855 1149 sancto.⁴

334 1224 445 1271 xlv,
513 1224 638 1272 llaec
678 1230 829 1272 autem
876 1238 903 1272 a
936 1223 1158 1286 Philippis
1205 1223 1360 1272 scribo
1409 1224 1555 1272 vobis.
1639 1224 1893 1273 Incolumes
1939 1239 2020 1272 vos
2070 1225 2162 1282 ille,

197 1295 275 1356 qui
309 1300 383 1342 eet
406 1293 534 1341 solus
570 1294 814 1356 ingenitus,
849 1306 936 1356 per
969 1292 1119 1348 illum,
1156 1293 1235 1352 qui
1268 1300 1340 1340 est
1375 1302 1478 1340 ante
1515 1294 1671 1341 secula
1707 1289 1883 1351 natuS,¹
1918 1294 2084 1355 spiritu
2119 1301 2166 1341 et

196 1377 337 1411 carne
370 1361 620 1410 custodiat:
657 1367 704 1410 et
737 1362 911 1409 videam
945 1374 1027 1407 vos
1063 1361 1110 1407 in
1147 1374 1292 1422 regno
1329 1362 1512 1409 Christi.
1586 1362 1744 1410 Saluto
1795 1377 1899 1410 eum
1937 1362 2016 1422 qui
2053 1355 2164 1422 pro¹

197 1446 270 1479 me
303 1431 483 1479 futurus
530 1438 604 1478 est
647 1431 866 1493 princeps
910 1434 1085 1476 vester:
1129 1443 1264 1489 quem
1318 1438 1365 1476 et
1399 1424 1644 1491 adquisivi⁸
1680 1432 1726 1476 in
1764 1430 1962 1490 Cin-'mm
2037 1430 2165 1476 lnco-

196 1501 342 1548 lumen
376 1506 527 1547 estote
562 1499 655 1547 Deo
691 1506 739 1547 et
770 1499 981 1555 Christo,
1017 1497 1253 1545 illuminati
1290 1497 1463 1559 Spiritu
1502 1491 1706 1546 Sanctof

279 1686 329 1740 3)
361 1689 426 1730 dei
458 1686 543 1728 Pal.
977 1708 982 1711 -
1294 1685 1340 1740 2)
1374 1687 1431 1727 Ita
1467 1686 1551 1727 Pal.
1582 1687 1677 1739 Reg.
1708 1686 1817 1740 (heic
1849 1687 2010 1741 quidem
2036 1684 2075 1741 p‘
2109 1703 2165 1723 =

280 1744 379 1798 Cap.
409 1744 509 1786 1111.
571 1741 614 1795 1)
641 1746 810 1784 vestram
838 1742 923 1784 Pal.
1205 1757 1279 1797 pro
1311 1750 1351 1784 et
1376 1743 1487 1797 post)
1518 1744 1581 1785 ed.
1602 1744 1751 1785 Veneta
1784 1744 1906 1794 1546,
1935 1748 2026 1796 post
2059 1743 2166 1794 vulg.

279 1801 326 1854 2)
353 1802 498 1842 nestris
526 1798 698 1853 (lineola
725 1797 1003 1853 subnotatum)
1038 1799 1148 1842 inse·
1208 1799 1307 1841 Dein
1337 1804 1521 1841 venturus
1551 1813 1591 1853 p.
1620 1802 1781 1852 suturas
1811 1801 1895 1841 Pal.

196 1858 251 1899 ῆι
278 1857 538 1966 {eginh-5„
566 1923 635 1953 m
676 1910 747 1952 9⁸¹
792 1911 876 1963 neg
1270 1883 1471 1950 .3.).‘1“⁰‘³
1503 1889 1540 1924 et
1570 1885 1769 1938 adquisivi
1784 1884 1884 1934 Pal„
1915 1897 2014 1938 quae
2038 1888 2075 1924 et
2095 1885 2164 1925 de-

283 1912 334 2022 43
362 1969 389 2011 2
411 1968 505 2010 cor.
539 1967 604 2018 13,
634 1941 703 2008 ἰι
750 1939 762 1951 ’
880 1941 891 1952 ’
1209 1953 1358 1994 ΨΜ*
1389 1940 1489 1991 ¹³⁰⁸·

281 2023 379 2077 Cap.
406 2024 502 2066 xlv.
562 2022 609 2077 1)
638 2024 706 2078 qm*
745 2028 835 2064 me
866 2023 1001 2065 secula
1033 2028 1150 2064 natus
1293 2021 1339 2073 4)
1371 2021 1625 2075 Subscriptio
1646 2024 1819 2078 Explicit
1843 2025 1894 2065 ad
1916 2025 2164 2066 antiocenses

198 2086 259 2122 est
288 2080 373 2122 Pal.
402 2080 498 2132 Πᾶς.
1210 2078 1248 2119 in
1279 2078 1377 2128 Pal„
1405 2079 1576 2133 Explicit
1607 2093 1713 2122 nona
1741 2081 1782 2121 in
1812 2081 1907 2132 Reg.
