2340 3900
411 174 623 225 lutum
654 173 930 223 epistota
965 174 1035 222 ΑΙ)
1073 175 1432 224 TRALLtANOS.
1477 174 1552 222 ΙΙΙ.
1593 173 1665 221 lv.
1700 173 1752 221 V.
1786 171 1855 221 vl.
2012 170 2111 221 157

150 323 235 374 est,
269 315 572 364 mansuetudo
605 327 714 362 vero
746 314 848 361 eius
885 314 1114 375 potentia;
1146 328 1295 375 quem,
1331 321 1382 362 ut
1416 315 1639 373 existimo,
1675 320 1722 362 et
1755 313 1881 376 impii
1916 313 2004 382 ipsi
2042 326 2111 359 re-

149 394 389 443 verentur,
426 384 593 447 quihus
625 384 760 431 etiam
796 382 949 445 placet
990 383 1113 443 quod
1166 398 1253 445 ego
1289 384 1398 430 mihi
1436 399 1527 432 non
1565 398 1762 447 parcam.
1830 382 1969 438 Num,
2006 395 2111 428 cum

148 456 234 502 liae
269 457 327 503 de
361 469 414 503 re
449 453 653 501 scrihere
687 452 800 499 milii
835 452 1043 508 licuerit,
1096 453 1139 498 in
1178 460 1343 499 tantam
1396 456 1483 501 mei
1523 453 1899 502 existimationem
1938 451 2111 509 deveni,

147 533 212 582 ut,
248 525 448 588 quamvis
485 523 831 579 condemnatus,
868 521 991 568 velut
1023 522 1270 583 Apostolus
1308 522 1436 569 vobis
1475 523 1823 586 praeciperem?

148 637 284 683 animi
322 635 563 696 vultusque
600 634 852 695 aequalitas
888 647 1098 694 magnum
1137 634 1483 691 documentum3
1523 636 1652 682 cuius
1690 635 1990 682 mansuetudo
2027 634 2111 681 vir·

147 713 287 752 tutem
331 703 661 767 praefert,‘ut
704 704 831 765 ipsos
880 716 1064 764 quoque
1100 703 1265 764 impios
1301 717 1405 750 eum
1442 706 1641 751 revereri
1678 705 1943 751 existimem.
2013 704 2110 750 Nou

148 776 363 822 contineo
398 787 499 831 me,
537 774 643 835 quia
678 772 818 835 diligo
852 787 960 829 vos,
998 773 1202 833 quamvis
1239 774 1390 819 acrius
1431 774 1517 818 hac
1550 774 1606 820 de
1656 788 1705 820 re
1753 773 1957 821 scribere
2007 787 2111 836 pos·

147 858 268 891 sem:
313 843 416 891 ideo
452 841 646 900 seilicet,
681 843 788 904 quia
823 843 911 889 iam
947 842 1157 889 addictus
1195 849 1406 903 tanquam
1430 842 1675 903 Apostolus
1714 842 1841 889 vobis
1864 843 2112 905 praecipio.

470 967 540 1014 tv,
615 967 889 1015 Humilitate
924 975 967 1015 et
1001 968 1359 1015 mansuetudine
1395 967 1510 1013 mihi
1546 981 1662 1027 opus
1700 974 1778 1014 est.

286 1066 420 1114 llulta
454 1066 583 1128 sapio
620 1066 665 1111 in
702 1065 820 1122 Deo;
870 1064 954 1111 sed
999 1065 1110 1111 mihi
1148 1065 1236 1126 ipsi
1271 1064 1459 1111 modum
1497 1064 1718 1119 adhibeo,
1770 1079 1826 1112 ne
1873 1065 2111 1127 gloriando

144 1150 345 1198 peream.
402 1135 530 1182 Nunc
564 1135 684 1182 enim
722 1133 825 1196 plus
861 1134 970 1181 mihi
1012 1134 1259 1181 timendum
1298 1140 1381 1189 est,
1418 1147 1505 1180 nec
1540 1148 1675 1180 aures
1715 1134 1802 1180 illis
1840 1141 1946 1181 sunt
1982 1149 2112 1196 prae·

144 1206 336 1262 bendae,
373 1206 453 1267 qui
486 1219 559 1252 me
595 1203 768 1251 inflant.
813 1203 901 1261 Qui
937 1204 1057 1250 enim
1091 1217 1165 1271 me
1185 1203 1381 1259 laudant,
1420 1202 1650 1264 flagellant
1685 1217 1798 1250 me.·
1837 1204 1945 1250 Nam
1973 1205 2110 1265 diligo

145 1275 329 1336 quidem
380 1276 501 1337 pati;
547 1273 630 1321 sed
662 1274 821 1320 nescio
873 1287 928 1319 an
968 1273 1132 1334 dignus
1170 1274 1270 1320 sim
1338 1273 1633 1319 Vehementia
1669 1274 1789 1320 enim
1825 1288 1926 1320 mea
1960 1273 2111 1320 multis

143 1345 329 1406 quidem
364 1359 456 1391 non
492 1349 695 1407 apparet.
729 1357 803 1391 me
838 1357 948 1390 vero
985 1344 1137 1390 acrius
1175 1343 1422 1405 impugnat·
1493 1343 1616 1405 Opus
1654 1343 1805 1405 itaque
1841 1343 1952 1390 mihi
1986 1357 2110 1389 man·

141 1414 398 1472 suetudine,
435 1428 527 1477 qua
557 1413 775 1477 princeps
812 1412 955 1461 seculi
993 1411 1128 1460 liuius
1167 1413 1433 1460 destruitur.

282 1521 394 1572 lv.
465 1526 625 1588 ‘lagna
663 1525 812 1573 sentio
849 1526 894 1573 in
933 1525 1050 1582 De03
1106 1526 1189 1573 sed
1223 1539 1296 1572 me
1346 1525 1495 1587 ipsum
1531 1525 1722 1582 metior,
1779 1538 1835 1571 ne
1874 1523 2111 1586 gloriando

145 1609 345 1657 peream.
414 1596 543 1642 Nunc
579 1596 702 1644 enim
725 1595 881 1674 ‘magis
917 1595 1028 1642 mihi
1066 1595 1315 1643 timendum
1354 1602 1438 1651 est„
1475 1609 1561 1642 nec
1595 1595 1790 1651 attendi,
1825 1595 1900 1656 qui
1938 1608 2009 1641 me
2048 1596 2112 1641 in·

148 1664 272 1711 flant.
344 1665 597 1713 Laudantes
661 1666 784 1713 enim
835 1680 909 1713 me
959 1664 1202 1727 flagellant
1278 1665 1387 1711 Nam
1449 1665 1583 1726 cupio
1639 1665 1822 1726 quidem
1858 1665 1976 1726 pati3
2031 1665 2113 1712 sed

145 1736 304 1782 nescio
333 1741 486 1782 utrum
525 1736 688 1798 dignus
723 1736 823 1783 sim.
892 1736 1001 1782 Nam
1038 1735 1277 1783 aemulatio
1317 1731 1527 1794 (inimici)
1579 1735 1732 1782 multis
1783 1735 1964 1796 quidem
2018 1749 2109 1782 non

144 1811 355 1866 apparet,
403 1805 489 1852 sed
537 1819 609 1852 me
656 1793 967 1853 vehementius
1017 1812 1264 1868 oppugnat.
1336 1805 1559 1862 Quocirca
1611 1805 1958 1853 mansuetudine
2004 1805 2113 1852 mihi

145 1889 262 1935 opus
301 1881 398 1932 est,
433 1890 523 1937 qua
559 1876 778 1923 evertitur
813 1875 1031 1938 princeps
1068 1877 1203 1923 huius
1241 1875 1398 1922 seculi.

550 2001 601 2047 V.
671 2002 777 2049 Non
809 2002 1028 2049 sublimes
1063 2003 1299 2049 doctrinas
1334 2002 1463 2048 vobis
1498 2003 1700 2048 tradam.

280 2097 439 2144 Nonne
475 2112 661 2160 possem
695 2098 911 2146 coelestia
949 2098 1185 2146 scribere?
1257 2100 1335 2154 At,
1392 2112 1448 2144 ne
1486 2097 1681 2159 parvulis
1729 2097 1856 2144 vobis
1896 2098 2107 2146 damnum

142 2166 347 2224 inferam,
377 2174 544 2215 metuo.
581 2170 646 2215 Ac
683 2168 793 2215 mihi
830 2169 1079 2230 ignoscite3
1129 2183 1211 2225 ne,
1250 2168 1335 2215 ista
1370 2182 1535 2230 capere
1572 2181 1664 2214 non
1703 2167 1926 2225 valenteS,
1966 2175 2107 2216 stran-

143 2236 373 2298 gulemini.
421 2236 531 2284 Nam
569 2244 616 2285 et
649 2252 754 2299 ego,
789 2238 1007 2285 nonideo
1045 2238 1169 2299 quod
1204 2238 1381 2285 vinctus
1398 2252 1513 2294 sum,
1554 2243 1601 2284 et
1618 2237 1834 2284 coelestia
1856 2237 2108 2299 intelligere

150 2321 370 2367 possum,
406 2314 455 2354 et
488 2307 617 2354 locos
654 2307 947 2370 angelorum,
985 2315 1030 2355 et
1081 2314 1241 2354 coetus
1276 2307 1719 2367 constitutionesque
1756 2307 2109 2369 principatuum,

142 2375 333 2423 visibilia
376 2383 425 2422 et
469 2375 723 2423 invisibilia.
793 2376 1022 2439 Respectu
1069 2377 1230 2423 harum
1278 2390 1433 2423 rerum
1481 2376 1630 2423 adhuc
1685 2376 1936 2438 discipulus
1982 2392 2107 2434 sum3

138 2443 279 2491 multa
314 2446 435 2492 enim
468 2444 604 2492 nobis
640 2445 819 2503 desunt,
859 2460 917 2494 ne
951 2461 975 2493 a
1011 2445 1103 2494 Deo
1142 2445 1357 2493 absimus,

278 2551 365 2602 ’Ἃ
399 2556 559 2605 Nonne
596 2571 783 2620 possem
819 2558 877 2606 de
914 2556 1055 2605 rebus
1094 2557 1371 2606 coelestibus
1409 2556 1650 2605 scribereZ
1708 2554 1801 2604 Sed
1837 2570 2012 2614 vereor,
2050 2572 2108 2605 ne

140 2625 270 2673 vobis
316 2626 466 2674 adhuc
518 2627 715 2690 parvulis
766 2626 942 2684 obsim,
978 2634 1025 2676 et
1060 2629 1284 2690 ignoscite
1321 2628 1457 2686 mihi,
1509 2641 1593 2684 ne,
1644 2641 1746 2674 cum
1782 2641 1949 2689 capere
1987 2627 2106 2674 haud

140 2695 355 2758 possitis,
367 2697 753 2760 ,pu-augulemini.
821 2698 998 2751 Etenim
1035 2712 1136 2760 ego,
1175 2712 1266 2744 non
1305 2699 1410 2759 quia
1445 2698 1623 2744 vinctus
1660 2711 1774 2754 sum,
1813 2703 1860 2744 et
1894 2711 1969 2744 res
2006 2711 2108 2743 coe-

141 2765 307 2820 testes,
345 2766 587 2828 seriesque
622 2766 898 2844 Angelorum
935 2775 982 2815 et
1028 2768 1215 2815 ordines
1254 2768 1603 2830 principatuum,
1640 2766 1833 2813 visibilia
1882 2767 2016 2814 etiam
2067 2774 2110 2812 et

143 2834 383 2882 invisibilia
429 2835 683 2899 intelligere
730 2826 948 2899 possum,
996 2837 1101 2885 ideo
1158 2838 1243 2884 iam
1281 2837 1534 2899 discipulus
1573 2850 1758 2897 quoque
1796 2851 1923 2883 sum:
1969 2835 2110 2884 multa

143 2903 264 2950 enim
301 2902 469 2951 desunt
502 2903 661 2962 nobis,
697 2919 755 2953 ne
791 2920 818 2953 a
857 2907 948 2955 Deo
984 2907 1297 2955 destituamur.

614 3021 683 3070 Vl.
750 3023 980 3071 Abstinele
1014 3039 1046 3072 a
1080 3039 1254 3074 veneno
1288 3026 1640 3074 haereticorum.

279 3103 484 3151 Obsecro
520 3104 672 3167 itaque
704 3118 810 3163 vos,
849 3119 941 3153 non
977 3119 1092 3168 ego,
1130 3108 1212 3155 sed
1248 3108 1443 3157 charitas
1481 3108 1583 3156 lesu
1619 3107 1814 3164 Christi,
1853 3106 1952 3153 solo
1990 3105 2108 3153 chri·

140 3174 289 3221 stiano
325 3172 538 3221 alimento
573 3174 657 3232 uti,
692 3173 750 3222 ab
785 3173 932 3223 aliena
965 3182 1115 3223 autem
1155 3176 1298 3225 herba
1333 3176 1580 3235 abstinere,
1621 3191 1735 3239 quae
1773 3182 1844 3223 est
1886 3176 2107 3223 haeresis.

281 3278 385 3331 ‘vt
429 3283 654 3342 Quocirca
688 3284 885 3334 obsecro
923 3300 1019 3343 vos,
1056 3300 1148 3334 non
1188 3286 1370 3348 quidem
1407 3302 1509 3351 ego,
1547 3289 1630 3337 sed
1665 3287 1830 3335 caritas
1857 3285 1957 3334 lesu
1982 3285 2107 3333 Chri·

141 3355 224 3412 sti,
260 3360 313 3402 ut
346 3352 450 3402 solo
490 3353 751 3403 Christiano
786 3356 1066 3404 nutrimento
1105 3357 1315 3414 utamini,
1352 3356 1621 3406 abstineatis
1674 3365 1822 3405 autem
1869 3354 1926 3402 ab
1966 3354 2107 3403 herba

140 3502 244 3531 sono
294 3501 443 3532 ancora
492 3489 730 3543 discepolo:
794 3490 1091 3544 imperciocche
1150 3490 1304 3541 divine,
1343 3503 1416 3544 per
1463 3499 1582 3545 poter
1620 3491 1728 3541 dire,
1780 3489 1854 3530 che
1897 3500 1986 3530 esse
2025 3500 2106 3530 non

142 3545 265 3587 :nolte
301 3558 398 3587 cose
435 3545 473 3588 ei
518 3557 738 3596 macana,
780 3547 971 3589 accioche
1017 3547 1092 3589 llio
1151 3547 1184 3587 vi
1217 3546 1443 3603 manc-no).

141 3615 221 3643 non
258 3602 294 3644 ei
325 3599 485 3644 maachi
529 3601 651 3654 Cloe,
689 3602 819 3645 sinmo
850 3617 996 3646 ancora
1032 3603 1094 3644 in·
1238 3604 1335 3656 Cap.
1365 3603 1424 3645 Vl.
1496 3603 1537 3655 1)
1566 3604 1648 3645 Csr.
1693 3602 1745 3645 ad
1779 3600 1933 3645 Phllnd.
1974 3614 2009 3645 c.
2038 3600 2105 3655 3.;

142 3659 273 3701 dietro
302 3658 408 3701 mai
446 3657 554 3701 nel·
596 3658 833 3712 eognizione
862 3659 971 3702 delle
1001 3673 1097 3702 cose
1155 3660 1205 3701 ad
1239 3659 1386 3713 Ephes.
1417 3673 1451 3700 c.
1486 3660 1548 3702 10.
