2340 3900
211 202 308 254 162
530 202 739 250 IGNATII
775 201 1044 250 EPlSTOLA
1081 202 1150 249 AD
1186 202 1540 252 TRALLIANOS.
1594 204 1681 252 xn.
1717 203 1827 250 XIII.

689 367 776 412 XII.
844 367 1026 416 Manete
1060 370 1111 416 in
1146 372 1320 419 unitate
1355 379 1395 418 et
1431 373 1667 419 charitate.

334 455 630 522 Ἀσπάζομαι
679 452 807 523 ’ὑμᾶς
868 453 964 508 ἀπὸ
1001 455 1258 527 Σμύρνης,
1312 457 1410 527 ἅμα
1463 466 1567 521 ταῖς
1632 455 1996 526 συμπαρούσαις
2041 458 2139 524 μοιι

205 528 476 594 ἐκκλησίαις
521 530 607 577 τοῦ
660 527 811 589 Θεοῦ,
859 525 928 578 0ἳῖ
973 525 1096 580 κατὰ
1140 527 1297 582 πάντα
1347 550 1403 596 με
1461 528 1738 581 ἀνέπαυσαν
1794 528 1936 594 σαρκί
1978 545 2026 578 τε
2069 525 2151 579 καὶ

205 595 451 663 πνεύματι.
526 599 814 662 Παρακαλεῖ
839 592 966 662 ὑμᾶς
998 594 1056 649 τὰ
1092 596 1241 666 δεσμά
1287 619 1407 665 μου,
1458 597 1507 650 δὶ3
1554 599 1711 650 ἕνεκεν
1739 595 1899 662 Ἰησοῦ
1939 599 2152 664 Χριστοῦ

205 667 473 735 περιφέρω,
511 662 792 732 αἰτούμενος
832 667 960 718 Θεοῦ
995 666 1254 735 ἐπιτυχεῖν·
1287 667 1527 735 διαμένετε
1563 669 1614 719 ἐν
1659 672 1717 738 τῇ
1762 662 1966 737 ὁμονοίᾳ
2013 662 2152 731 ὑμῶν

206 736 287 787 καὶ
330 741 388 807 τῇ
437 732 538 800 μετ’
599 731 814 802 ἀλλήλων
865 743 1118 809 προσευχῇ.
1192 738 1379 806 Πρέπει
1422 735 1512 823 γὰρ
1557 734 1674 802 ύμῖν
1727 742 1828 795 τοῖς
1877 731 1999 788 καθ’
2049 734 2150 798 ἕνα,

205 805 453 874 ἐξαιρέτως
487 803 588 856 καὶ4
623 811 724 866 τοῖς
758 806 1122 875 πρεσβυτέροις,
1160 804 1428 874 ἀναψύχειν
1463 827 1548 858 τον
1584 806 1854 858 ἐπίσκοπον·
1893 805 1962 866 εἰς
2010 801 2152 871 τιμὴν

204 872 401 943 πατρὸς,
435 872 593 939 Ἰησοῦ
625 878 838 943 Χριστοῦ
874 875 956 927 καὶ
991 881 1086 928 τῶν
1122 874 1414 929 ἀποστόλων.
1487 873 1707 942 Εὕχομαι
1743 871 1870 940 ύμᾶς
1905 874 1957 926 ἐν
1987 871 2151 946 ἀγάπῃ

201 942 409 997 ἀκοῦσαί
443 963 560 1010 μου,
598 944 681 996 ’ἵνα
716 941 781 1011 μὴ
818 945 886 1006 εἰς
920 944 1199 1015 μαρτύριον5
1244 940 1303 999 03⁶
1352 947 1404 998 ἐν
1457 943 1572 1011 ύμῖν
1621 941 1830 1027 γράψας.
1902 943 2002 1011 Καὶ
2045 945 2152 1011 περὶ

202 1014 320 1079 ἐμοῦ
367 1012 421 1065 δὲ
466 1010 810 1081 προσεύχεσθε,
857 1019 945 1081 τῆς
986 1013 1078 1080 ἀφ’
1131 1013 1268 1082 ὑμῶν
1314 1013 1502 1084 ἀγάπης
1547 1019 1799 1081 χρηζοντος
1845 1012 1898 1064 ἐν
1931 1017 1999 1084 τῷ
2033 1013 2151 1065 ἐλέει

199 1089 286 1136 τοῦ
327 1086 481 1145 Θεοῦ,
519 1083 588 1144 εἰς
622 1081 676 1136 τὸ
710 1086 1074 1152 καταξιωθῆναι
1107 1106 1164 1151 με
1198 1091 1283 1138 τοῦ
1319 1083 1524 1152 κλήρου,
1561 1065 1621 1136 ού
1656 1083 1947 1152 περίκειμαθ
1985 1082 2148 1135 ἐπιτυ-

202 1160 327 1222 χεῖν,
367 1154 449 1206 ἵνα
483 1149 547 1220 μὴ
585 1149 819 1221 ἀδόκιμος
855 1151 1080 1222 εὑρεθῶ.8

564 1341 674 1389 ΧΙΙΙ.
751 1343 925 1397 Valete,
965 1350 1091 1390 orate
1123 1358 1211 1403 pro
1249 1343 1441 1388 ecclesia
1477 1343 1671 1401 Syriae,
1709 1318 1788 1388 etc.

335 1457 617 1523 Ἀσπάζεται
653 1457 778 1527 ὑμᾶς
798 1455 832 1524 ἦ
853 1456 1013 1529 ἀγάπη
1047 1461 1338 1528 Σμυρναίων
1371 1459 1453 1511 καὶ
1471 1456 1727 1523 Ἐφεσίων.
1805 1455 2150 1525 Μνημονεύετε

201 1532 253 1583 ἐν
299 1537 403 1591 ταῖς
461 1536 747 1597 προσευχαῖς
794 1525 930 1595 ὑμῶν
974 1534 1060 1596 τῆς
1113 1530 1164 1581 ἐν
1211 1530 1370 1599 Συρία
1420 1530 1696 1595 ἐκκλησίας·
1749 1525 1871 1580 ’ὅθεν
1920 1528 2004 1580 καὶ
2057 1525 2150 1580 οὐκ

203 1597 336 1663 ἄξιός
373 1600 493 1666 εἰμι’
516 1599 764 1669 λέγεσθαι,
815 1596 884 1650 ὢν
932 1599 1123 1666 ἔσχατος
1173 1600 1380 1652 ἐκείνων.
1437 1595 1699 1666 ’Έῤῥωσθε
1740 1598 1792 1650 ἐν
1820 1595 1982 1665 Ἰησοῦ
2033 1601 2151 1668 Χρι-

204 1675 315 1741 στῷ,
351 1666 734 1737 ὑποτασσόμενοι
768 1674 835 1738 τῷ
870 1667 1116 1739 ἐπισκόπῳ
1152 1666 1218 1731 ὥς
1250 1675 1308 1741 τῇ
1346 1669 1527 1741 ἐντολῇ,
1566 1665 1744 1735 ὁμοίως
1778 1668 1862 1720 καὶ
1895 1669 1980 1739 τῷ1
2010 1684 2151 1738 πρεσ-

235 1741 419 1811 υτερίῳ.
492 1740 589 1790 Καὶ
626 1740 677 1791 οἱ
707 1740 814 1790 κατ’
856 1735 1011 1806 ἄνδρα
1047 1737 1279 1805 ἀλλήλους
1315 1736 1527 1808 ἀγαπᾶτε
1575 1738 1626 1790 ἐν
1674 1735 1908 1807 ἀμερίστῳ
1961 1739 2150 1827 καρδίᾳ.

206 1809 477 1878 Αγνίζεται2
512 1804 647 1874 [ὑφ’]
683 1805 820 1874 ὑμῶν
854 1806 907 1859 τὸ
946 1805 1062 1874 ἐμὸν
1096 1814 1303 1875 πνεῦμα,
1341 1805 1400 1861 οὗ
1436 1806 1591 1875 μόνον
1625 1813 1735 1872 νῦν,
1772 1806 1891 1860 ἀλλὰ
1927 1809 2008 1861 καὶ
2034 1829 2150 1861 οταν

209 1880 339 1930 Θεοῦ
370 1875 588 1945 ἐπιτύχω.
643 1875 758 1928 ”En
792 1873 881 1946 γὰρ
916 1874 1013 1930 ’ὕπὸ
1049 1877 1282 1930 κίνδυνόν
1317 1880 1434 1945 εἰμι·
1474 1875 1592 1930 ἀλλὰ
1639 1875 1808 1939 πιστὸς
1843 1875 1873 1930 ὅ
1906 1875 2063 1947 πατὴρ
2100 1877 2152 1930 ἐν

195 1947 356 2035 ’,ζησοῦ
396 1953 606 2018 Χριστῷ,
641 1948 892 2014 πληρῶσαί
924 1967 1018 2013 μου
1054 1945 1143 2014 τὴν
1179 1949 1366 2015 αἴτησιν
1400 1947 1483 2000 καὶ
1517 1944 1676 2014 ὑμῶν·
1715 1948 1767 2000 ἐν
1802 1941 1842 2020 ᾧ
1879 1943 2152 2015 εὖρεθείητε

198 2037 401 2084 αμωμοι.

287 2271 382 2323 Cap.
421 2270 498 2310 XII.
562 2267 603 2322 1)
634 2269 691 2308 Ita
734 2275 842 2309 recte
882 2268 1151 2322 Interpolator
1206 2268 1282 2309 lius
1313 2268 1408 2321 legit
1446 2266 1757 2328 παράκειμαι,
1799 2271 1824 2314 ἰ.
1852 2285 1885 2314 e.
1912 2273 2151 2327 propinquus

203 2334 242 2367 et
269 2326 342 2370 Int.
373 2332 462 2375 vet„
491 2339 583 2390 μου
615 2324 643 2364 C
662 2325 692 2365 L
726 2325 839 2365 Voss.
1207 2338 1361 2366 sam:
1379 2339 1494 2378 quam
1520 2328 1747 2380 propediem
1781 2341 2023 2383 nequequam
2047 2330 2151 2371 Smi-

287 2382 330 2432 2)
364 2381 405 2422 Si
436 2394 523 2434 quis
569 2381 619 2420 ad
654 2380 936 2421 Grammatices
976 2393 1149 2421 canonas
1205 2381 1332 2422 thius:
1366 2377 1634 2439 ὑπόκειμαι,
1667 2386 1729 2424 cui
1757 2386 1946 2427 subiaceo.
1978 2385 2056 2427 Iac.
2108 2387 2151 2428 In

201 2438 441 2489 restringere
483 2437 559 2477 ista
608 2436 725 2487 velit,
778 2436 990 2487 legendum
1030 2437 1150 2477 fuerit
1205 2436 1232 2477 C
1265 2450 1425 2491 quoque
1456 2440 1738 2496 περίκειμαι..

201 2493 254 2536 αἳ
283 2491 401 2535 κατὰ
423 2489 594 2536 πάντα.
645 2493 725 2533 Sed
742 2493 949 2533 retinenda
972 2499 1031 2533 est
1050 2493 1147 2533 haec
1289 2494 1333 2546 8)
1364 2491 1544 2550 εὑρεθῷ
1562 2494 1604 2544 C,
1638 2491 1836 2549 εὑρεθῶε
1870 2495 1966 2551 (sic)
1988 2498 2016 2538 L
2049 2498 2151 2541 duo-

200 2551 335 2600 lectio,
360 2549 941 2603 quametiamvetuslnterpres
956 2549 1147 2599 agnoscit.
1203 2550 1276 2590 bus
1306 2551 1489 2601 punctis;
1530 2550 1658 2592 nescit
1687 2552 1878 2603 Heysius‚
1922 2566 2000 2606 quo
2043 2567 2150 2597 casu.

199 2608 374 2648 Ecclesia
396 2606 500 2647 enim
514 2618 589 2657 pro
612 2605 706 2655 illis,
728 2604 793 2657 qui
817 2605 1013 2646 Ecclesiae
1035 2612 1147 2645 erant
1288 2605 1383 2658 Cap.
1425 2607 1521 2647 XIII.
1586 2607 1626 2657 1)
1655 2607 1699 2648 ln
1742 2607 1769 2647 C
1810 2609 1884 2650 suit
1924 2608 2000 2661 τὸ,
2041 2613 2150 2664 quod

197 2664 379 2704 mem-bra.
456 2662 543 2702 Non
595 2660 845 2701 adfirmarem
893 2661 1013 2711 haec,
1069 2661 1144 2700 nisi
1201 2674 1304 2702 man.
1343 2675 1423 2703 see.
1470 2663 1632 2704 mutavit
1670 2664 1709 2704 in
1757 2666 1834 2720 τῷ.
1905 2664 1984 2707 cfr.
2028 2679 2149 2721 supra

198 2719 317 2760 toties
347 2717 523 2759 viderem
551 2716 592 2757 in
623 2717 773 2768 Ignatio
804 2717 921 2758 istam
954 2716 1144 2769 loquendi
1203 2731 1235 2758 c.
1266 2718 1328 2769 3.;
1361 2719 1411 2758 ad
1443 2720 1569 2770 Magn.
1601 2733 1633 2760 c.
1666 2720 1702 2761 2.
1906 2724 1910 2725 ⁷

198 2774 412 2816 formulam
451 2785 675 2814 occurrere.
721 2773 895 2814 Vossius.
960 2774 1143 2825 Interpo-
1284 2774 1328 2825 2)
1357 2774 1456 2814 Dedi
1478 2773 1714 2830 ἁγνίζεται
1743 2789 1789 2817 ex
1811 2776 1853 2828 C,
1885 2777 1925 2819 in
1956 2791 2035 2832 quo
2059 2780 2147 2832 qui-

199 2831 305 2872 lator
359 2830 522 2871 maioris
580 2829 855 2881 explicationis
915 2842 1054 2880 causa,
1101 2836 1144 2870 ut
1202 2830 1291 2870 dem
1312 2829 1560 2882 diphthongo
1593 2847 1640 2872 αι
1661 2845 1771 2874 erasa
1801 2846 1903 2875 man.
1934 2848 2014 2876 sec.
2047 2836 2150 2877 scri-

200 2886 446 2928 oonstructio
474 2886 567 2939 intle
598 2885 706 2926 salva
736 2886 872 2935 fieret,
915 2892 952 2925 et
983 2885 1142 2937 quidem
1199 2886 1281 2938 psit
1295 2884 1516 2941 ἁγνίζετε.
1567 2888 1682 2929 Prior
1701 2889 1821 2930 lectio
1841 2891 1957 2933 unice
1979 2892 2151 2944 quadrat

200 2957 279 2985 non
307 2943 479 2993 inficete‚
511 2939 577 2985 ὢν
609 2940 653 2983 οἱ
679 2936 791 2996 ἡγού
834 2954 939 2984 ενοι.
977 2941 1106 2982 Smith.
1201 2942 1251 2983 ad
1289 2943 1378 2983 vhh.
1421 2941 1474 2985 οὐ
1509 2939 1661 3000 μόνον
1702 2947 1788 2988 νῦν
1820 2948 1916 2988 κτλ.
1984 2948 2148 2990 Vossius

280 2999 325 3053 3)
357 2998 437 3039 Csr.
468 2999 569 3050 Eph.
598 2998 637 3049 6,
670 2998 735 3039 20.
768 2955 923 3038 (Σμόῐοεε.
954 2998 992 3047 4,
1020 2998 1057 3039 3.
1200 2998 1331 3049 (coni.
1363 2994 1598 3064 ἅγνισμα)
1647 3002 1708 3042 ed.
1751 2998 1957 3057 ἁγνίζετε
2013 3017 2059 3045 ex
2103 3005 2147 3055 L,

286 3056 331 3110 4)
362 3054 440 3096 καὶ
469 3052 712 3108 ἐξαιρέτως
743 3054 882 3095 inverti
914 3054 996 3094 vult
1026 3055 1101 3095 Iac.
1202 3056 1309 3107 quod
1367 3056 1526 3107 repetiit
1579 3057 1847 3110 lacohsonus‚
1909 3057 2149 3116 ἁγνίζηται

288 3111 334 3163 5)
367 3111 447 3152 cfr.
481 3111 532 3164 ad
561 3110 714 3151 Philad.
747 3123 779 3150 c.
812 3111 850 3151 6.
1198 3119 1498 3163 proposuerunt
1554 3112 1640 3154 Cot.
1703 3121 1742 3156 et
1800 3115 1880 3156 alii.
1969 3116 2146 3158 Subinde

283 3168 327 3221 6)
357 3168 400 3208 In
431 3166 458 3207 C
491 3164 570 3218 ὡν,
599 3166 713 3207 litera
742 3178 770 3209 ν
798 3173 938 3219 postea
974 3179 1099 3207 erasa.
1198 3167 1356 3208 adiunxi
1389 3165 1545 3224 [ὑφ’]
1591 3170 1778 3213 hortante
1820 3172 2001 3214 Franzio.
2064 3171 2148 3213 cfr,

282 3225 327 3278 7)
356 3224 413 3265 Ita
430 3224 501 3265 Ms.
523 3222 713 3265 Nonnulli
742 3228 953 3265 mutarunt.
1011 3223 1140 3265 Vede-
1196 3224 1270 3277 Ep.
1301 3224 1351 3266 ad
1382 3224 1485 3277 Eph.
1521 3238 1553 3267 c.
1586 3226 1622 3268 8.
