2340 3900
490 165 700 222 nostru
729 164 1004 214 RPlSToLA
1036 166 1108 213 ln
1144 142 1491 218 summos.
1528 163 1580 215 v.
1618 162 1689 212 vi.
1723 162 1816 212 v11.
2025 162 2119 214 191

166 321 255 357 nse
288 305 429 356 loeis
458 305 547 363 lux,
578 304 666 353 sed
697 317 787 355 nec
816 303 1109 366 Evangelium
1143 308 1191 352 in
1226 305 1351 353 bunc
1386 318 1534 367 usque
1570 304 1717 363 diem,
1751 316 1904 367 noque
1937 309 2123 352 nostrae

166 376 452 440 singulorum
483 374 740 437 passiones·
809 373 919 421 Nam
954 379 1004 421 et
1038 374 1095 422 de
1128 374 1262 422 nobis
1298 375 1419 423 idem
1453 374 1671 423 sentiunt.
1719 373 1837 431 Quid
1871 373 1992 422 enim
2011 374 2123 422 mihi

165 447 369 509 prodest.
402 445 447 493 si
477 444 581 506 quis
613 457 688 492 me
721 442 894 500 laudet,
926 443 1166 492 Dominum
1203 451 1352 491 autem
1388 458 1539 492 meum
1567 443 1866 507 blasphemet,
1901 457 2004 492 eum
2029 457 2124 492 car·

163 530 268 564 nem
295 514 576 572 ,assumsisse
609 513 813 575 negans?
886 512 971 570 Qui
1018 527 1129 560 vero
1176 514 1222 560 id
1257 527 1350 561 non
1388 513 1656 575 profitetur,
1703 515 1743 562 is
1790 527 1987 576 prorsus
2019 527 2124 563 eum

162 584 354 647 negavit,
388 584 490 645 ipse
537 583 675 631 funus
711 589 930 645 portans:
989 582 1180 630 Nomina
1227 596 1337 629 vero
1385 597 1568 642 eorum,
1621 598 1725 631 clun
1773 584 1865 632 sint
1909 582 2124 643 infidelia,

161 668 255 702 non
287 654 432 701 visum
466 653 578 700 mihi
615 659 686 700 est
722 651 944 700 scribere.
1001 653 1054 699 Et
1089 652 1208 700 absit
1244 666 1268 699 a
1288 666 1373 709 me,
1398 658 1628 700 uteorum
1651 650 1928 702 mentionem
1947 653 2124 713 faciam,

163 724 310 772 donec
346 728 633 770 revertantur
668 722 725 769 ad
759 723 1023 784 passionem
1057 721 1237 779 Christi,
1276 736 1393 782 quae
1426 729 1498 768 est
1530 730 1685 770 nostra
1722 724 2019 773 resurrectio.

162 822 249 869 tiae
281 834 583 882 persuasere,
631 833 782 882 neque
819 819 894 867 lex
926 818 1149 875 Mosaica,
1186 831 1338 879 neque
1374 819 1525 879 ipsum
1559 819 1849 882 Evangelium
1885 821 2122 878 hactenuS,

162 904 310 953 neque
358 891 536 948 nostri,
592 904 710 952 quos
758 888 925 952 singuli
975 888 1283 951 perferimuS,
1341 889 1595 936 cruciatus:
1660 904 1764 937 nam
1802 897 1849 938 et
1883 889 1940 938 de
1989 889 2123 938 nobis

160 959 280 1008 idem
318 961 536 1007 sentiunt.
607 959 726 1017 Quid
761 958 881 1006 enim
916 959 1027 1006 mihi
1061 953 1278 1020 prodest',
1330 957 1368 1004 si
1419 958 1522 1018 quis
1561 972 1632 1006 me
1670 959 1847 1017 laudet,
1885 959 2124 1007 Dominum

157 1036 307 1078 autem
341 1043 493 1077 meum
529 1028 828 1091 blasphemet,
865 1042 958 1076 non
995 1026 1223 1075 confitens
1263 1028 1411 1089 ipsum
1449 1041 1584 1074 carne
1612 1028 1850 1075 indutum?
1893 1029 1977 1086 Qui
2014 1042 2123 1077 vero

157 1099 206 1147 id
252 1112 346 1146 non
394 1099 529 1156 dicit,
574 1113 769 1162 prorsus
818 1097 970 1163 ipsum
1004 1098 1207 1160 negavit,
1253 1098 1449 1145 cadaver
1499 1097 1839 1145 circumferens
1913 1098 2123 1148 Ceterum

157 1237 276 1288 absit
305 1252 336 1286 a
369 1252 476 1297 me,
510 1244 563 1286 ut
595 1252 755 1286 eorum
792 1238 1071 1286 mentionem
1119 1237 1308 1296 faciam,
1355 1237 1503 1285 donec
1546 1237 1821 1300 resipiscant
1857 1238 1914 1285 ad
1948 1239 2125 1301 passio·

157 1321 284 1368 nun,
320 1322 439 1371 quae
475 1315 549 1357 est
585 1315 745 1357 nostra
779 1307 1077 1356 resurrectio.

188 1434 261 1483 vl.
330 1435 427 1494 Qun·
458 1449 555 1484 non
588 1435 735 1484 credit
766 1435 820 1483 in
852 1436 1133 1498 sanquinem
1169 1434 1361 1487 Christi,
1411 1433 1723 1487 iudicabitur,
1775 1433 1860 1481 etsi
1893 1432 2092 1494 anyelus

315 1524 324 1531 ”
540 1524 671 1566 esset·
738 1518 1001 1567 Haereticis
1032 1519 1134 1565 istis
1169 1518 1307 1565 etiam
1342 1517 1535 1564 virtutes
1571 1519 1749 1564 desunt.
1842 1547 1848 1551 -

295 1615 436 1663 Nemo
470 1622 610 1664 erret.
679 1613 736 1663 Et
770 1615 810 1663 si
847 1614 1091 1674 coelesteS‚
1128 1622 1175 1663 et
1211 1614 1355 1677 gloria
1392 1613 1672 1675 angelorum,
1711 1620 1757 1661 et
1790 1613 2025 1676 principes
2063 1615 2124 1661 vi·

156 1684 314 1734 sibiles
348 1691 394 1733 et
425 1685 673 1734 invisibiles
719 1699 815 1733 non
851 1685 1043 1733 credant
1084 1686 1132 1733 in
1179 1685 1445 1747 sanguinem
1481 1684 1673 1742 Christi,
1720 1690 1766 1731 et
1814 1684 1902 1746 ipsi
1956 1684 2124 1731 iudica·

155 1753 340 1803 buntur.
407 1755 523 1814 ,Qui
577 1769 743 1818 capere
780 1761 955 1817 potest,
1004 1752 1190 1817 capiat.‘
1260 1754 1412 1802 Locus
1465 1754 1694 1802 neminem
1740 1752 1929 1812 efferat3
1981 1760 2124 1801 totum

154 1825 278 1873 enim
310 1832 383 1873 est
415 1824 533 1875 fides
567 1833 616 1873 et
649 1825 870 1882 charitas,
918 1824 1085 1887 quibus
1122 1825 1237 1873 nihil
1271 1825 1592 1888 praestantius
1652 1823 1962 1871 considerate
2014 1837 2122 1871 vero

154 1906 261 1953 eos,
298 1896 376 1956 qui
411 1895 470 1943 de
504 1896 650 1957 gratis
683 1895 788 1943 lesu
822 1895 1014 1952 Christi,
1067 1909 1183 1956 quae
1221 1895 1278 1942 ad
1313 1909 1398 1942 nos
1434 1894 1579 1951 venit,
1634 1894 1825 1941 alienam
1861 1894 2124 1956 opinionem

152 1970 352 2021 tuonmr,
388 1965 621 2026 quomodo
658 1965 877 2013 contrarii
913 1965 1007 2011 sint
1041 1964 1216 2012 divinae
1252 1964 1484 2011 voluntati.
1534 1964 1635 2011 Non
1663 1963 1861 2011 charitas
1894 1964 1961 2011 eis
1988 1977 2123 2011 curae

156 2039 242 2087 est
278 2046 372 2080 non
405 2034 557 2092 vidua,
589 2047 686 2082 non
719 2033 904 2097 pupilla,
941 2047 1035 2081 non
1071 2047 1339 2097 oppressus,
1376 2047 1469 2082 non
1501 2034 1679 2081 vinctus
1706 2032 1779 2080 vel
1803 2033 1994 2092 solutus,
2031 2046 2123 2080 non

155 2103 364 2150 estu-iens
394 2102 467 2152 vel
505 2103 680 2151 sitiens.

294 2192 319 2219 ⁶
340 2198 412 2246 Vl.
479 2199 623 2248 Nemo
660 2205 811 2257 erret,
846 2205 893 2247 et
929 2196 1177 2258 coelestia,
1208 2206 1255 2248 et
1290 2199 1434 2263 gloria
1467 2198 1768 2262 Angelorum,
1805 2205 1851 2247 et
1887 2199 2122 2263 principes

156 2268 357 2317 visibiles
403 2276 450 2317 et
494 2269 756 2318 invisibiles.
827 2268 876 2316 Si
923 2283 1014 2316 non
1062 2269 1294 2318 credimus
1342 2270 1387 2316 in
1436 2269 1703 2331 sanguinem
1750 2269 1938 2326 Christi,
1988 2271 2121 2318 etiam

155 2336 242 2385 illis
276 2338 494 2387 iudicium
515 2347 600 2388 est.
673 2338 773 2397 ‚Qui
810 2339 945 2400 capit,
984 2336 1172 2402 capiatz‘
1218 2339 1347 2387 locus
1384 2340 1611 2386 neminem
1635 2338 1786 2387 inflet:
1834 2345 1979 2386 totum
1999 2353 2120 2386 nam·

155 2420 245 2469 que
291 2415 340 2456 et
381 2409 679 2471 praecipuum
734 2415 807 2456 est
857 2407 998 2466 tides,
1035 2415 1080 2456 et
1116 2409 1303 2467 caritas,
1342 2408 1511 2470 quibus
1546 2408 1659 2455 nihil
1694 2408 2000 2470 praestantius
2038 2416 2121 2456 est.

154 2475 449 2525 Considerate
483 2484 634 2525 autem
667 2479 776 2535 eos',
811 2477 891 2539 qui
926 2477 1071 2525 aliena
1108 2478 1310 2525 sentiunt
1346 2478 1403 2524 de
1451 2477 1596 2539 gratia
1633 2477 1735 2524 lesu
1773 2476 1966 2535 Christi,
2004 2491 2119 2540 quae

151 2544 198 2591 in
232 2558 319 2594 nos
355 2547 582 2608 pervenit,
619 2547 854 2609 quomodo
901 2547 1198 2595 adversentur
1245 2547 1495 2595 sententiae
1531 2547 1612 2594 Dei
1645 2547 1768 2595 circa
1804 2547 2120 2595 dilectionem:

151 2613 272 2663 nulls
306 2615 422 2679 ipsis
458 2629 571 2664 cura
602 2622 674 2665 est
706 2629 861 2679 neque
897 2616 954 2664 de
993 2616 1138 2675 vidua,
1176 2630 1328 2680 neque
1367 2617 1423 2665 de
1460 2616 1650 2680 pupi110,
1676 2631 1829 2679 neque
1853 2617 1908 2665 de
1933 2616 2120 2676 afflicto,

151 2697 299 2747 neque
345 2685 403 2733 de
452 2685 630 2745 vincto;
677 2700 831 2749 neque
881 2685 938 2735 de
986 2685 1203 2745 liberato,
1251 2700 1403 2750 neque
1450 2686 1505 2735 de
1542 2686 1775 2735 esuriente
1811 2692 1891 2734 aut
1926 2687 2122 2736 sitiente.

151 2806 241 2856 vn.
309 2810 547 2860 mmet·
579 2813 658 2861 εεα·
690 2814 922 2862 assu-esu
966 2814 1027 2861 αι»
1062 2812 1392 2868 summata,
1448 2829 1638 2863 carnem
1670 2815 1840 2864 enneae·
1885 2827 1988 2862 eam
2024 2800 2121 2862 eise

737 2901 973 2959 senentes.
1043 2897 1331 2946 accedamus
1368 2898 1428 2946 ab
1463 2899 1537 2946 iis.

298 2987 369 3036 Ab
410 2988 696 3039 hehsristis
741 2998 791 3041 st
837 2993 1045 3042 oratione
1078 2994 1337 3053 abstinent,
1391 3008 1449 3044 eo
1499 2996 1624 3057 quod
1659 3009 1752 3043 non
1797 2991 2118 3050 confiteantur,

154 3054 482 3106 &christiam
517 3071 703 3109 esrum
738 3073 845 3110 esse
882 3060 1118 3111 salvatoris
1157 3065 1305 3112 nostri
1340 3064 1446 3113 lesu
1466 3065 1651 3124 Christi,
1691 3077 1807 3126 quae
1845 3076 1932 3125 pro
1956 3075 2115 3125 pecca·

152 3127 210 3174 tis
247 3126 419 3175 nostris
454 3141 591 3192 pssss
622 3137 709 3191 est,
743 3143 973 3195 quamque
1009 3130 1144 3180 Pater
1179 3130 1457 3198 benignitate
1495 3150 1578 3185 sua
1602 3133 1847 3183 suscitavit.
1899 3131 1984 3191 Qui
2004 3144 2116 3195 ergo

288 3219 311 3245 ⁴
337 3222 424 3272 vu.
487 3223 770 3276 Eucharistis
816 3234 863 3276 et
910 3229 1115 3277 oratione
1164 3227 1415 3291 abstinent,
1454 3245 1511 3281 eo
1549 3231 1673 3295 quod
1710 3244 1800 3278 non
1839 3228 2118 3278 confitentur

149 3290 477 3341 Eucharistism
513 3309 698 3345 carnem
734 3309 840 3346 esse
866 3293 1112 3347 salvatoris
1166 3300 1314 3348 nostri
1348 3299 1454 3350 lesu
1481 3302 1676 3359 Christi,
1726 3313 1842 3362 quae
1878 3313 1964 3362 pro
2009 3311 2115 3362 pec·

152 3361 265 3411 estis
327 3364 503 3413 nostris
562 3379 699 3429 passa
769 3374 866 3423 est,
938 3382 1072 3431 quam
1132 3381 1214 3416 sua
1282 3368 1563 3434 benignitate
1622 3370 1756 3418 Pater
1813 3368 2114 3417 resuscitavit.

151 3490 191 3576 ι.
218 3479 316 3523 2³1.
358 3480 427 3525 sd.
453 3474 670 3539 zeutan).
734 3484 923 3528 Nostram
970 3493 1101 3529 tsmen
1244 3484 1291 3540 2)
1319 3486 1417 3533 τῶν
1434 3487 1512 3531 lac.
1543 3486 1698 3540 recepit
1726 3499 1770 3529 ex
1790 3485 1835 3539 L,
1866 3485 2116 3542 approbante

400 3537 523 3584 efl-
552 3539 739 3594 messit
763 3542 1001 3585 Amabant
1034 3557 1102 3587 ve·
1161 3555 1266 3586 nunc
1298 3542 1349 3594 C,
1377 3543 1418 3587 ln
1448 3545 1562 3587 cuius
1592 3556 1717 3595 marg.
1755 3556 1859 3586 man.
1893 3556 1975 3588 sec.
2006 3541 2115 3604 περὶ

153 3591 380 3636 tussersio.
410 3591 586 3643 kusins.
623 3595 755 3641 codd.
777 3597 807 3639 C
830 3598 860 3641 1.
882 3601 1102 3643 membrum
1162 3602 1242 3653 τῆς
1276 3596 1589 3659 εὐχαριστίας.
1628 3598 1734 3653 ΝΜ.
1775 3611 1900 3654 sopra
1940 3613 1975 3645 c.
2005 3597 2045 3645 2.
2077 3606 2115 3641 et

151 3646 336 3690 abibo!
367 3648 575 3706 bunun.
600 3652 719 3699 aaa
752 3654 1099 3705 voulut-etum.
1158 3657 1233 3710 Ep.
1266 3654 1317 3698 sd
1349 3655 1472 3699 Trall.
1504 3670 1539 3699 c.
1569 3657 1610 3700 9.
