2340 3900
234 165 289 201 vt
1038 148 1360 194 PRAEFATIO.

236 287 389 346 licuit,
438 282 808 334 Clementissimi
862 282 1187 330 Borussorum
1223 280 1366 345 Regis
1413 277 1652 344 stipendio
1690 272 1836 323 adiuti
1885 287 1976 321 nos
2033 271 2178 337 primi

238 370 541 413 erueramus,
589 352 712 401 haud
763 349 904 398 dubie
941 348 1176 397 eiusmodi
1214 355 1354 398 erant
1391 348 1452 397 ob
1497 345 1758 395 novitatem
1797 341 2092 405 pondusque,
2128 346 2181 389 ut

241 422 674 487 quomodocunque
737 418 854 466 iuris
917 415 1093 481 publici
1147 416 1361 466 facienda
1415 415 1700 464 viderentur.
1781 409 1936 458 Taceo
1985 407 2180 475 reliqua,

242 506 359 555 quae
390 489 447 538 ab
485 489 590 537 aliis
629 485 824 550 intelligi
864 484 1039 546 malim,
1077 500 1216 550 quam
1252 501 1275 533 a
1315 501 1391 534 me
1429 482 1534 531 dici.

378 555 627 606 Elaboravi
665 554 808 619 igitur
847 552 1108 603 editionem
1157 559 1286 602 textu
1322 551 1474 602 ubivis
1521 549 1579 599 ad
1618 546 1913 612 optimorum
1949 544 2181 594 Codicum

243 626 383 675 fidem
420 624 584 672 critica
622 638 730 671 cum
765 620 1059 671 conscientia
1095 620 1370 681 constituto,
1403 619 1566 683 iisque,
1605 631 1721 681 quas
1748 619 1939 679 egomet
1962 612 2067 677 ipse
2102 612 2180 661 in-

239 693 368 753 veni,
416 692 558 740 variis
592 689 876 739 lectionibus
908 689 1154 738 adornato.
1225 690 1353 751 Quae
1392 687 1470 735 hic
1506 684 1601 734 illic
1648 683 1698 731 in
1744 682 1879 731 libris
1927 681 2181 746 impressis

239 761 454 810 inventae
492 765 648 818 erant,
704 774 784 807 eas
822 774 877 807 ex
911 763 1046 822 parte
1081 764 1297 822 repetere
1333 754 1483 814 nolui,
1532 751 1639 817 quia
1676 751 1796 799 fides
1832 749 2046 814 ipsarum
2081 765 2181 798 non

240 827 391 878 ubivis
418 834 545 876 certa
582 825 842 875 videbatur.
912 826 980 875 Ac
1015 841 1092 874 me
1130 825 1254 874 haud
1290 822 1560 872 inconsulto
1585 820 1634 869 id
1670 819 1855 880 fecisse,
1890 817 1989 866 imo
2026 818 2182 866 facere

241 895 485 955 debuisse,
534 910 723 946 mecum
759 893 1003 954 fatebitur,
1052 894 1131 958 qui
1169 909 1224 942 ex
1261 891 1390 941 notis
1427 887 1738 948 intellexerit,
1775 886 1998 952 quotiens
2035 885 2181 935 etiam

241 980 357 1028 quas
394 962 660 1012 novissimo
697 962 865 1013 critico
903 962 1131 1012 debemus
1170 960 1398 1010 Codicum
1434 957 1666 1008 lectiones
1713 971 1819 1005 mea
1867 969 1980 1005 cura
2015 969 2181 1004 emen-

239 1031 420 1081 dandae
467 1030 658 1081 fuerint.
730 1031 798 1081 Ac
844 1029 1031 1094 saepius
1081 1030 1298 1094 profecto
1352 1027 1476 1091 apud
1510 1025 1701 1090 priores
1749 1024 1962 1078 editores
2007 1022 2058 1072 in
2103 1022 2182 1071 illa

237 1106 372 1163 parte
405 1106 520 1164 post
555 1115 763 1149 messem
804 1114 1034 1157 messore,
1070 1104 1181 1162 post
1218 1102 1394 1146 tectum
1445 1093 1708 1148 architecto
1749 1109 1870 1158 opus
1907 1097 2022 1143 erat.
2092 1091 2182 1147 Est

238 1169 363 1218 sorte
403 1167 482 1233 qui
518 1167 670 1227 dicat,
713 1183 805 1217 nos
841 1167 891 1216 in
928 1166 1094 1216 critica
1140 1171 1274 1230 parte
1323 1179 1461 1213 sacco
1513 1168 1730 1212 serentes
1764 1161 1899 1212 utilia
1934 1158 2182 1217 inutilibus

236 1235 592 1300 permiscuisse,
627 1235 848 1301 albaque,
894 1241 946 1285 ut
979 1234 1174 1293 dieitur,
1212 1233 1334 1282 linea
1370 1232 1474 1285 sine
1525 1246 1636 1280 cura
1685 1229 1982 1281 discriminis
2028 1228 2183 1284 solam

239 1303 427 1369 copiam
464 1309 673 1353 sectatos
711 1303 1024 1354 converrisse.
1094 1302 1243 1352 Aliter
1291 1317 1402 1350 vero
1452 1300 1556 1365 ipse
1594 1299 1776 1349 sentio:
1814 1298 1988 1367 quippe
2037 1296 2183 1354 etiam

238 1366 296 1423 ἐν
330 1364 642 1437 ἀδιαφόροις
676 1372 900 1437 religiose
934 1371 1139 1421 fontium
1174 1369 1504 1420 auctoritatem
1536 1367 1751 1418 venerari
1787 1368 1862 1421 ius
1897 1367 2062 1432 fasque
2095 1371 2183 1415 est.

241 1440 358 1499 Quis
394 1447 552 1491 autem
589 1441 771 1490 inutilia
808 1456 862 1489 ea
897 1439 1080 1499 dixerit,
1117 1454 1233 1504 quae
1268 1444 1506 1503 utcunque
1531 1443 1640 1502 apta
1675 1437 1792 1487 fiant
1826 1435 1886 1484 ad
1921 1433 2182 1490 restituen-

241 1508 354 1558 dum
389 1508 647 1574 genuinum
685 1515 865 1558 textum
901 1523 1068 1557 eorum
1106 1506 1425 1571 Scriptorum,
1463 1505 1542 1571 qui
1581 1520 1699 1570 quae
1733 1503 1888 1557 literis
1923 1502 2182 1567 consigna·-

239 1583 364 1637 runt,
402 1594 458 1626 ex
491 1576 596 1626 τῶν
633 1568 900 1626 αἰτοπτῶν
932 1575 1028 1625 τοῦ
1064 1567 1251 1639 Λόγου
1284 1591 1370 1627 ore
1409 1572 1710 1624 hauserunt?

379 1645 447 1694 Ac
483 1646 570 1694 suit
589 1645 795 1710 quidem,
832 1661 940 1695 cum
963 1653 1152 1710 tempus
1180 1661 1366 1709 quoque
1397 1649 1721 1709 opportunum
1751 1656 2036 1695 concessum
2061 1638 2183 1697 mihi

240 1715 345 1763 fore
380 1714 641 1763 arbitrarer
690 1720 871 1763 textum
907 1712 1255 1763 commentario
1289 1727 1489 1776 prorsus
1525 1727 1649 1763 novo
1678 1709 1960 1765 illustrandi.
2031 1709 2184 1769 Quam

239 1798 375 1846 spem
411 1798 520 1831 cum
556 1782 681 1831 haud
714 1782 948 1832 inoffensa
980 1782 1209 1841 valetudo,
1244 1787 1346 1830 tum
1370 1780 1574 1830 maxime
1609 1795 1772 1829 rerum
1809 1777 2184 1833 domesticarum

238 1850 548 1899 adversitates
602 1850 1077 1914 necessitudinesque
1124 1850 1415 1910 fefellerunt,
1478 1856 1531 1901 ut
1580 1848 1736 1898 rarius
1780 1853 1972 1913 paratae
2020 1851 2185 1899 essent

238 1918 574 1979 remissiones,
627 1918 797 1983 quibus
833 1917 1044 1978 animuS‚
1098 1917 1423 1968 interstitione
1459 1917 1613 1983 aliqua
1649 1923 1728 1966 aut
1763 1915 2068 1982 negotiorum
2104 1920 2185 1969 aut

240 1985 491 2035 infortunii
527 1986 788 2036 memoriae
835 1987 966 2046 data,
1010 1986 1155 2037 laxari
1201 1985 1532 2051 indulgerique
1575 1992 1745 2050 posset
1786 1985 1847 2036 ad
1905 1982 2183 2039 istiusmodi

238 2069 359 2117 opus
408 2053 502 2102 rite
549 2054 863 2104 condendum.
933 2053 1118 2104 Idcirco
1179 2053 1392 2105 virorum
1428 2055 1684 2106 doctorum
1720 2060 1860 2106 notas
1895 2052 2038 2108 simul.
2073 2067 2183 2108 cum

237 2121 420 2171 nostris
455 2123 765 2183 subdidiinUS,
810 2138 871 2171 ne
908 2121 1087 2172 diutius
1118 2139 1197 2173 res
1227 2128 1475 2175 tereretur.
1548 2123 1731 2183 Quodsi
1764 2120 2075 2188 inaequalitas
2107 2119 2184 2171 in-

237 2195 458 2254 certaque
494 2191 637 2251 ratio,
676 2206 815 2255 quam
865 2190 991 2240 inter
1027 2197 1182 2240 textus
1221 2191 1367 2242 fidem
1404 2197 1452 2241 et
1487 2191 1948 2243 commentariorum
1994 2188 2184 2254 copiam

236 2257 437 2306 antehac
468 2257 629 2307 videre
665 2265 780 2320 erat,
816 2265 986 2308 nostro
1023 2259 1187 2309 labore
1225 2259 1446 2311 nonnihil
1472 2260 1673 2320 evanuit,
1708 2260 1811 2310 eius
1835 2274 1928 2309 nos
1962 2259 2183 2324 profecto

234 2340 334 2374 non
367 2325 644 2389 poenitebit.
1714 2365 1739 2384 0

373 2394 471 2442 Nec
505 2410 707 2457 possum
743 2394 857 2459 quin
895 2395 1072 2459 gratias
1096 2411 1233 2461 agam
1255 2395 1572 2446 Constantino
1600 2395 1982 2455 Tischendorfio,
2020 2394 2182 2448 Theo·

241 2461 462 2526 logorum
499 2462 782 2512 Germaniae
817 2463 993 2523 decori,
1032 2464 1111 2529 qui
1148 2479 1248 2513 non
1284 2464 1441 2515 solum
1468 2464 1672 2514 consilio
1709 2480 1787 2514 me
1816 2465 2018 2516 multum
2046 2462 2182 2512 adiu-

238 2544 354 2578 vans
390 2545 446 2579 ex
485 2545 596 2579 suae
632 2531 881 2580 doctrinae
917 2547 1044 2596 penu
1082 2547 1268 2581 summa
1303 2548 1412 2582 cum
1447 2532 1777 2583 benevolentia
1812 2548 1867 2582 ac
1902 2532 2184 2586 liberalitate

235 2597 385 2646 hocce
423 2614 544 2662 opus
578 2598 893 2663 locupletavit,
931 2601 1014 2650 sed
1052 2600 1265 2666 quamvis
1302 2600 1579 2651 muneribus
1606 2601 1705 2652 suis
1741 2601 1919 2652 mirum
1953 2606 2182 2668 quantum

234 2671 494 2730 occupatus
541 2667 684 2718 etiam
733 2667 847 2717 nulli
894 2667 944 2716 in
991 2669 1315 2733 promovenda
1360 2669 1463 2734 ipsa
1515 2670 1725 2721 editione
1771 2686 1910 2721 curae
1954 2668 2183 2737 pepercit.

233 2733 303 2783 Ne
338 2734 512 2784 mtdta:
556 2751 677 2800 opus
712 2742 934 2786 nostrum
969 2737 1012 2786 is
1047 2738 1187 2787 docte
1222 2738 1517 2804 inauguravit
1553 2739 1861 2804 sacravitque.

372 2815 646 2867 Scribebam
680 2818 860 2868 Romae
894 2818 1016 2884 prid.
1054 2821 1147 2871 Cal.
1185 2821 1386 2871 Sextiles
1429 2819 1574 2872 1856.
