2340 3900
724 166 794 212 DE
830 163 1062 213 HERMAE
1101 166 1188 212 GR.
1226 166 1360 213 LIPS.
1397 163 1598 212 FONTE.
2004 170 2161 209 xmrn

319 297 542 348 Iamvero
589 298 643 348 in
686 299 1024 364 percensendo
1061 299 1247 350 Graeco
1285 299 1382 350 isto
1419 299 1629 350 Hermae
1666 297 1748 366 qui
1784 301 2162 374 putatur-textu,

178 381 344 435 quem,
394 372 451 416 ut
496 366 756 419 maximam
805 377 938 420 certe
983 375 1174 433 partem
1220 386 1277 419 ex
1312 368 1498 420 falsatis
1535 367 1804 419 Simonidis
1840 365 2036 416 sched1s
2072 366 2161 415 ha-

176 436 327 498 hunt„
357 434 521 486 editor
581 437 812 505 princeps
877 453 1094 490 summae
1149 439 1425 505 antiquitati
1464 437 1768 489 Christianae
1811 434 2158 514 vindicandum

177 505 313 556 duxit
358 519 469 555 cum
514 521 670 572 eoque
714 508 855 559 multi
891 506 1069 558 litteris
1109 506 1400 558 Christianis
1436 507 1658 574 gratulati
1685 513 1811 570 sunt,
1846 521 1963 584 mox
1997 519 2158 583 111νε111

178 573 352 641 quibus
395 574 709 627 vehementer
753 578 1065 629 offenderem.
1135 577 1287 627 Erant
1322 577 1561 627 eiusmodi
1599 593 1721 644 quae
1757 576 1880 627 mihi
1917 589 2159 640 suspicio-

178 658 292 695 nem
341 652 733 709 commoverent,
783 647 966 698 Graeca
1011 661 1039 695 a
1075 646 1327 696 Simonide
1374 647 1580 697 feliciter
1616 647 1695 697 illa
1732 645 1931 713 quidem
1968 650 2162 722 reperta

177 729 332 780 neque
375 712 475 764 ullo
520 714 670 765 modo
706 716 769 767 ab
801 717 911 783 ipso
950 717 1061 767 ficta
1099 714 1234 782 (quid
1264 716 1393 782 quod
1430 732 1490 766 ne
1526 716 1729 782 legendo
1770 713 2162 792 quidem-codici

175 799 266 851 par
303 779 465 848 erat?)
510 798 611 834 non
638 791 738 836 tam
772 787 926 838 altero
963 793 1079 853 post
1115 786 1228 836 Chr.
1265 785 1455 835 saeculo
1494 802 1638 852 quam
1675 792 1830 836 aetate
1861 784 2022 834 media
2053 789 2162 861 orta

177 869 300 915 esse,
338 868 430 904 nec
462 869 573 904 eum
606 854 839 920 praebere
875 862 1058 907 textum
1094 855 1221 905 unde
1257 862 1395 905 vetus
1429 855 1670 920 interpres
1697 855 1901 906 Latinus
1932 853 2162 914 hauserit,

179 922 266 974 sed
304 938 400 990 quo
436 923 546 989 quis
578 923 883 990 deperditum
918 926 1155 977 Graecum
1191 924 1579 991 compensaverit
1612 924 1784 975 Latina
1822 929 2127 1002 convertens,

318 992 451 1053 (hiae
498 993 957 1059 animadverteram,
1023 1011 1116 1061 pro
1163 994 1236 1045 rei
1286 1010 1406 1061 quae
1462 993 1584 1043 mihi
1628 994 1882 1044 videbatur
1930 999 2160 1072 gravitate

181 1062 339 1113 facere
387 1077 489 1112 non
534 1063 673 1128 potui
720 1066 837 1132 quin
883 1082 995 1116 cum
1031 1065 1220 1116 editore
1255 1063 1476 1130 principe
1510 1063 1615 1114 viro
1654 1063 1701 1113 S.
1737 1064 1788 1113 V.
1828 1078 2161 1113 communica-

177 1147 298 1194 rem,
334 1147 435 1183 non
469 1133 770 1198 praeteriens
806 1135 922 1203 quid
951 1134 1075 1187 lucis
1111 1135 1314 1185 eandem
1349 1134 1421 1184 ad‘
1447 1133 1785 1199 quaestionem
1819 1133 2016 1183 afferret
2038 1147 2161 1183 nova

183 1208 341 1252 textus
373 1201 535 1253 Latini
569 1204 792 1256 recensio
829 1205 890 1257 ab
924 1206 1029 1256 Alb.
1049 1204 1247 1256 Dressel
1280 1221 1337 1255 ex
1361 1203 1465 1254 cod.
1489 1203 1708 1254 Palatino
1732 1202 1953 1253 Romano
1978 1203 2161 1252 hausta.

178 1270 264 1322 lile
305 1287 447 1334 vero,
494 1288 591 1340 quo
626 1274 887 1340 explicaret
919 1274 1167 1338 nescienS,
1203 1290 1295 1326 nec
1331 1274 1563 1339 ignorans
1595 1279 1893 1349 quantopere
1925 1287 1952 1321 a
1988 1272 2158 1321 falsato

179 1339 448 1392 Simonidis
494 1344 775 1410 apographo
810 1361 978 1396 verum
1012 1344 1251 1407 differret,
1292 1359 1582 1412 quamquam
1615 1357 1716 1393 non
1750 1341 2035 1407 negllgenda
2068 1356 2160 1406 pu-

180 1411 313 1462 tabat
358 1427 387 1462 a
433 1427 513 1463 me
553 1412 765 1478 primum
801 1415 1078 1477 observata,
1127 1431 1335 1482 quorum
1370 1413 2056 1490 auctoritatem-magnopere·
2075 1427 2160 1489 au-

179 1480 321 1546 gebat
363 1481 500 1533 locus
545 1497 604 1534 ex
649 1483 857 1536 historia
901 1486 1083 1537 fraudis
1135 1485 1445 1536 Simonideae
1491 1483 1762 1550 Lipsiens1s
1808 1496 1905 1531 lam
1952 1486 2160 1559 notlss1-

178 1549 367 1616 mus‘),
414 1558 577 1604 tamen
621 1569 780 1606 meam
831 1555 884 1606 in
929 1555 1221 1607 sententiam
1268 1555 1397 1606 haud
1443 1553 1716 1605 concessit:
1779 1550 1982 1630 urgebat
2029 1566 2160 1602 enlm

178 1635 328 1686 quum
373 1621 466 1672 alia
512 1623 743 1690 quaedam
789 1653 860 1662 —-
907 1632 962 1677 ut
1011 1622 1165 1692 ῥᾶξαι
1209 1626 1367 1676 Mand.
1413 1625 1479 1688 X,
1533 1626 1575 1674 1.
1623 1623 1799 1674 collato
1845 1617 2000 1688 ῥηξαι
2035 1621 2161 1687 apud

177 1690 476 1742 Clementem
522 1692 895 1747 Alexandrinum
908 1694 952 1764 ⁶)
998 1725 1067 1733 —-
1121 1703 1224 1747 tum
1269 1711 1380 1746 eum
1428 1694 1509 1762 qui
1554 1693 1683 1744 inter
1718 1698 1902 1743 textum
1937 1707 1995 1741 ex
2029 1691 2159 1770 Atho

178 1768 347 1811 monte
391 1761 453 1812 ad
501 1778 595 1813 nos
639 1764 895 1817 advectum
942 1774 993 1818 et
1042 1767 1223 1818 Graeca
1269 1766 1477 1816 Hermae
1525 1765 1796 1830 fragmenta
1842 1778 1869 1812 a
1916 1761 2160 1840 veterlbus

175 1829 316 1881 allata
372 1839 506 1883 essct
551 1833 798 1900 egregium
854 1852 1163 1888 consensum.
1258 1836 1443 1897 Quibus
1493 1833 1752 1901 diligenter
1803 1847 2061 1898 perpensls
2108 1837 2162 1880 ut

175 1914 336 1951 meam
380 1909 622 1955 mutarem
665 1905 958 1958 sententiam
1001 1907 1188 1958 moveri
1220 1922 1321 1958 non
1355 1905 1507 1972 potui.
1581 1905 1740 1982 Quum
1781 1908 1966 1964 autem,
2014 1908 2069 1951 ut
2104 1917 2162 1951 ex

176 1969 282 2035 ipsa
323 1972 397 2022 ed.
444 1987 518 2038 pr.
564 1974 715 2024 modo
762 1976 1059 2042 exscriptum
1107 1983 1206 2038 est,
1263 1977 1481 2043 quaestio
1519 1975 1571 2025 in
1604 1988 1830 2050 universa
1865 1972 1957 2050 hac
1993 1986 2161 2049 caussa

175 2041 458 2104 gravissima
507 2042 573 2093 sit
621 2043 683 2094 de
718 2044 933 2095 fontibus
968 2046 1159 2113 fideque
1195 2045 1404 2096 fontium
1439 2052 1598 2095 textus
1637 2043 1807 2092 Graeci
1845 2058 1882 2119 a·
1909 2040 2160 2119 S¹¹.¹¹⁰¹¹!d‘³

177 2108 384 2172 inventi,
429 2110 668 2179 nobisque
716 2113 806 2164 hac
841 2114 903 2164 de
939 2130 992 2165 re
1026 2116 1169 2180 longe
1205 2115 1344 2165 aliter
1378 2115 1597 2165 videatur
1631 2119 1774 2177 atque
1808 2110 1986 2160 editori
2020 2125 2158 2175 prm-

177 2177 298 2244 cipi‚
343 2179 427 2246 qui
463 2180 657 2232 curiosa
692 2182 968 2251 disertaque
1004 2185 1322 2252 explicatione
1361 2183 1748 2251 antiquissimam
1785 2180 2019 2230 Graecam
2054 2186 2160 2230 tex-

180 2253 259 2298 tus
294 2248 422 2300 illius
459 2250 697 2316 originem
734 2251 911 2304 docere
948 2256 1133 2306 studuit
1171 2255 1358 2321 sibique
1389 2255 1537 2317 „satis
1574 2250 1841 2317 superque“
1878 2248 2004 2328 (pag.
2043 2247 2159 2327 XV.)

176 2314 404 2369 demisse
440 2319 640 2382 videtur,
675 2321 894 2374 dicemus
929 2324 1141 2376 breviter
1173 2353 1243 2360 —
1279 2322 1689 2391 quemadmodum
1723 2334 1813 2385 per
1850 2326 2005 2369 otium
2046 2318 2161 2368 licet

173 2385 394 2437 alborum
429 2388 560 2439 mole
594 2406 723 2442 nunc
756 2391 916 2457 ipsum
953 2394 1194 2461 obrutis⁷)
1237 2417 1308 2430 -·
1344 2394 1516 2460 quihus
1534 2389 1865 2458 potissimum
1901 2404 2160 2454 argumen-

175 2455 240 2505 tis
275 2464 445 2508 nostra
479 2458 662 2510 nitatur
697 2461 948 2512 sententia.
1003 2461 1007 2466 ’

313 2525 607 2594 Respicienti
642 2530 703 2582 ad
740 2539 1049 2598 argumenta,
1107 2533 1279 2600 quibus
1314 2533 1388 2584 vir
1425 2531 1742 2584 doctissimus
1779 2529 1942 2595 Anger
1978 2534 2160 2579 textum

175 2638 250 2679 sed
301 2638 389 2691 ipse
437 2639 528 2681 cod.
571 2637 844 2685 δωδεκάτου
884 2642 947 2695 (ut
987 2643 1098 2698 ante)
1138 2647 1239 2688 τοῦς
1288 2647 1438 2688 ibidem
1467 2647 1530 2688 ed.
1571 2660 1631 2700 pr.
1667 2647 1829 2706 ἡμῶν,
1864 2666 1885 2694 e
1929 2652 2159 2694 coniectura

177 2691 335 2751 ὖμῶν;
374 2696 448 2737 sed
488 2697 576 2750 ipse
625 2698 716 2740 cod.
758 2702 877 2752 prim.
924 2714 1041 2742 manu
1075 2709 1299 2744 correctum
1331 2705 1453 2746 habet
1483 2703 1629 2761 ὑμῶν.
1688 2708 1796 2750 Inter
1827 2723 1872 2751 oa
1905 2723 2007 2763 quae
2040 2710 2159 2763 primi

176 2750 344 2802 legimus
375 2759 437 2794 est
463 2753 591 2795 Simil.
626 2755 689 2806 tx,
724 2756 790 2797 2⁴.
822 2754 1143 2809 ἀδιστάκτως,
1176 2760 1289 2800 cuius
1324 2761 1416 2802 loco
1448 2763 1512 2803 ed.
1544 2776 1608 2816 pr.
1645 2760 1673 2804 ἀ
1855 2767 1988 2808 habet.
2047 2767 2157 2808 Adde

173 2820 296 2861 snpra
326 2820 419 2862 pag.
449 2809 519 2852 74.
554 2811 617 2852 ed.
649 2824 711 2865 pr.
742 2810 977 2871 τάγματα,
1007 2817 1080 2857 sed
1111 2817 1198 2868 ipse
1231 2818 1322 2858 cod.
1359 2814 1532 2875 τάγμα.

287 2866 333 2917 5)
364 2866 425 2907 Cf.
470 2866 769 2921 Euthottungen
808 2873 909 2913 siber
952 2873 1028 2913 den
1077 2874 1273 2915 Simonid.
1317 2875 1434 2918 Dind.
1478 2878 1660 2918 Uranios.
1721 2879 1892 2931 Zweite,
1933 2881 2157 2922 vermehrte

173 2922 273 2963 Anu.
332 2922 416 2964 v0n
443 2922 551 2965 Alex.
580 2925 815 2979 Lykurgos,
858 2942 949 2982 pag.
979 2931 1018 2970 5.
1059 2937 1141 2971 not.
1176 2932 1210 2972 l.
1270 2933 1395 2983 Aegre
1437 2935 1646 2975 serendum
1693 2943 1753 2977 est
1787 2938 1896 2990 qnod
1927 2938 2002 2978 hac
2034 2938 2082 2978 de
2113 2951 2157 2978 re

175 2977 215 3019 in
246 2978 546 3031 prolegomenis
575 2982 639 3023 ed.
669 2996 731 3036 pr.
763 2985 861 3026 nihil
893 2999 1063 3039 prorsus
1093 2987 1262 3029 relatum
1299 2995 1382 3040 est,
1416 3003 1657 3045 quamquain
1691 3006 1712 3032 a
1746 3007 1836 3045 pag.
1870 2994 1963 3034 inde
1995 2995 2055 3034 XI.
2088 3007 2158 3034 us-

175 3046 253 3087 que
292 3035 343 3077 ad
373 3035 502 3078 xxm.
534 3040 718 3092 quaestio
749 3047 943 3083 tractatur
982 3043 1058 3093 „in
1090 3043 1273 3085 universa
1306 3046 1381 3086 hac
1411 3060 1551 3088 caussa
1584 3048 1814 3099 gravissima
1829 3051 1868 3099 ,“
1899 3057 2030 3091 utrum
2075 3051 2157 3091 sra-

174 3098 331 3141 gmenta
349 3092 501 3134 Graeca
517 3094 744 3148 Lipsiensia
773 3105 949 3149 „textum
979 3101 1211 3141 contineant
1241 3102 1520 3156 principalem,
1553 3119 1601 3145 an
1636 3118 1678 3145 ex
1713 3107 1874 3159 antiqua
1907 3106 2064 3147 demum
2095 3107 2158 3147 in-

173 3148 460 3201 terpretatione
491 3150 613 3192 latina
641 3152 681 3193 in
716 3166 944 3197 sermonem
973 3169 1160 3205 graecum
1193 3171 1388 3200 conversa
1418 3160 1499 3202 sint
1529 3175 1640 3203 more
1670 3164 1754 3203 aevi
1786 3163 2041 3216 potissimum
2072 3175 2157 3204 me-

178 3203 234 3245 dii
270 3206 519 3259 temporibus
551 3208 657 3251 baud
686 3210 921 3254 inusitato.“

286 3262 332 3313 6)
364 3263 413 3304 At
440 3263 480 3304 in
509 3263 730 3319 Clemente,
760 3281 878 3322 quem
909 3269 959 3310 ad
991 3270 1189 3312 edendnm
1221 3273 1384 3314 codices
1418 3275 1533 3326 pauci
1569 3289 1642 3317 nec
1676 3276 1910 3329 antiquitate
1941 3283 2009 3318 aut
2040 3277 2158 3319 boni-

174 3322 253 3359 tate
282 3319 523 3362 excellentes
553 3322 722 3365 adhibiti
750 3331 858 3378 sunt,
889 3326 1087 3380 interpres
1120 3328 1290 3370 Hermae
1318 3330 1495 3372 Graecus
1529 3339 1656 3373 aetate
1689 3333 1818 3373 media
1843 3333 1972 3385 ipsum
2005 3329 2156 3392 ῥάξαι,

173 3373 400 3417 :librariis
452 3389 540 3418 cum
584 3379 675 3421 trita
714 3393 813 3422 voce
852 3380 988 3440 ῥῆξαι
1031 3391 1322 3437 permutatum,
1371 3387 1489 3428 facile
1522 3388 1697 3429 invenire
1738 3395 1911 3441 poterat.
1972 3389 2156 3432 Ceterum

173 3426 312 3487 ῥάξαι
343 3456 401 3463 —
429 3440 620 3477 accentus
650 3436 690 3477 in
729 3439 965 3492 apographo
1002 3447 1041 3480 et
1075 3440 1185 3482 foliis
1216 3442 1370 3483 codicis
1401 3457 1524 3497 saepe
1556 3452 1693 3485 contra
1729 3446 1855 3496 legem
1895 3446 2019 3499 positi
2064 3455 2157 3488 sunt

174 3508 227 3516 —
256 3488 405 3541 optime
434 3491 657 3543 respondet
684 3493 827 3535 Latino
865 3496 1101 3547 „deiiciat,“
1132 3498 1356 3548 ‚,adlidat.“
1413 3501 1527 3553 Apud
1561 3502 1724 3542 Sumam
1756 3509 1839 3543 est:
1882 3498 2019 3562 ῥάξαι
2051 3501 2158 3548 ἀντὶ

176 3544 258 3585 τοῦ
286 3546 589 3598 καταβαλεῖν·
619 3544 770 3598 οὕτως
789 3548 1147 3609 Ἀπολλόδωρος.
1205 3555 1264 3596 Cf.
1299 3556 1416 3597 etiam
1450 3558 1589 3610 Steph.
1621 3558 1740 3599 Thes.
1772 3559 1846 3600 sub
1878 3573 1924 3601 ea
1956 3573 2068 3603 voce.

285 3600 334 3650 7)
363 3600 521 3643 Preium
562 3614 747 3647 exercent
779 3607 903 3649 editio
936 3609 1013 3651 Vll.
1044 3617 1181 3652 nostra
1218 3612 1317 3653 Novi
1351 3613 1593 3655 Testamenti
1644 3615 1782 3658 critica
1815 3622 1853 3658 et
1885 3616 2069 3660 volumen
2105 3618 2151 3660 1¹.

171 3655 515 3701 monumentorum
543 3672 750 3705 sacrorum
782 3663 1040 3709 ineditorum.
