2340 3900
515 171 549 219 I.
584 166 899 218 CLEMENTIS
934 169 1006 215 AD
1045 166 1167 215 COR.
1215 167 1385 215 XXXII.
1421 164 1613 214 XXXIII.
1648 164 1835 211 XXXIV.
1956 217 1965 225 ‚
2089 162 2154 213 79

189 323 276 355 nos
314 309 476 368 igitur,
511 321 566 355 ex
597 307 827 353 voluntate
863 306 964 352 eius
1002 305 1049 351 in
1087 305 1267 353 Christo
1305 306 1408 353 Iesu
1443 305 1616 362 vocati,
1653 318 1745 352 non
1781 317 1867 366 per
1901 317 1988 351 nos
2025 304 2153 365 ipsos

189 377 514 433 iustificamur,
546 389 697 437 neque
734 388 821 437 per
854 374 1121 436 sapientiam
1158 382 1358 422 nostram
1395 383 1472 421 aut
1506 374 1846 436 intelligentiam
1891 379 1968 420 aut
2012 373 2152 435 pieta-

189 454 280 494 tem
317 454 396 494 aut
430 458 595 508 opera,
634 458 753 506 quae
788 444 836 491 in
873 442 1028 491 cordis
1061 445 1299 491 sanctitate
1337 445 1511 506 operati
1548 458 1729 503 sumuS,
1768 443 1851 491 sed
1885 455 1969 507 per
2002 441 2153 500 fidem,

188 531 275 578 per
308 530 442 578 quam
477 515 765 577 omnipotens
802 513 922 561 Deus
958 512 1015 559 ab
1061 512 1208 577 initio*
1239 527 1396 561 omnes
1446 513 1724 573 iustificavit3
1786 514 1859 561 cui
1905 512 1965 560 sit
2010 511 2155 574 gloria

188 587 235 632 in
270 585 425 635 secula
459 584 735 632 seculorum.
804 583 962 631 Amen.

188 739 378 788 XXXIII.
445 739 517 788 Ne
561 739 941 801 derelinquamus
984 750 1095 783 vero
1141 737 1267 783 bona
1314 750 1455 796 opera
1502 743 1544 783 et
1588 737 1874 785 charitatem.
1954 737 2157 800 Operum

671 822 895 869 bonorum
930 819 1061 866 Deus
1093 819 1192 880 ipse
1226 819 1360 866 nobis
1398 821 1671 880 exemplum.

325 933 441 991 Quid
490 932 628 995 igitur
672 929 917 988 faciemuS,
963 928 1159 977 fratres?
1234 928 1522 977 Cessabimus
1569 944 1595 977 a
1639 929 1773 977 bonis
1818 931 2060 994 operibuS,
2112 939 2158 980 et

192 1004 455 1051 charitatem
492 1001 897 1062 derelinquemus?
950 999 1221 1060 Neutiquam
1261 999 1351 1046 hoc
1387 998 1505 1061 apud
1543 1013 1629 1046 nos
1666 998 1767 1047 fieri
1809 1003 2040 1063 permittat
2074 1002 2158 1050 Do·

188 1074 365 1130 minus,
404 1071 488 1119 sed
523 1085 628 1118 cum
662 1070 894 1132 diligentia
930 1075 975 1116 et
1009 1070 1145 1116 anImi
1184 1069 1411 1116 alacritate
1459 1083 1591 1116 omne
1647 1083 1763 1130 opus
1811 1071 1979 1118 bonum
2029 1086 2158 1134 pera-

188 1157 297 1204 gere
334 1142 617 1189 l'estinemus.
689 1139 792 1202 lpse
828 1140 950 1187 enim
984 1138 1136 1201 opifex
1170 1145 1217 1186 et
1239 1139 1456 1185 Dominus
1492 1139 1691 1185 omnium
1730 1140 1774 1185 in
1810 1141 2027 1202 operibus
2065 1142 2159 1188 suis

188 1211 370 1259 exultat.
441 1210 607 1258 Coelos
642 1210 763 1257 enim
799 1220 1014 1271 suprema
1048 1223 1131 1256 sua
1167 1215 1213 1256 et
1261 1209 1451 1255 maxima
1498 1209 1701 1270 potentia
1751 1210 1989 1268 stabilivit,
2037 1210 2159 1258 illos·

189 1292 279 1343 que
314 1279 766 1343 incomprehensibili
802 1293 885 1327 sua
919 1279 1142 1341 sapientia
1179 1279 1377 1335 ornavit3
1425 1285 1593 1326 terram
1630 1279 1766 1325 etiam
1801 1279 1856 1327 ab
1884 1295 2014 1341 aqua,
2044 1294 2161 1341 quae

188 1350 309 1398 illam
345 1350 509 1408 ambit,
542 1350 791 1412 separavit,
828 1355 875 1396 et
908 1363 1050 1411 super
1084 1348 1315 1396 immobile
1353 1348 1569 1411 propriae
1622 1348 1864 1396 voluntatis
1898 1350 2161 1396 fundamen·

190 1428 285 1468 tum
321 1420 538 1478 firmavit;
583 1426 630 1468 et
664 1419 894 1477 animalia,
931 1433 1048 1481 quae
1086 1419 1134 1465 in
1170 1418 1244 1465 illa
1290 1425 1557 1476 versantur,
1605 1419 1735 1464 iussu
1789 1432 1872 1465 suo
1927 1419 2164 1480 praecepit

189 1505 318 1547 esse3
364 1504 491 1537 mare
525 1490 681 1547 etiam,
719 1495 767 1537 et
802 1502 920 1551 quae
957 1489 1003 1536 in
1041 1488 1120 1535 illo
1158 1489 1310 1535 vivunt
1348 1488 1581 1545 animalia,
1617 1502 1719 1535 cum
1766 1488 1894 1550 prius
1944 1494 2162 1544 creasset,

189 1561 397 1622 potentia
443 1574 526 1608 sua
572 1559 771 1607 inclusit.
841 1558 911 1605 Ad
955 1558 1071 1606 haec
1119 1558 1284 1605 animal
1334 1558 1760 1606 excellentissimum
1813 1564 1860 1604 et
1906 1557 2163 1604 intellectus

190 1629 407 1692 dignitate
450 1628 777 1687 celsissimum,
825 1628 1083 1686 hominem,
1130 1628 1337 1690 imaginis
1385 1643 1493 1675 suae
1544 1628 1881 1684 characterem,
1930 1627 2073 1674 sacris
2122 1633 2167 1674 et

190 1700 467 1747 intaminatis
499 1699 708 1746 manibus
745 1699 969 1746 formavit.
1044 1698 1120 1746 Sic
1156 1699 1277 1746 enim
1310 1699 1420 1745 dicit
1455 1698 1600 1745 Deus:
1661 1697 1895 1755 ,faciamus
1933 1697 2166 1744 hominem

189 1768 248 1815 ad
283 1770 525 1831 imaginem
560 1775 607 1815 et
642 1768 983 1816 similitudinem
1019 1775 1248 1825 nostram3
1312 1775 1358 1815 et
1395 1769 1563 1815 creavit
1599 1768 1717 1814 Deus
1763 1768 1991 1814 hominem
2015 1800 2027 1822 ,
2076 1781 2167 1813 ma·

190 1837 366 1885 sculum
412 1845 462 1886 et
494 1837 738 1885 foeminam
783 1838 954 1884 creavit
988 1835 1098 1885 eos.‘
1171 1838 1292 1884 Haec
1341 1838 1479 1899 igitur
1525 1838 1677 1884 omnia
1727 1851 1828 1884 cum
1880 1837 2168 1898 perfecisset,

192 1907 386 1955 laudavit
418 1921 472 1955 ea
508 1914 556 1954 et
576 1907 821 1964 benedixit,
863 1907 1092 1968 dixitque:
1141 1907 1352 1964 ,crescite
1395 1913 1442 1954 et
1462 1904 1856 1968 multiplicamini.‘
1930 1906 2168 1953 Videamus

192 1977 338 2023 iustos
374 1989 534 2023 omnes
567 1975 703 2023 bonis
739 1975 957 2038 operibus
995 1982 1183 2022 ornatos
1221 1976 1389 2034 suisse3
1438 1976 1536 2037 ipse
1572 1977 1705 2021 etiam
1741 1975 1981 2032 Dominus,
2021 1976 2168 2037 operi-

192 2044 280 2091 bus
326 2046 531 2106 seipsum
577 2058 772 2101 ornans,
820 2045 1001 2105 gavisus
1049 2052 1133 2091 est.
1205 2044 1434 2091 Habentes
1489 2045 1642 2104 itaque
1690 2044 1780 2090 hoc
1826 2044 2075 2105 exemplar,
2114 2044 2170 2090 ad

194 2113 471 2160 voluntatem
505 2114 606 2160 eius
642 2114 835 2176 impigre
871 2114 1172 2170 accedamus,
1209 2120 1255 2160 et
1294 2114 1400 2159 totis
1439 2114 1611 2160 nostris
1650 2113 1823 2160 viribus
1877 2127 1993 2176 opus
2045 2113 2170 2160 iusti-

194 2183 283 2230 tiae
318 2195 578 2245 operemur.

195 2334 382 2382 XXXIV.
451 2335 597 2384 Bonis
630 2336 848 2398 operibus
884 2349 1062 2397 magna
1099 2337 1230 2397 apud
1270 2336 1419 2382 Deum
1454 2349 1642 2383 merce&
1715 2336 1978 2384 Concordia
2025 2336 2174 2382 iuncti

828 2432 1073 2480 precemur
1108 2432 1213 2464 eam
1248 2433 1280 2465 α
1319 2418 1532 2465 Domino.

331 2528 485 2576 Bonus
522 2528 765 2591 operarius
800 2527 924 2576 bono
962 2529 1112 2575 animo
1151 2542 1315 2590 panem
1351 2529 1507 2590 operis
1545 2528 1615 2575 sui
1642 2529 1833 2590 accipit3
1879 2529 2032 2591 segnis
2060 2543 2169 2577 vero

193 2606 239 2647 et
273 2599 494 2646 remissus
530 2597 780 2645 locatorem
829 2612 961 2645 suum
1013 2612 1105 2644 non
1155 2598 1293 2645 audet
1327 2599 1507 2644 intueri.
1578 2598 1771 2660 Oportet
1823 2613 1935 2660 ergo
1979 2613 2064 2646 nos
2114 2600 2170 2646 ad

192 2668 364 2716 bonum
401 2667 657 2715 faciendum
693 2674 875 2730 promto
912 2668 1062 2714 animo
1099 2682 1227 2725 esse3
1281 2682 1305 2714 a
1342 2667 1435 2714 Deo
1488 2668 1609 2715 enim
1659 2669 1810 2716 omnia
1857 2669 2171 2730 porriguntur.

192 2737 419 2785 Praedicit
451 2738 573 2785 enim
610 2736 771 2785 nobis:
829 2750 953 2795 ,ecce
990 2738 1233 2795 Dominus,
1271 2744 1316 2785 et
1364 2751 1543 2785 merces
1594 2738 1694 2785 eius
1741 2752 1895 2786 coram
1947 2739 2074 2799 ipso,
2120 2746 2172 2785 ut

193 2807 356 2855 reddat
407 2806 656 2868 unicuique
702 2807 956 2855 secuudum
1010 2822 1126 2869 opus
1178 2804 1342 2854 suurn.‘
1434 2808 1589 2869 Itaque
1641 2807 1924 2855 adhortando
1978 2822 2063 2854 nos
2116 2808 2172 2855 ad

193 2877 343 2938 ipsum
378 2876 605 2924 convertit
636 2882 735 2925 toto
770 2876 935 2935 corde,
982 2890 1040 2924 ne
1084 2891 1249 2941 segnes
1297 2883 1343 2924 et
1389 2877 1573 2925 desides
1610 2877 1753 2924 simus
1789 2877 1846 2924 ad
1883 2891 2017 2924 omne
2056 2891 2172 2938 opus

283 3036 329 3090 3)
360 3037 417 3078 Ita
448 3037 606 3089 Innins;
644 3044 685 3079 et
714 3037 811 3079 mihi
854 3038 1015 3093 quidem
1046 3038 1156 3080 aori·
1304 3036 1348 3091 6)
1380 3038 1478 3080 Gen.
1513 3039 1549 3090 1,
1581 3038 1647 3081 26.
1679 3038 1746 3080 27.

195 3100 282 3134 stus
330 3093 370 3134 in
410 3094 490 3135 hoc
529 3094 624 3135 Ioco
670 3093 806 3148 aptior
852 3108 941 3137 esse
987 3095 1157 3137 videtur.
1299 3093 1343 3145 7)
1375 3095 1472 3136 Gen.
1509 3095 1544 3147 1,
1577 3095 1643 3137 28.

201 3149 562 3192 Schoenemannus
591 3148 715 3193 Iubet
747 3146 827 3208 ἐφ’
866 3148 984 3210 ἡμῖν
1053 3163 1158 3205 ενη-
1303 3149 1348 3205 8)
1381 3148 1574 3209 εἴδομεν
1606 3152 1756 3192 mavult
1789 3151 1934 3192 Iunius.

195 3206 355 3259 θῆναι.
415 3206 609 3248 Editores
653 3219 750 3249 vero
789 3207 937 3250 caeteri
971 3220 1015 3250 ex
1047 3208 1159 3249 ibent
1301 3207 1346 3259 9)
1378 3220 1428 3250 τε
1459 3208 1563 3249 coni.
1597 3208 1760 3258 Βίιτίιιε,
1794 3205 1847 3249 τὸ
1881 3208 1949 3248 Ms.

194 3264 535 3318 γεγενηθῆναι,
574 3262 690 3317 quasi
727 3264 991 3317 praeteritum
1023 3276 1160 3321 γεγε·
1311 3263 1379 3317 10)
1415 3264 1496 3306 Csr.
1527 3277 1647 3317 snpra
1681 3279 1714 3305 c.
1740 3265 1778 3306 5.
1827 3260 2069 3322 ὑπομονῆς
2097 3274 2173 3319 γε·

197 3319 375 3372 νῆσθαι
406 3318 697 3362 desiderantes.
737 3319 821 3363 lac.
1217 3315 1415 3378 νόμενος
1442 3321 1668 3378 μέγιστος
1697 3315 2023 3418 ὑπογὲαμμός.

282 3375 329 3427 4)
365 3375 572 3418 Recitatnr
617 3374 684 3418 hlc
739 3375 856 3418 Iocus
909 3389 974 3431 ap.
1019 3378 1157 3419 Ioann.
1306 3376 1375 3429 1¹)
1406 3377 1482 3418 καὶ
1519 3375 1567 3425 ἐξ
1597 3377 1674 3427 legi
1709 3376 1793 3417 vult
1857 3387 2005 3426 onsius,
2039 3388 2060 3416 a
2092 3388 2172 3429 qno

199 3430 396 3481 naman„
428 3432 579 3474 Sacrae
598 3431 746 3475 Pmll.
794 3433 881 3475 Lib.
902 3434 932 3475 I.
954 3446 989 3475 a.
1009 3434 1050 3487 s.
1065 3434 1159 3475 vm.
1222 3446 1300 3474 non
1334 3432 1521 3475 dissentit
1551 3434 1775 3474 Wottonus.

199 3486 314 3528 Tom.
345 3487 391 3528 Il.
419 3498 461 3541 p.
490 3487 590 3531 31⁰.
621 3488 685 3530 ed.
714 3490 771 3531 Le
807 3489 949 3539 Quien.

285 3541 331 3595 5)
361 3542 469 3595 Ergo
507 3554 557 3586 ex
585 3542 805 3587 Clementis
844 3546 1043 3589 sententia
1086 3545 1157 3588 Dei
1306 3545 1402 3599 Cap.
1433 3545 1590 3587 XXXIV.
1627 3544 1667 3594 1)
1700 3544 1727 3585 I.
1761 3555 1795 3585 c.
1828 3543 1910 3586 τοῦ
1940 3538 2173 3601 &pronup-

198 3598 239 3639 in
269 3598 389 3640 nobis
417 3599 550 3653 imago
574 3606 657 3653 eet,
686 3613 771 3650 non
803 3602 888 3644 oris
917 3602 1159 3653 sublimitas,
1218 3600 1367 3654 ἕκτου,
1397 3602 1485 3643 scil.
1518 3602 1601 3643 τοῦ
1633 3600 1765 3643 Θεοῦ.
1805 3599 1975 3642 Boisius.

199 3655 274 3697 sed
303 3655 450 3698 mentis
481 3654 694 3700 celsimdo.
731 3656 837 3701 nois.
1304 3658 1349 3711 2)
1382 3658 1470 3700 lsai.
1502 3658 1571 3707 40,
1595 3657 1659 3699 10.
1691 3655 1758 3707 62,
1783 3654 1847 3699 11.
1878 3656 2001 3710 Apoc.
2023 3655 2173 3708 2212.
