2340 3900
271 209 336 258 68
782 208 814 252 Ι.
854 206 1159 254 CLEMENTIS
1197 207 1267 253 AD
1306 208 1425 254 COR.
1470 208 1556 255 XX.
1594 210 1701 256 XXI.

271 338 480 427 τροφὴν,
533 359 598 404 μη
636 340 1010 423 διχοστατοῦσα,
1060 337 1180 404 μηδὲ
1229 336 1486 390 ἇλλοιοῦσά
1545 359 1590 390 τι
1635 343 1730 389 τῶν
1777 336 2212 421 δεδογματισμένων

275 408 366 462 ὕπ’
408 407 570 459 αὐτοῦ.
636 403 887 472 Ἀβύσσων
922 427 970 458 τε
1008 403 1331 474 ἀνεξιχνίαστοι
1364 409 1446 459 καὶ
1491 408 1726 493 νερτέρων
1755 403 2073 491 ἆνεκδιήγητα
2110 408 2211 474 κρί-

275 479 420 561 ματα2
457 483 556 536 τοῖς
605 473 788 536 αὐτοῖς3
842 477 1080 542 συνέχεται
1115 475 1485 564 προστάγμασιν.
1564 475 1627 527 Τὸ
1667 474 1827 534 κύτος4
1885 481 1971 539 τῆς
2007 471 2209 562 ἀπείρου

272 544 546 611 θαλάσσης,
591 542 712 595 κατὰ
749 543 846 631 τὴν
883 547 1196 641 δημιουργίαν
1230 545 1380 598 αὐτοῦ
1416 545 1656 597 συσταθὲν
1693 546 1759 604 εἰς
1794 540 1878 603 τὰς
1914 542 2210 628 συναγωγὰς,

272 614 331 667 οὐ
367 615 677 699 παρεκβαίνει
711 612 769 664 τὰ
803 616 1183 691 περιτεθειμένα5
1195 614 1338 711 αὐτῇ
1371 622 1604 685 κλεῖθρα,
1643 611 1760 664 αλλὰ
1794 609 1966 672 καθὼς
2002 613 2208 675 διέταξεν

271 683 407 755 αὐτῇ,
445 682 598 743 οὕτως
631 690 770 735 ποιεῖ.
827 682 981 737 Εἶπεν
1016 683 1128 753 γαρ·
1178 685 1303 747 ,ε’ως6
1354 678 1446 735 ῶδε
1481 683 1636 750 ἣξεις,
1686 682 1767 733 καὶ
1802 679 1860 732 τὰ
1895 679 2084 747 κύματά
2122 699 2211 734 σου

270 756 320 806 ἔν
358 770 434 804 σοι
469 750 871 836 συντριβήσεταιὲ
936 751 1187 847 Ὠκεανόςζ
1226 752 1507 839 ἀνθρώποις
1542 751 1837 835 ἀπέραντος,
1884 751 1967 801 καὶ
2021 752 2071 803 οἱ
2103 749 2206 818 μετ’

271 820 418 874 αὐτὸν
451 820 623 887 κόσμοι
657 829 762 884 ταῖς
797 821 963 885 αὐταῖς
998 825 1182 892 ταγαῖς8
1217 829 1302 874 τοῦ
1351 821 1582 874 δεσπότου
1620 817 1977 872 διευθύνονται
2035 822 2212 889 Καιροὶ

272 892 482 961 έαρινοὶ,
518 892 599 942 καὶ
635 893 837 978 θερινοὶ,
873 894 955 944 καὶ
991 894 1331 960 μετοπωρινοὶ,
1383 892 1463 943 καὶ
1502 891 1755 977 χειμερινοὶ
1791 890 1842 940 ἐν
1878 886 2050 976 εἰρήνῃ
2077 911 2212 957 μετα-

270 959 623 1029 παραδιδόασιν
646 958 889 1048 ἀλλήλοις.
955 959 1170 1028 Ἀνέμων
1206 962 1415 1027 σταθμοὶ
1461 958 1581 1011 κατὰ
1627 958 1710 1012 τὸν
1758 961 1884 1010 ι’διον
1919 957 2089 1026 καιρὸν
2123 958 2212 1026 τὴν

270 1032 566 1099 λειτουργίαν
601 1028 761 1083 αὐτῶν
777 1029 1100 1097 απροσκόπως
1125 1033 1442 1083 ἐπιτελοῦσιν·
1479 1028 1644 1081 αέναοί
1678 1049 1726 1080 τε
1763 1029 1912 1097 πηγαὶ
1945 1027 2067 1097 πρὸς
2093 1027 2211 1081 ἆπό-

269 1107 440 1152 λαυσιν
477 1101 560 1151 καὶ
594 1097 778 1186 υγίειαν
813 1103 1273 1187 δημιουργηθεῖσαι
1324 1102 1430 1166 δίχα
1467 1100 1721 1163 ἐλλείψεως
1757 1098 2055 1185 παρέχονται
2097 1119 2213 1160 τους

269 1168 394 1238 πρὸς
431 1174 553 1235 ζωῆς
585 1167 868 1257 ανθρώποις
902 1168 1102 1256 μαζούς·
1149 1192 1208 1220 τα
1243 1190 1291 1220 τε
1327 1168 1542 1234 ε’λαχιστα
1577 1173 1674 1219 τῶν
1709 1166 1840 1230 ζώων
1873 1165 1958 1229 τὰς
1993 1168 2212 1221 συνελεύ-

271 1256 369 1301 σεις
405 1237 565 1291 αυτῶν
602 1239 654 1290 ἐν
664 1237 854 1327 εἰρήνῃ
891 1242 972 1292 καὶ
1009 1237 1211 1309 ὁμονοία
1245 1245 1511 1290 ποιοῦνται.
1591 1243 1752 1289 Ταῦτα
1786 1234 1943 1289 πάντα
1988 1235 2018 1289 6
2068 1239 2213 1308 μέγας

271 1306 564 1376 δημιουργὸς
599 1308 681 1359 καὶ
714 1293 946 1375 δεσπότης
976 1315 1072 1360 τῶν
1108 1329 1330 1360 απαντων
1377 1309 1428 1359 έν
1465 1305 1665 1378 ὁμονοία
1706 1307 1790 1359 καὶ
1834 1304 2001 1396 εἰρήνη
2037 1309 2213 1376 προσέ-

271 1381 408 1440 ταξεν
443 1375 582 1440 εἶναι,
620 1375 875 1447 εὐεργετῶν
908 1376 966 1430 τὰ
1001 1399 1184 1441 παντα,
1222 1375 1634 1445 υπερεκπερισσῶς
1671 1376 1723 1428 δὲ
1748 1374 1911 1464 ημᾶς
1921 1397 2035 1438 τους
2067 1393 2214 1447 προσ-

269 1446 567 1534 πεφευγότας
618 1454 717 1508 τοῖς
771 1450 1032 1534 οἰκτιρμοῖς
1068 1446 1244 1516 αὐτοῦ,
1284 1446 1366 1498 διὰ
1400 1453 1486 1499 τοῦ
1521 1449 1694 1516 κυρίου
1729 1443 1883 1530 ημῶν
1897 1442 2058 1513 Ἰησοῦ
2097 1452 2214 1535 Χρι-

269 1522 399 1580 στοῦ,
437 1519 474 1589 ᾤ
505 1515 537 1581 ή
572 1514 711 1578 δόξα9
744 1516 878 1585 καὶὴ
901 1515 1208 1587 μεγαλωσύνη
1247 1519 1312 1578 εἰς
1336 1515 1448 1578 τοὺς
1473 1519 1653 1578 αἰῶνας
1672 1521 1769 1568 τῶν
1793 1512 1998 1571 αἰώνων.
2043 1514 2212 1584 Ἀμήν.

270 1688 377 1733 XXl.
433 1688 797 1748 Oblemperemus
837 1691 948 1744 Deo,
988 1706 1081 1737 non
1117 1693 1353 1738 seditionis
1389 1692 1676 1743 auctoribus,
1712 1706 1768 1736 ne
1804 1693 2051 1738 innumera
2086 1691 2215 1738 illius

457 1771 676 1830 beneficia
713 1773 842 1818 nobis
877 1774 927 1818 in
962 1775 1382 1819 condemnationem
1419 1776 1595 1820 cedant.
1668 1774 2032 1821 Adhortaliones.

406 1884 590 1953 Ορᾶτε,
630 1884 885 1977 ἀγαπητοὶ,
922 1886 986 1955 μὴ
1025 1890 1078 1939 αἶ
1110 1886 1373 1976 εὐεργεσίαι
1409 1887 1560 1940 αὐτοῦ
1596 1891 1650 1940 αἱ
1680 1872 1848 1942 πολλαὶ
1884 1891 2111 1979 γένωνται
2147 1891 2215 1953 εἰς

267 1957 415 2042 κρίμα
447 1961 593 2006 πᾶσιν
638 1978 781 2021 ημιν,
834 1958 918 2008 εἀν
962 1979 1025 2023 μη
1074 1955 1216 2018 αξίως
1264 1957 1416 2010 αὐτοῦ
1451 1957 1813 2025 πολιτευόμενοι
1856 1959 1916 2011 τὰ
1959 1959 2084 2013 καλὰ
2130 1962 2214 2012 καὶ

268 2023 496 2112 εὐάρεστα
523 2022 730 2076 ἐνώπιον
745 2023 896 2077 αὐτοῦ
916 2031 1128 2091 ποιῶμεν
1147 2023 1256 2092 μεθ’
1273 2025 1514 2093 ὁμονοίας.
1529 2028 1696 2114 Λέγει
1716 2029 1806 2097 γάρ
1830 2047 1953 2081 που·
1989 2032 2213 2097 ,πνεῦμαι

267 2095 440 2159 κυρίου
474 2091 644 2159 λύχνος
689 2095 898 2162 ἐρευνῶν
934 2092 991 2145 τὰ
1026 2102 1213 2161 ταμιεῖα
1248 2102 1335 2162 τῆς
1366 2094 1599 2165 γαστρός·
1654 2094 1883 2184 ῖΊδωμεν,
1930 2104 2036 2160 πῶς
2072 2100 2211 2168 ἐγγύς

265 2164 407 2226 ἐστιν,
444 2164 526 2213 καὶ
561 2162 633 2214 ότι
672 2163 814 2216 οὐδὲν
849 2165 1054 2231 λέληθεν
1089 2162 1239 2216 αυτὸν
1274 2171 1370 2217 τῶν
1405 2167 1606 2218 ἐννοιῶν
1638 2163 1792 2237 ημῶν,
1830 2166 1945 2220 οὐδὲ
1980 2174 2078 2221 τῶν
2110 2170 2212 2221 δια-

264 2237 503 2319 λογισμῶν
549 2226 618 2284 ῶν
663 2231 954 2300 ποιούμεθα.
1022 2235 1230 2286 Δίκαιον
1278 2256 1369 2287 ουν
1404 2236 1557 2300 ἐστὶν,
1607 2234 1672 2302 μὴ
1720 2243 2042 2291 λειποτακτεῖν
2083 2235 2214 2324 ημᾶς

267 2299 362 2352 ἀπὸ
399 2306 486 2352 τοῦ
520 2299 792 2368 θελήματος
828 2302 992 2356 αὐτοῦ.
1069 2308 1279 2356 Μᾶλλον
1316 2303 1598 2393 ανθρώποις
1645 2304 1823 2375 αφροσι
1862 2307 1944 2361 καὶ
1989 2305 2213 2396 ἀνοήτοις

266 2371 348 2422 καὶ
396 2371 726 2455 ἐπαιρομένοις
774 2372 856 2424 καὶ
902 2374 1280 2458 έγκαυχωμένοις
1332 2376 1380 2426 έν
1430 2373 1678 2447 αλαζονεία
1723 2382 1812 2428 τοῦ
1855 2375 2003 2449 λόγου
2050 2376 2212 2430 αὐτῶν

267 2438 653 2526 προσκόψωμεν,
688 2463 720 2507 η
756 2447 821 2531 τῷ
865 2445 984 2513 Θεῷ.
1065 2443 1163 2495 Τὸν
1196 2442 1366 2530 κύριον
1392 2443 1586 2512 Ἰησοῦν
1625 2429 1965 2532 Χριστὸν,οὖ
1999 2445 2052 2499 τὸ
2092 2444 2211 2514 αἷμα

265 2507 386 2594 υπὲρ
417 2506 556 2575 ήμῶν
585 2508 753 2576 ε’δόθη,
782 2512 1112 2599 έντραπῶμεν,
1147 2533 1261 2574 τους
1280 2515 1695 2601 προηγουμένους2
1730 2513 1870 2582 ήμῶν
1892 2518 2208 2584 αἰδεσθῶμεν,

265 2598 379 2638 τους
412 2579 762 2665 πρεσβυτέρους
796 2578 934 2647 ήμῶν
969 2580 1252 2648 τιμήσωμεν,
1289 2582 1401 2645 τοὺς
1435 2585 1577 2645 νέους
1608 2583 1943 2651 παιδεύσωμεν
1977 2586 2066 2673 τὴν
2100 2607 2208 2638 παι-

267 2649 402 2698 δείαν
436 2653 522 2698 τοῦ
559 2645 718 2714 φόβου
755 2656 840 2700 τοῦ
883 2653 1032 2714 Θεοῦ,
1079 2649 1163 2712 τὰς
1196 2660 1429 2738 γυναῖκας
1454 2651 1599 2724 ήμῶν
1635 2655 1713 2705 ἐπὶ
1748 2652 1799 2706 τὸ
1837 2653 2029 2724 αγαθὸν
2062 2659 2208 2743 διορ-

265 2714 582 2782 θωσώμεθα.3
637 2717 703 2769 Τὸ
742 2695 1063 2807 ἆξιαγάπητόν
1097 2723 1183 2786 τῆς
1219 2719 1410 2809 ἁγνείας
1442 2725 1573 2789 ἠθος
1595 2723 1992 2788 ένδειξάσθωσαν,
2027 2722 2080 2777 τὸ
2102 2723 2208 2777 ἇκέ-

265 2806 404 2870 ραιον
437 2791 525 2853 τῆς
558 2785 827 2872 πραῦτητος
861 2787 1020 2840 αυτῶν
1065 2789 1286 2857 βούλημα
1321 2789 1731 2856 ἆποδειξατωσαν,
1786 2791 1839 2845 τὸ
1887 2793 2089 2856 ἐπιεικες
2123 2800 2209 2861 τῆς

265 2853 481 2942 γλώσσης
516 2852 678 2908 αὐτῶν
715 2855 796 2908 δια
830 2863 917 2924 τῆς
934 2860 1122 2955 φὸωνης4
1153 2858 1367 2928 φανερὸν
1401 2878 1753 2931 ποιησατωσαν,
1791 2861 1879 2950 τῂν
1903 2863 2094 2952 ἄγαπην
2125 2863 2205 2916 αὗ-

264 2930 361 2976 τῶν
393 2922 458 2991 μὴ
495 2923 617 2976 κατὰ
646 2928 982 3012 προσκλίσεις,5
1018 2926 1135 2980 αλλὰ
1167 2935 1285 2981 πᾶσι
1316 2937 1417 2992 τοῖς
1441 2932 1763 2999 φοβουμένοις
1784 2930 1869 2984 τὸν
1899 2931 2023 2986 Θεὸν
2046 2932 2206 2997 ὁσίως,

263 2995 377 3060 ἴσην
411 2995 750 3062 παρεχέτωσαν.
816 2994 886 3047 Τὰ
930 2997 1070 3049 τέκνα
1102 2996 1239 3064 ὑμῶν
1273 3020 1360 3085 της
1404 3001 1456 3052 έν
1495 3007 1687 3089 Χριστῷ
1721 3005 1942 3064 παιδείας
1977 3010 2206 3091 μεταλαμ-
2243 3069 2245 3071 ¹

263 3063 564 3130 βανέτωσαν·
603 3065 891 3130 μαθέτωσαν
925 3069 971 3117 τί
1004 3067 1419 3138 ταπεινοφροσύνη
1455 3070 1586 3140 παρὰ
1614 3074 1721 3123 Θεῶ
1756 3071 1918 3139 ἰσχύει,
1957 3076 2003 3124 τί
2043 3070 2204 3142 ἀγάπη

351 3204 398 3258 2]
433 3207 728 3261 Κρίματαε
753 3207 1009 3263 οἰκονομίαι
1046 3209 1204 3249 Suiclas.
1260 3223 1402 3266 ματα.
1460 3198 1829 3264 Antiquissimffilla
1849 3213 2090 3253 Graecorum
2121 3220 2203 3254 tra-

264 3261 369 3311 Ergo
391 3264 646 3312 :rationos‚
677 3263 970 3313 dispositiones.
1015 3264 1205 3304 Wottono
1264 3266 1360 3306 ditio
1395 3267 1442 3307 de
1474 3269 1590 3308 terris
1621 3275 1728 3308 trans
1759 3269 1958 3308 Oceanum
1995 3269 2080 3309 sitis
2127 3283 2203 3321 po-

263 3317 396 3367 placet
426 3318 649 3373 κλίματα,
698 3323 867 3368 tractus,
905 3319 987 3358 sive
1015 3321 1206 3383 reqioncs.
1263 3328 1347 3361 stoa
1373 3324 1599 3363 rumoribus
1630 3337 1704 3375 per
1729 3324 1962 3374 Phoenices,
1997 3324 2202 3376 Carthagi-

265 3373 416 3412 Birrius
465 3374 682 3423 existimat,
722 3374 761 3414 S.
799 3349 958 3414 Pa'trem
995 3375 1207 3426 scripsisse
1262 3377 1421 3418 niensos
1475 3385 1513 3419 et
1560 3380 1776 3419 Gaditanos
1824 3380 2000 3432 undique
2050 3382 2201 3432 sparsis

263 3423 531 3484 κρύμματα,
563 3432 728 3469 occultae
746 3432 951 3482 vorayines
973 3429 1063 3478 (vox
1084 3431 1207 3471 Grae·
1265 3435 1495 3474 confirmata
1527 3441 1597 3474 est.
1657 3435 1735 3475 Csr.
1765 3436 1871 3475 Alex.
1916 3449 1950 3476 v.
1982 3437 2202 3476 Humboldt

267 3485 322 3522 cis
370 3484 592 3535 insolens).
661 3485 794 3525 Iunius
851 3492 889 3526 et
940 3485 1005 3524 alii
1052 3487 1203 3527 malunt
1259 3488 1454 3529 Kritische
1491 3491 1844 3541 Untersuchungen
1890 3492 1988 3532 iiber
2025 3492 2062 3531 d.
2109 3493 2200 3532 hist..

262 3534 467 3594 κύαατα,
508 3542 648 3581 undae.
685 3541 731 3580 H.
795 3541 1061 3581 Gallicciollio
1105 3543 1142 3582 h.
1174 3543 1199 3583 l.
1257 3543 2198 3596 Entw.de1·geog1.Kenntnissevond.Neuen

260 3596 466 3649 κρίματα
518 3595 623 3636 idem
652 3603 744 3637 sunt
790 3598 898 3648 quod
940 3599 1116 3653 κρίσεις
1143 3615 1200 3633 =
1257 3599 1362 3639 Welt
1404 3606 1477 3640 etc.
1515 3601 1646 3642 iihers.
1684 3614 1718 3641 v.
1748 3603 1781 3642 J
1810 3603 1853 3643 L.
1884 3603 2034 3653 Ideler,
2065 3603 2198 3643 Berlin

260 3652 545 3700 separationes,
568 3655 867 3704 seqreyationes.
908 3654 1086 3694 Praestat
1103 3654 1201 3695 κλί-
1263 3655 1380 3696 1835
1423 3656 1508 3697 Vol
1541 3657 1569 3697 Ι.
1600 3669 1640 3708 p
1665 3658 1824 3710 111sq.
1890 3659 2083 3700 Subtilius
2115 3670 2198 3699 rem
