2340 3900
176 220 277 271 392
625 215 958 266 MARTYRIUM
995 217 1040 263 S·
1075 216 1407 266 POLYCARPI.
1458 217 1489 265 1.
1526 218 1578 266 11.
1617 215 1688 262 111.

480 383 511 428 1.
583 384 654 428 De
688 382 911 440 martyrio
948 381 1194 442 Polycavpi
1230 389 1271 429 et
1304 385 1533 430 sociorum
1567 381 1823 428 scribimus.

316 470 632 557 Ἐγράψαμεν
677 467 819 535 ὖμῑν,
866 466 1091 535 ἀδελφοι,
1138 467 1197 522 τὰ
1243 469 1364 524 κατὰ
1411 469 1525 533 τοὺς
1576 463 2016 538 μαρτυρήσαντας,ὁ
2051 462 2135 514 καὶ

184 540 267 594 τὸν
309 539 546 608 μακάριον
595 536 949 625 Πολύκαρπον,
997 538 1128 601 όστις
1174 538 1331 627 ὥσπερ
1356 541 1725 627 ἐπισφραγίσας
1772 541 1853 617 τῆ
1877 533 2132 602 μαρτυρῖᾳτ

187 610 339 662 αὐτοῦ
375 610 641 662 κατέπαυσε
675 606 762 660 τὸν
799 606 1023 694 διωγμόν.
1097 608 1281 675 Σχεδὸν
1315 607 1417 696 γὰρ
1444 610 1601 662 πάντα
1637 605 1694 658 τὰ
1728 601 2004 693 προάγοντα
2038 584 2134 670 ἐγέ-

186 700 319 743 νετο,
357 680 439 731 ι’να
471 676 588 745 ημῖν
624 675 651 730 ὁ
689 675 855 764 κύριος
894 675 1088 730 ἄνωθεν
1124 678 1333 751 ἐπιδείξη
1370 676 1422 730 τὸ
1462 675 1583 731 κατὰ
1619 674 1672 728 τὸ
1709 672 1982 761 εὐαγγέλιον
2017 692 2133 738 μαρ-

185 749 363 817 τύριον.
430 747 725 834 Περιέμενεν
760 744 874 816 γὰρ,
911 747 993 799 ἵνα
1027 732 1322 835 παραδοθῇ,
1371 770 1436 810 ως
1480 748 1562 799 καὶ
1598 744 1625 798 ὁ
1670 742 1887 829 κύριος,8
1933 741 2016 792 ἵνα
2061 761 2135 807 μι-

185 818 328 903 μηταὶ
366 817 447 868 καὶ
482 815 619 884 ἡμεῖς
655 814 807 868 αὐτοῦ
834 813 1120 906 γενώμεθα,
1158 816 1222 885 μὴ
1260 816 1412 906 μόνον
1448 821 1738 875 σκοποῦντες
1773 809 1827 864 τὸ
1860 807 1983 863 καθ’
2027 809 2137 861 ἑαυ-

184 884 324 949 τοὺς,
361 883 478 937 ἀλλὰ
514 886 596 937 καὶ
631 884 685 938 τὸ
733 884 855 937 κατὰ
900 885 1013 947 τοὺς
1059 886 1220 947 πέλας.
1283 885 1501 972 Ἀγάπης
1549 884 1649 971 γὰρ
1675 882 1896 967 ἀληθοῦς
1945 879 2028 932 καὶ
2061 881 2137 964 βε-

183 957 329 1042 βαίας
364 956 516 1024 ἐστὶν,
555 952 619 1022 μὴ
657 953 808 1022 μόνον
844 954 1015 1008 ἑαυτὸν
1051 955 1214 1008 θέλειν
1250 954 1501 1020 σώζεσθαι,
1541 952 1658 1007 ἀλλὰ
1693 974 1773 1005 και
1806 948 1990 1012 πάντας
2024 945 2139 1010 τοὺς

186 1022 443 1090 ἀδελφούς.

739 1155 793 1201 11.
864 1154 1125 1212 Martyrum
1160 1156 1283 1200 mira
1319 1156 1591 1200 constantia.

327 1247 568 1319 Μακάρια
616 1248 702 1316 μὲν
753 1241 843 1300 οὖν
888 1248 967 1299 καὶ
1018 1254 1216 1334 γενναῖα
1252 1245 1312 1299 τὰ
1346 1244 1582 1315 μαρτύρια
1616 1245 1799 1310 πάντα,
1834 1243 1895 1297 τὰ
1929 1241 2051 1297 κατὰ
2083 1242 2138 1296 τὸ

187 1320 376 1386 θέλημα
410 1326 496 1372 τοῦ
527 1322 654 1371 Θεοῦ
677 1313 929 1405 γεγονότα.
1000 1323 1095 1369 Δεῖ
1122 1315 1230 1386 γαρ1
1267 1315 1633 1383 εὐλαβεστέρους
1662 1314 1792 1382 ἡμᾶς
1820 1312 2141 1402 ὑπάρχοντας,

187 1396 252 1440 τῶ
295 1393 400 1459 Θεῷ
446 1388 534 1455 τὴν
582 1409 704 1440 κατα
750 1386 945 1438 πάντων
994 1387 1215 1448 ἐξουσίαν
1263 1385 1586 1438 ἆνατιθέναι.2
1666 1384 1730 1437 Τὸ
1779 1381 1868 1453 γὰρ
1920 1388 2143 1468 γενναῖον

189 1442 379 1509 αὐτῶν3
414 1479 494 1509 και
540 1453 897 1523 ὖπομονητικὸν
940 1457 1023 1507 καὶ
1065 1456 1415 1551 φιλοδέσποτον
1460 1457 1532 1516 τίς
1583 1453 1674 1506 οὐκ
1724 1452 1784 1506 ἂν
1821 1450 2143 1519 θαυμάσειεν·

190 1530 238 1579 οἰ
270 1524 456 1612 μάστιξι
492 1527 576 1593 μὲν
612 1524 1017 1588 καταξανθέντες,
1054 1523 1191 1576 ὥστε4ῐ
1225 1526 1356 1593 μέχρι
1388 1530 1483 1576 τῶν
1519 1525 1609 1576 ε’σω
1646 1526 1850 1610 φλεβῶν
1886 1522 1969 1574 καὶ
2005 1520 2142 1608 ἆρτη·

188 1601 306 1663 ριῶν
340 1593 428 1660 τὴν
463 1601 549 1662 τῆς
585 1593 765 1662 σαρκὸς
801 1595 1082 1680 οἰκονομίαν
1115 1602 1438 1681 θεωρεῖσθαι,
1486 1591 1772 1660 ὑπέμειναν,
1811 1590 1876 1652 ῶς
1914 1591 1997 1643 καὶ
2031 1588 2145 1652 τοὺς

187 1670 501 1732 περιεστῶτας
541 1665 686 1715 ἐλεεῖν
717 1664 799 1714 καὶ
845 1659 1160 1731 ὀδύρεσθαιῶ
1198 1662 1311 1725 τοὺς
1346 1663 1398 1715 δὲ
1434 1663 1514 1714 καὶ
1549 1665 1617 1724 εἰς
1665 1667 1896 1714 τοσοῦτον
1930 1658 2143 1729 γενναιό-

189 1755 327 1800 τητος
364 1735 552 1797 ἐλθεῖν,
587 1731 705 1783 ὥστε
739 1730 855 1797 μήτε
888 1732 1058 1799 γρύξαι
1095 1730 1210 1798 μήτε
1245 1730 1464 1794 στενάξαι
1499 1730 1606 1783 τινὰ
1642 1729 1825 1794 αὐτῶν,
1877 1730 2145 1781 ἐπιδεικνυ-

188 1804 365 1868 μένους
401 1801 579 1853 άπασιν
614 1798 758 1866 ἡμῖν,
796 1800 872 1852 ότι
907 1802 958 1852 ἐν
995 1803 1154 1873 ἐκείνῃ
1189 1808 1246 1873 τῇ
1284 1801 1384 1872 ὥρα
1419 1798 1810 1868 βασανιζόμενοι,
1848 1804 1933 1885 τῆς
1969 1796 2146 1884 σαρκὸς

188 1869 469 1956 ἀπεδήμουν
507 1871 557 1921 οἱ
586 1867 821 1935 μάρτυρες
857 1875 943 1921 τοῦ
982 1874 1219 1958 Χριστοῦ,
1269 1877 1447 1936 μᾶλλον
1484 1869 1560 1933 δε,
1596 1869 1669 1921 ὅτι
1717 1865 1961 1955 παρεστὼς
1997 1888 2023 1919 ο
2060 1865 2144 1920 κύ-

188 1961 292 2008 ριος
328 1937 490 2006 ωμίλει
529 1937 720 2000 αὐτοῖςς
777 1937 874 1988 Καὶ
911 1939 1221 2025 προσέχοντες
1257 1960 1314 2010 τη
1349 1944 1435 1990 τοῦ
1475 1943 1692 2027 Χριστοῦ
1725 1935 1886 2022 χάριτι
1924 1941 2021 1988 τῶν
2063 1958 2146 1989 κο-

188 2015 371 2074 σμικῶν
405 2004 757 2091 κατεφρόνουν
776 2006 1024 2078 βασάνων,
1062 2005 1143 2059 διὰ
1179 2014 1293 2074 μιᾶς
1329 2008 1457 2096 ὥρας
1489 2028 1578 2073 την
1602 2004 1802 2059 αἰώνιον
1827 2003 2025 2057 κόλασιν
2044 2005 2145 2067 ἐξα-

185 2076 508 2163 γοραζόμενοι.
580 2076 679 2127 Καὶ
711 2072 764 2126 τὸ
801 2081 909 2163 πῦρ
936 2078 999 2143 ἠν
1036 2076 1201 2138 αὐτοῖς
1236 2076 1426 2165 ψυχρὸν
1463 2074 1517 2128 τὸ
1555 2082 1649 2128 τῶν
1696 2074 1898 2143 ἆπηνῶν
1948 2076 2146 2141 βασανι-

187 2152 325 2199 στῶν.
398 2143 507 2213 Πρὸ
546 2142 822 2211 ὀφθαλμῶν
857 2144 947 2215 γὰρ
987 2142 1113 2214 εἶχον
1149 2154 1323 2236 φυγεῖν
1347 2145 1400 2199 τὸ
1429 2143 1625 2198 αἰώνιον
1650 2167 1730 2197 και
1754 2145 1989 2231 μηδέποτε
2011 2146 2145 2229 σβεν-

186 2215 393 2283 νύμενον
439 2221 536 2302 πῦρ
556 2254 570 2277 ,
620 2214 704 2266 καὶ
751 2221 853 2276 τοῖς
899 2221 986 2281 τῆς
1037 2218 1241 2283 καρδίας
1274 2215 1554 2288 ὀφθαλμοῖς
1589 2213 1852 2300 ἄνέβλεπον
1885 2210 1945 2265 τὰ
1977 2211 2144 2299 τηρού-

188 2306 306 2350 μενα
341 2292 442 2345 τοῖς
475 2282 792 2350 ὑπομείνασιν
827 2283 1022 2351 ἀγαθὰ,
1059 2284 1127 2346 ,ἃὸ
1164 2284 1273 2337 οὔτε
1309 2288 1396 2348 οὓς
1438 2283 1671 2352 ήκουσεν,
1720 2282 1830 2336 οὔτε
1883 2280 2146 2370 ὀφθαλμὸς

187 2356 304 2418 ι’δεν,
345 2352 454 2405 οὔτε
490 2353 569 2405 ἐπὶ
602 2355 808 2420 καρδίαν
823 2353 1115 2441 ἀνθρώπου
1152 2353 1332 2441 ιῗινέβη,ι
1372 2356 1575 2440 ἐκείνοις
1610 2353 1662 2406 δὲ
1695 2351 2009 2406 ὗπεδείκνυτο
2044 2349 2143 2404 ὕπὸ

187 2428 275 2474 τοῦ
310 2424 500 2491 κυρίου,
541 2422 677 2508 οίπερ
713 2422 880 2489 μηκέτι
916 2421 1197 2511 ἄνθρωποι,
1236 2421 1337 2476 ἄλλ’
1379 2422 1477 2491 ’ἤδη
1514 2421 1700 2510 άγγελοι
1727 2416 1866 2489 ἦσαν.
1938 2419 2145 2488 Ὁμοίως

190 2491 242 2543 δὲ
286 2492 369 2543 καὶ
418 2493 486 2551 εἰς
534 2489 592 2540 τὰ
619 2493 791 2577 θηρία
834 2494 1084 2558 κριθέντες
1131 2491 1409 2560 ὗπέμεινανῖ
1448 2491 1608 2553 δεινὰς
1643 2491 1889 2554 κολάσεις,
1925 2489 2144 2576 κη’ρυκας

186 2560 273 2626 μὲν
319 2557 796 2646 ὖποστρωννύμενοι,
843 2565 926 2612 καὶ
974 2559 1138 2622 ἄλλαις
1189 2565 1432 2622 ποικίλαις
1477 2561 1708 2645 βασάνοις
1756 2558 2141 2645 κολαφιζόμενοι,

186 2631 296 2692 ι’να,
334 2631 377 2680 εἰ
410 2629 677 2716 δυνηθείη,
718 2649 743 2680 ο
780 2627 1017 2698 τύραννος
1053 2628 1134 2682 διὰ
1167 2637 1254 2698 τῆς
1290 2629 1523 2698 ἐπιμόνου
1558 2627 1801 2691 κολάσεως
1836 2630 1906 2690 εἰς
1941 2626 2142 2698 άρνησιν

189 2696 370 2760 αὐτοὺς
404 2697 572 2769 τρέψῃ.

407 2828 482 2874 111.
557 2828 821 2876 Germanici
857 2831 1127 2876 constantia.
1198 2831 1447 2891 Polycarpi
1481 2845 1604 2877 mors
1631 2831 1913 2890 postulatur.

326 2914 495 2969 Πολλὰ
541 2915 631 2986 γὰρ
679 2918 966 3006 ἐμηχανᾶτο
999 2917 1108 2970 κατ’
1161 2917 1322 2971 αὐτῶν
1356 2941 1382 2971 ο
1421 2917 1658 3006 διάβολος.
1724 2915 1871 2969 Ἀλλὰ
1903 2915 2039 2987 χάρις
2072 2924 2139 2991 τῷ

192 2989 325 3072 Θεῷ·
372 2983 494 3038 κατὰ
536 2989 731 3039 πάντων
759 2986 866 3074 γὰρ
914 2985 1002 3039 οὐκ
1051 2989 1254 3054 ἰ’.σχυσεν
1323 2986 1380 3040 Ο
1414 2986 1503 3058 γὰρ
1539 2985 1873 3076 γενναιότατος
1909 2993 2137 3055 Γερμανι-

185 3053 288 3116 κὸς1
337 3052 667 3123 ἐπερῤώννυεν
715 3055 876 3108 αὐτῶν
921 3078 1010 3123 την
1059 3059 1239 3109 δειλίαν
1274 3055 1356 3109 διὰ
1389 3065 1476 3146 τῆς
1511 3059 1564 3110 ἐν
1599 3056 1732 3127 αὐτῶ
1767 3055 2043 3154 ὑπομονῆς·
2083 3056 2140 3119 ὃς

186 3125 268 3176 καὶ
303 3124 548 3191 ἐπισήμως
585 3125 980 3194 ἐθηριομάχησεν.
1052 3127 1360 3194 Βουλομένου
1404 3149 1495 3197 γαρ
1540 3133 1626 3179 τοῦ
1676 3110 1990 3195 ἀνθυπάτουῗ
2037 3128 2138 3179 πεί-

272 3263 403 3316 6)1ta
431 3264 558 3305 codd.
590 3265 679 3305 Par.
711 3265 824 3305 vind.
867 3265 910 3305 In
929 3265 1026 3306 Cod.
1059 3266 1136 3306 Ba·
1193 3266 1319 3307 nullo.
1380 3265 1602 3307 Cotelerius
1636 3279 1656 3306 e
1689 3265 1918 3305 coniectura
1948 3263 2043 3323 χρὴ
2086 3267 2138 3308 ad

197 3332 305 3360 roco
340 3320 451 3360 deest
482 3319 540 3362 τὰ
569 3327 670 3361 teste
699 3321 937 3361 Iacobsono.
1195 3334 1306 3362 oram
1339 3321 1429 3361 libri
1459 3327 1662 3373 posuerat.
1713 3322 1862 3360 Sensus
1895 3326 1976 3361 est:
2017 3335 2137 3374 quum

277 3375 322 3427 7)
354 3376 548 3417 Eusebius
601 3373 684 3417 διὰ
733 3378 812 3429 τῆς
861 3378 1134 3434 μαρτυρίας.
1192 3377 1263 3418 Dei
1293 3377 1495 3416 voluntate
1528 3377 1658 3416 omnia
1690 3381 1889 3426 regantur,
1923 3377 2040 3417 etiam
2059 3377 2136 3418 Po-

197 3430 324 3471 Usser.
1192 3432 1379 3484 lycarpus
1413 3438 1451 3472 et
1480 3433 1581 3471 socii
1613 3432 1718 3471 iuxta
1751 3430 1923 3472 divinam
1950 3433 2137 3474 volunta-

274 3485 317 3536 8)
349 3485 447 3527 Cod.
477 3486 591 3526 vind.
627 3485 906 3555 περιέμενεν
931 3501 963 3542 γ
996 3502 1022 3543 ρ
1043 3499 1134 3528 πα-
1190 3493 1270 3527 tem
1298 3487 1487 3538 maxtyrio
1517 3492 1608 3526 sunt
1640 3486 1831 3526 coronati.
1861 3487 1908 3526 H.

191 3538 450 3594 ραδοθῆναι
479 3540 641 3589 καθώς
670 3542 747 3583 καὶ
777 3540 802 3584 ὁ
832 3538 1020 3600 Κύριος.
1052 3544 1132 3583 Iac.
1277 3541 1321 3593 2)
1353 3542 1408 3580 lta
1440 3541 1538 3581 Cod.
1566 3542 1700 3592 vind.;
1733 3541 1830 3582 Cod.
1859 3542 1984 3582 Paris.
2007 3540 2135 3597 αὐτῷ

280 3595 918 3649 Cap.11.1)1ta1acohsonus
941 3612 961 3639 e
984 3598 1132 3639 Codice
1190 3594 1479 3638 ἀνατιθέναι.
1510 3595 1608 3637 Cod.
1638 3598 1803 3638 Barooe.
1833 3595 2133 3652 ἀνατεθῆναι,

193 3647 360 3689 Vindob.
394 3652 494 3691 Male
523 3652 640 3695 editi:
672 3652 866 3711 καὶγὰρ,
884 3666 1003 3695 sensu
1016 3654 1135 3707 plane
1192 3658 1236 3694 ut
1265 3657 1429 3692 annotat
1457 3651 1534 3693 Iao.
1917 3683 1919 3686 Α

2298 1437 2329 1490 5
