2340 3900
249 201 345 254 182
463 199 670 250 IGNATII
703 195 975 247 EPISTOLA
1008 197 1078 244 ΑΙ)
1112 196 1642 245 PHILADELPHENSES.
1690 196 1798 244 VIll.
1835 195 1905 242 lx.
1940 196 1990 242 X.

252 334 281 389 6
317 328 522 418 σταυρὸς
557 326 708 380 αὐτοῦ
743 327 826 380 καὶ
860 325 888 379 6
919 324 1154 414 θάνατος’,
1169 328 1252 380 καὶ
1282 325 1316 396 ἦ
1350 326 1607 391 ἀνάστασις
1644 326 1793 380 αὐτοῦ
1841 326 1924 378 καὶ
1957 347 1990 392 η
2041 327 2215 388 πίστις’

251 403 285 471 ἦ
322 401 388 455 δι’
432 398 609 452 αὐτοῦ·
648 398 700 449 ἐν
735 393 810 458 οἷς
845 396 974 450 θέλω
1009 397 1061 449 ἐν
1095 402 1154 469 τῇ
1189 405 1426 471 προσευχῇ
1461 396 1598 466 ὑμῶν
1638 400 1980 463 δικαιωθῆναι.

592 612 663 659 ΙΧ.
724 613 905 659 Bonum
939 618 1003 659 est
1041 612 1087 662 Υ.
1130 613 1193 669 Τ.,
1230 613 1393 659 melius
1430 613 1609 661 Novum
1646 612 1842 657 Foedus.

390 730 545 783 Καλοὶ
590 729 674 782 καὶ
721 729 771 782 οἱ
817 729 997 817 2696591,
1046 734 1265 814 κρεῖσσον
1300 728 1351 781 δὲ
1387 727 1415 781 6
1453 726 1721 815 ἀρχιερεὺς,
1758 724 1785 779 6
1821 726 2205 814 πεπιστευμένος

254 798 313 852 τὰ
357 799 489 888 άγια
523 805 618 852 τῶν
672 795 850 869 ἁγίων,
899 797 955 862 ὃς
997 796 1146 866 μόνος
1190 800 1494 852 πεπίστευται
1541 796 1599 850 τὰ
1655 793 1845 886 κρυπτὰ
1887 802 1976 849 τοῦ
2027 797 2204 849 &soit-²

257 867 404 932 αὐτὸς
452 867 539 922 ὠν3
576 866 713 938 θύρα
761 873 846 921 τοῦ
895 867 1094 938 πατρὸς,
1123 867 1225 958 ιλ..δι
1254 862 1315 934 ἧς
1345 868 1638 953 εἰσέρχονται
1659 863 1888 951 Ἀβραὰμ
1932 866 2015 919 καὶ
2042 863 2206 919 Ἰσαὰκ

256 939 339 992 καὶ
368 936 544 1005 Ἰακώβ
578 939 661 990 καὶ
696 939 746 991 οἰ
775 944 1023 1008 προφῆται
1057 939 1140 991 καὶ
1175 939 1225 990 οἷ
1260 934 1518 990 ἀπόστολοι
1537 937 1619 989 καὶ
1640 934 1673 1003 ἦ
1698 936 1939 1002 ἐκκλησία.
2014 934 2207 989 Πάντα4

254 1013 406 1061 ταῦτα
455 1010 523 1070 εἰς
576 1005 772 1077 ἑνότητα
830 1011 974 1062 Θεοῦ.
1034 1005 1310 1097 Ἐξαίρετον
1354 1007 1406 1059 δέ
1450 1028 1495 1058 τι
1544 1007 1663 1093 ἔχει
1678 1004 1732 1058 τὸ
1776 1004 2081 1095 εὐαγγέλιον,
2117 1003 2207 1074 τὴν

254 1080 528 1168 παρουσίαν
573 1083 660 1130 τοῦ
709 1079 882 1145 κυρίου
931 1075 1072 1167 ημῶν
1102 1075 1263 1144 Ἰησοῦ
1305 1078 1570 1145 Χριστοῦ,5
1615 1073 1669 1127 τὸ
1718 1073 1886 1137 πάθος
1920 1072 2088 1127 αὐτοῦ
2123 1076 2206 1128 καὶ

254 1145 343 1214 τὴν
379 1145 794 1201 ἀνάστασιν.οἰ
824 1146 925 1233 γὰρ
952 1148 1189 1235 αγαπητοὶ
1221 1152 1469 1214 προφῆται
1505 1143 1818 1232 κατηγγειλαν
1855 1146 1923 1207 εἰς
1945 1143 2117 1198 αὐτόν·
2148 1143 2204 1198 τὸ

256 1216 308 1269 δὲ
344 1216 618 1306 ευαγγέλιον
654 1213 949 1312 ἀπάρτισμά8
961 1218 1088 1270 ἐστιν
1123 1215 1445 1286 ἀφθαρσίας.6
1520 1213 1709 1267 ΠάνταἿ
1748 1213 1874 1282 ὁμοῦ
1910 1213 2035 1269 καλά
2061 1215 2207 1279 ἐστιν,

255 1285 341 1342 ἐὰν
379 1289 432 1341 ἐν
466 1284 630 1360 ἀγάπη
665 1285 949 1355 πιστεύητε.8

518 1502 569 1548 Χ.
644 1501 1036 1562 Conyratulemini
1071 1500 1361 1548 Antiochenis
1400 1502 1454 1547 de
1488 1501 1579 1561 fine
1607 1500 1955 1561 persecutionis.

365 1617 611 1686 ,Ἐπειδὴι
655 1616 778 1671 κατὰ
823 1639 912 1685 την
963 1614 1232 1708 προσευχην
1283 1614 1420 1684 ὑμῶν
1465 1638 1547 1669 και
1599 1615 1720 1670 κατὰ
1767 1615 1826 1669 τὰ
1871 1615 2135 1687 σπλάγχνα,
2174 1614 2207 1669 6

262 1690 384 1778 ἔχετε
420 1690 472 1741 ἐν
509 1693 703 1758 Χριστῷ
733 1687 926 1755 Ἰησοῦ,
964 1686 1205 1777 ἀπηγγέλη
1242 1707 1347 1753 μοι,
1383 1685 1665 1774 εἶρηνεύειν2
1700 1684 1791 1756 τὴν
1831 1687 2087 1754 ἐκκλησίαν
2121 1684 2211 1756 τὴν

261 1759 313 1811 ἐν
339 1756 604 1829 Ἀντιοχεία
637 1763 724 1824 τῆς
759 1759 971 1827 Συρίας·
989 1758 1191 1846 πρέπον
1227 1757 1354 1809 ἐστὶν
1388 1754 1529 1823 ὑμῖν,
1568 1779 1631 1820 ως
1664 1757 1889 1828 ἐκκλησία
1929 1759 2084 1822 Θεοῦ,
2119 1777 2211 1846 χει-

261 1833 517 1897 ροτονῆσαι
565 1811 793 1879 διάκονον
843 1829 912 1889 εἰς
954 1825 1007 1880 τὸ
1032 1828 1339 1915 ,πρεσβεῦσαι
1388 1827 1491 1879 ἐκεῖ
1537 1831 1665 1880 Θεοῦ
1718 1810 2007 1915 πρεσβείαν,
2055 1828 2123 1890 εἰς
2155 1825 2210 1880 τὸ

228 1934 232 1937 Α
261 1902 559 1983 συγχαρῆναι
589 1894 756 1958 αὐτοῖς
790 1896 867 1948 ἐπι
901 1893 954 1948 τὸ
990 1894 1106 1949 αὐτὸ
1142 1895 1430 1983 γενομένοις,
1450 1898 1532 1950 καὶ
1554 1893 1751 1960 δοξάσαι
1773 1895 1827 1950 τὸ
1854 1895 2023 1965 ὄνομα.
2079 1901 2212 1950 Μα-

261 1965 430 2052 κάριος
466 1966 519 2018 ἐν
546 1963 709 2032 Ἰησοῦ
747 1970 965 2049 Χριστῷ,
1004 1963 1064 2028 ὃς
1099 1965 1511 2032 καταξιωθησεται
1547 1973 1633 2054 τῆς
1668 1967 1908 2055 τοιαύτης
1937 1969 2212 2029 διακονίας·

259 2037 344 2089 καὶ
383 2032 519 2102 υμεῖς
555 2019 936 2100 δοξασθησεσθε.
1014 2035 1248 2088 Θέλουσιν
1284 2035 1336 2086 δὲ
1370 2033 1485 2102 ὑμῖν
1525 2034 1614 2088 οὒκ
1650 2036 1776 2089 ε’στιν
1814 2034 2071 2100 ἀδύνατον,
2091 2033 2213 2106 ὑπὲρ

259 2103 496 2172 ὀνόματος
536 2106 688 2157 Θεοῦ·
728 2126 794 2167 ως
828 2105 910 2157 καὶ
943 2104 996 2156 αἱ
1028 2105 1216 2175 ἔγγιστα
1255 2104 1495 2173 ἐκκλησίαι
1535 2106 1758 2174 ἔπεμψαν
1805 2103 2126 2172 ἐπισκόπους,
2163 2107 2219 2159 αἰ

261 2174 314 2228 δὲ
345 2173 697 2245 πρεσβυτέρους
730 2175 813 2228 καὶ
849 2172 1123 2237 διακόνους.

346 2428 442 2481 Cap.
470 2428 534 2469 lx.
596 2427 636 2477 1)
668 2425 712 2468 οἱ
747 2425 965 2483 5696179-2-
987 2430 1209 2469 sacerdotes

261 2486 410 2526 iudaici
438 2500 493 2520 ..·--.
525 2488 635 2524 vetus
684 2484 935 2534 oeconomia;
974 2481 1212 2538 ἀρχιερεὺς

261 2539 566 2581 :Christus=
580 2551 715 2579 novum
734 2539 889 2589 foedus.
928 2538 1052 2578 Aliter
1068 2539 1209 2589 Bothe,

260 2597 347 2638 Ans.
374 2607 414 2648 p.
435 2595 604 2647 731sq.‚
640 2593 707 2646 qui
739 2593 880 2648 ἱερεῖς
907 2594 954 2634 de
978 2593 1210 2634 Christianis

264 2651 460 2694 ecclesiae
490 2650 837 2701 Philadelphensis
877 2649 1042 2702 accipit,
1087 2656 1126 2690 et
1155 2650 1209 2690 ita

266 2708 460 2761 explicat:
501 2719 634 2759 preces
676 2707 830 2758 quidem
871 2710 1020 2746 vestrae
1049 2719 1121 2758 pro
1151 2718 1210 2746 me

265 2767 387 2806 bonae
418 2769 531 2813 sunt,
576 2763 694 2802 multo
733 2774 821 2802 vero
863 2763 1038 2803 meliores
1074 2775 1208 2814 preces

270 2819 426 2861 Christi.
465 2819 511 2860 H.
571 2817 864 2859 Sententiarum
906 2831 1029 2858 nexus
1075 2818 1209 2858 Rothii

264 2874 519 2929 explicationi
561 2886 642 2915 non
671 2874 787 2914 favet.
848 2873 1024 2914 Subinde
1055 2875 1212 2932 κρείσ-

269 2942 367 2975 σων
395 2929 682 2984 ap.1nterpol

351 2987 395 3052 2)
424 2986 558 3029 Aludit
586 2986 638 3026 ad
656 2991 794 3027 sancta
816 2985 1054 3026 Sanctorum
1074 2986 1212 3039 templi

265 3043 423 3086 veteris.
483 3042 563 3084 Cfr.
594 3042 715 3083 Hebr.
747 3042 785 3091 2,
819 3041 882 3082 17.
914 3043 952 3091 9,
985 3042 1051 3082 25.

348 3100 392 3150 3)
425 3094 537 3141 dvc
559 3099 604 3139 L.
659 3097 790 3139 Vossii
819 3093 877 3140 ἄν
894 3097 1080 3138 mendum
1098 3104 1209 3150 puto.

268 3155 348 3197 Cfr.
383 3156 519 3197 Ioann.
554 3154 617 3205 10,
653 3154 692 3195 7.
722 3154 760 3196 9.

348 3212 394 3261 4)
425 3210 577 3252 Veteris
611 3216 650 3252 et
677 3210 779 3252 Novi
809 3209 1050 3251 Testamenti
1090 3222 1213 3251 oeco-

263 3267 396 3309 nomia
427 3267 478 3307 ad
507 3266 884 3319 redintegrationem
922 3266 1093 3307 hominis
1125 3279 1213 3307 cum

263 3325 348 3366 Deo
377 3328 545 3376 spectat.

349 3379 394 3429 5)
426 3380 630 3435 σωτῆρος
657 3391 698 3431 Ρ.
729 3378 886 3435 κυρίου
912 3378 1206 3430 Inter3polator

262 3442 475 3488 utrumque
523 3435 657 3476 reddit
700 3439 776 3474 vet.
823 3434 895 3474 Int
943 3436 1207 3487 praesentiam

1356 2426 1401 2479 6)
1431 2429 1459 2468 l.
1491 2442 1524 2469 e.
1563 2427 1779 2478 Evangelio
1821 2423 1847 2479 ἡ
1884 2427 2098 2480 βασιλεία
2136 2429 2217 2469 τοῦ

1273 2485 1390 2526 Θεοῦ
1421 2489 1458 2524 et
1495 2483 1571 2523 vita
1600 2482 1640 2522 in
1671 2483 1749 2523 hoc
1778 2495 1903 2533 reguo
1950 2489 2111 2524 aeterna
2153 2484 2215 2524 in-

1267 2540 1403 2580 stituta
1424 2545 1494 2579 est.
1547 2538 1671 2579 Aliter
1691 2538 1778 2588 hgl.
1795 2538 1966 2591 explicat
1982 2539 2216 2591 Heringius:

1267 2596 1445 2647 perfecta
1475 2594 1677 2645 doctrina,
1710 2607 1810 2646 quae
1840 2607 2002 2647 semper
2027 2595 2216 2646 manebit,

1266 2657 1362 2703 post
1392 2663 1509 2702 quam
1538 2650 1635 2690 nihil
1658 2651 1828 2703 amplius
1852 2651 2104 2692 revelabitur.
2140 2652 2216 2693 lac

1266 2708 1310 2747 In
1339 2719 1461 2758 marg.
1493 2706 1534 2747 C.
1565 2719 1667 2746 man.
1698 2719 1778 2748 sec.
1817 2708 2050 2774 rescripsit
2054 2714 2217 2749 senten-

1266 2763 1360 2803 tiam
1392 2761 1444 2804 τὸ
1477 2760 1742 2818 εὐαγγέλιον
1773 2758 2052 2820 ἀπάρτισμά
2087 2762 2218 2807 ἐστιν

1267 2817 1555 2884 ἀφθαρσίας.

1351 2875 1395 2927 7)
1427 2875 1689 2916 Gallicciolli:
1734 2875 1850 2916 Tutte
1881 2874 2047 2916 insieme
2076 2882 2217 2928 queste

1269 2943 1362 2972 cose
1395 2944 1496 2972 sono
1529 2932 1650 2983 belle,
1683 2944 1726 2972 se
1752 2931 1792 2971 in
1815 2931 1937 2972 carita
1968 2931 2006 2972 le
2028 2931 2216 2973 crediate.

1355 2986 1399 3037 8)
1428 2988 1487 3028 Ita
1507 2987 1535 3027 C
1558 2989 1602 3037 L,
1637 2964 1884 3030 πιστεύετε
1904 2988 1977 3029 Int.
2001 2994 2077 3038 vet,
2108 2987 2218 3040 quod

1269 3050 1549 3095 expresserunt
1564 3045 1674 3084 Voss.
1694 3050 1733 3084 et
1759 3043 1826 3096 qui
1849 3056 1937 3084 eum
1957 3043 2216 3096 repetierunt.

1356 3099 1451 3151 Cap.
1492 3101 1536 3140 X.
1599 3099 1638 3148 1)
1677 3097 1840 3153 ἐπειδὴ
1883 3099 1984 3150 CL,
2024 3097 2128 3142 ἐπεὶ
2164 3097 2217 3141 δὲ

1270 3162 1372 3196 auct.
1405 3155 1547 3197 Vossio
1577 3114 1840 3206 CoteleriuS,⁷1
1846 3155 2037 3197 Smithius
2068 3161 2109 3196 et
2135 3155 2216 3196 alii.

1269 3212 1494 3253 Proximum
1527 3212 1604 3253 καὶ
1633 3211 1787 3252 addidit
1815 3211 1893 3252 Iac.
1923 3223 1968 3252 ex
1997 3212 2042 3261 L,
2071 3212 2216 3252 suffra-

1269 3273 1384 3318 gante
1394 3281 1499 3308 nunc
1515 3267 1556 3309 C.
1579 3267 1778 3309 Articulus
1798 3264 1856 3308 τὰ
1867 3271 1956 3307 ante
1968 3261 2216 3321 σπλάγχνα

1269 3323 1414 3364 excidit
1444 3324 1562 3365 etiam
1579 3324 1718 3365 tertiae
1736 3330 1774 3363 et
1788 3328 1951 3375 quartae
1965 3323 2217 3365 ed.Heielia-

1267 3391 1353 3419 nae.

1350 3434 1393 3486 2)
1414 3434 1567 3485 Ignatio
1589 3433 1939 3487 antequamAsiam
1953 3435 2212 3489 relinqueret,

266 3491 484 3532 Salvatoris
520 3491 676 3532 Domini
727 3492 851 3532 nostri
899 3491 988 3531 Iesu
1042 3489 1207 3542 Cliristi5
1262 3490 1581 3542 persecutionem
1626 3496 1764 3530 contra
1807 3490 2045 3533 christianos
2075 3492 2214 3534 Antio-

265 3547 369 3588 Arm.
399 3547 445 3588 At
471 3548 744 3600 praecellentia
764 3547 901 3588 existit
922 3548 964 3587 in
995 3547 1205 3599 ευαηςείίο,

267 3604 452 3699 (ἒῖἶῖἔιιιὶαε
489 3603 706 3645 Salvatoris
750 3603 908 3644 Domini
949 3604 1079 3644 nostri
1116 3603 1208 3644 Iesu

1265 3546 1376 3587 chiae
1437 3545 1642 3586 excitatam
1698 3546 1866 3587 cessisse
1919 3547 2103 3589 innotuit.
2168 3548 2212 3588 Id

1265 3602 1395 3643 elucet
1424 3614 1469 3642 ex
1499 3601 1536 3640 h.
1569 3601 1594 3642 l.
1627 3607 1664 3642 et
1692 3603 1820 3655 epr.
1851 3603 1902 3645 ad
1921 3604 2128 3656 Smyrn.c.
2149 3604 2213 3646 11.

1264 3658 1354 3711 (cfr.
1386 3659 1437 3699 ad
1467 3657 1603 3709 Polyc.
1633 3670 1666 3699 c.
1686 3658 1771 3711 7.).·
