2340 3900
554 192 587 240 Ι.
622 190 936 239 ctssm'rts
969 192 1040 238 AD
1078 192 1201 239 COR.
1240 192 1364 239 LVII.
1399 191 1542 240 LVIII.
1577 189 1683 236 th.
2001 182 2097 233 105

151 337 295 391 distis,
330 332 414 380 sed
448 331 577 378 irrita
612 329 786 377 fecistis
833 344 935 376 mea
971 330 1188 388 consilia,
1237 338 1283 378 et
1326 333 1440 379 meis
1487 325 1875 391 increpationibus
1913 324 2106 372 rebelles

150 404 323 459 suistis3
369 402 520 461 itaque
556 406 602 446 et
645 412 732 460 ego
781 406 932 445 vestra
985 401 1240 460 perditione
1294 401 1479 457 ridebo,
1526 397 1731 461 gaudebo
1779 403 1953 454 autem,
2004 409 2106 442 cum

148 473 323 521 venerit
377 469 507 517 vobis
563 469 800 530 interitus,
862 475 909 515 et
964 469 1144 530 quoties
1212 470 1444 516 advenerit
1501 468 1627 515 vobis
1677 466 1828 514 subito
1873 465 2105 523 tumultus,

147 542 323 591 eversio
359 547 508 587 autem
543 538 706 585 similis
741 537 971 599 procellae
1020 536 1229 594 affuerit,
1267 539 1334 584 vel
1377 553 1477 586 cum
1527 538 1701 584 venerit
1744 535 1874 583 vobis
1920 534 2106 583 tribula·

147 614 211 660 tio
245 618 292 659 et
326 610 585 672 oppressio.
653 606 749 654 Erit
778 609 927 663 enim,
966 621 1067 654 cum
1100 607 1365 653 invocabitis
1397 622 1499 664 me,
1539 622 1622 669 ego
1660 613 1806 653 autem
1844 619 1934 652 non
1976 618 2106 653 exau·

147 682 264 730 diam
307 694 415 735 vos3
465 684 687 739 quaerent
730 690 803 723 me
846 677 977 731 mali,
1015 683 1062 723 et
1096 690 1188 722 non
1225 677 1462 723 invenient.
1535 677 1741 723 Oderunt
1776 675 1892 722 enim
1931 676 2106 737 sapIen·

145 753 274 806 tiam,
322 750 532 796 timorem
579 753 731 793 autem
780 746 955 793 Domini
1006 760 1099 793 non
1154 753 1488 800 assumserunt,
1535 761 1682 807 neque
1738 745 1947 792 volebant
1993 745 2108 792 meis

146 820 379 868 attendere
415 817 648 872 consiliis3
685 815 1025 864 subsannabant
1059 822 1209 862 autem
1240 829 1363 861 meas
1401 815 1756 875 redargutiones.
1804 815 1922 875 Ergo
1960 828 2109 862 come·

146 890 256 938 dent
288 890 386 935 viae
418 901 547 976 suaa
556 886 764 976 Rufius,
803 891 849 932 et
886 899 968 932 sua
1002 886 1207 947 ipsorum
1242 884 1470 946 impietate
1507 884 1829 931 saturabuntur
1841 878 1863 903 *
1876 878 1929 904 **
1943 877 1964 904 *
1977 879 1998 905 *
2010 878 2032 905 *
2046 877 2068 904 *
2086 877 2109 903 *

145 954 170 979 0
182 954 205 980 0
214 954 237 981 Ὀ
250 954 273 978 0
281 952 304 978 O
317 952 341 977 Φ
350 952 373 976 0
383 952 406 976 t
416 952 439 976 ἡ
455 951 478 975 t

224 1082 370 1131 LVIII.
438 1081 570 1128 Deus
602 1080 816 1128 omnibus
848 1080 1002 1141 ipsum
1035 1080 1357 1127 invocantibus
1393 1081 1515 1127 bona
1550 1080 1816 1141 spiritualia
1853 1081 2039 1127 tribuat.

285 1180 527 1242 Inspector
561 1177 763 1225 omnium
801 1177 943 1233 Deus,
997 1182 1044 1223 et
1079 1177 1295 1224 Dominus
1333 1178 1573 1239 spirituum
1627 1183 1671 1223 et
1700 1178 1836 1224 herus
1873 1179 2112 1225 universae

148 1251 325 1307 carnis,
372 1249 451 1311 qui
498 1247 639 1309 elegit
673 1247 910 1293 Dominum
945 1246 1094 1293 Iesum
1132 1246 1385 1303 Christum,
1425 1253 1471 1294 et
1505 1261 1590 1294 nos
1627 1260 1711 1308 per
1747 1261 1849 1294 eum
1888 1248 1931 1293 in
1969 1262 2112 1310 popu·

147 1322 240 1370 lum
274 1318 579 1383 peculiarem,
632 1317 712 1364 det
745 1316 868 1363 omni
902 1316 1102 1374 animae,
1167 1331 1283 1378 quae
1333 1316 1584 1379 gloriosum
1621 1323 1666 1363 et
1702 1324 1908 1364 sanctum
1944 1331 2113 1363 nomen

147 1391 247 1440 eins
270 1389 557 1444 invocaverit,
593 1385 745 1442 fidem,
780 1385 1004 1443 timorem,
1042 1401 1216 1448 pacem,
1248 1387 1528 1448 patientiam,
1565 1388 1969 1448 aequanimitatem,
2005 1400 2113 1432 con·

149 1460 411 1517 tinentiam,
468 1458 723 1505 castitatem
758 1462 806 1504 et
839 1455 1130 1518 pudicitiam,
1185 1463 1235 1503 ut
1270 1457 1445 1504 nomini
1483 1457 1582 1503 eius
1621 1463 1745 1503 recte
1783 1457 1974 1518 placeat,
2031 1469 2116 1516 per

147 1544 373 1579 summum
420 1527 707 1576 sacerdotem
750 1532 799 1573 ct
842 1532 1084 1588 patronum
1133 1533 1343 1574 nostrum
1379 1527 1528 1574 Iesum
1562 1526 1817 1582 Christum,
1858 1539 1942 1588 per
1979 1538 2114 1586 quem

148 1600 213 1650 illi
245 1599 412 1662 gloria,
446 1599 688 1655 maiestas,
722 1602 949 1658 potestas,
986 1596 1163 1654 honor,
1220 1603 1267 1644 et
1317 1611 1441 1643 nunc
1488 1602 1534 1643 et
1569 1597 1615 1643 in
1653 1595 1807 1643 secula
1841 1594 2117 1643 seculorum.

148 1668 318 1718 Amen!

219 1794 329 1842 ux.
398 1794 626 1843 Conntlte'i
658 1794 822 1841 missos
857 1807 891 1840 a
924 1792 1150 1840 Clemente
1186 1792 1274 1838 cito
1308 1793 1571 1848 remittant,
1608 1792 1955 1852 rerer-ibamque
1991 1792 2047 1837 de

710 1876 964 1924 concordia
989 1876 1216 1924 restituta.
1279 1876 1557 1923 Benedictio.

286 1976 452 2023 Kissos
487 1980 638 2022 autem
674 1987 701 2020 a
733 1972 868 2020 nobis
905 1971 1140 2019 Claudium
1175 1972 1411 2034 Ephebum
1448 1979 1494 2019 et
1517 1973 1742 2019 Valerium
1774 1971 1979 2019 Bitonem
2015 1986 2117 2018 cum

153 2046 401 2094 rotumam
435 2044 482 2091 in
513 2057 628 2105 pace
662 2056 766 2090 cum
801 2041 966 2103 gaudio
1004 2041 1061 2087 ad
1098 2054 1184 2087 nos
1218 2041 1342 2088 brevi
1372 2042 1601 2098 remittite,
1637 2049 1689 2088 ut
1715 2042 1850 2088 citius
1874 2040 2119 2103 optabilem

153 2115 379 2176 nobisque
414 2112 846 2167 desideratissimam
882 2123 1042 2171 pacem
1079 2117 1124 2156 et
1161 2111 1458 2157 concordiam
1498 2111 1787 2166 annuntient,
1843 2118 1893 2156 ut
1941 2117 1987 2157 et
2031 2124 2118 2156 nos

155 2184 213 2232 de
247 2190 368 2231 statu
401 2188 555 2229 vesun
591 2187 718 2229 recte
768 2179 978 2228 ordinato
1028 2180 1163 2227 citius
1197 2180 1489 2241 gaudeamus
1562 2181 1713 2227 Gratia
1749 2180 1923 2227 Domini
1972 2180 2118 2226 nostri

156 2252 260 2301 Iesu
296 2251 464 2300 Christi
499 2251 562 2298 sit
605 2248 841 2298 vobiscum
880 2255 927 2296 et
962 2263 1066 2296 cum
1101 2249 1311 2317 omnibus
1349 2248 1520 2311 ubique
1556 2251 1728 2297 vocatis
1766 2265 1791 2296 a
1827 2250 1919 2296 Deo
1956 2255 2001 2295 et
2037 2263 2120 2311 per

154 2324 334 2385 ipsum
370 2335 455 2384 per
487 2333 626 2383 quem
661 2319 725 2367 illi
761 2318 924 2380 gloria,
957 2318 1121 2374 bonor,
1157 2319 1375 2379 potentia,
1414 2320 1626 2366 maiestas
1665 2326 1710 2366 et
1732 2319 1978 2366 dominatio
2005 2332 2120 2364 sem·

155 2392 347 2455 paena,
383 2404 411 2438 a
443 2388 613 2438 seculis
647 2388 694 2435 in
730 2387 881 2436 secula
916 2387 1193 2435 seculorum.
1262 2387 1430 2434 Amen!

659 2511 905 2560 Clementis
939 2512 997 2560 ad
1033 2511 1295 2560 CorInthios
1331 2512 1535 2575 Epistola
1578 2512 1608 2560 Ι.

154 2709 205 2752 iis
234 2708 336 2750 Iocis
374 2718 478 2763 quae
513 2703 659 2748 Pbotio
696 2701 1010 2757 displicuerunt,
1042 2703 1108 2745 Bi-
1164 2703 1248 2745 toni
1288 2710 1382 2744 sunt
1427 2703 1519 2746 data
1564 2716 1636 2746 sua
1677 2704 1952 2758 praenomina.
2025 2706 2121 2749 Dav.

156 2766 298 2808 bliotb.
333 2764 427 2808 ln.
481 2763 530 2805 At
559 2761 703 2804 eodem
730 2759 853 2802 modo
885 2761 926 2802 S.
941 2760 1107 2802 Paulum
1163 2761 1405 2802 Fortunatus
1444 2761 1551 2802 idem
1588 2774 1677 2802 esse
1708 2762 1888 2813 videtur,
1937 2762 2003 2815 qui
2036 2774 2058 2803 a
2090 2764 2118 2805 I.

157 2829 198 2865 et
226 2821 270 2863 D.
300 2819 494 2874 Ignatinm
533 2818 585 2860 de
616 2816 778 2859 Christo
816 2816 975 2858 locutos
1017 2829 1107 2859 esse
1164 2817 1290 2858 Paulo
1323 2824 1569 2859 memoratur
1599 2818 1614 2858 1
1645 2817 1736 2859 Cor.
1773 2818 1835 2866 16,
1871 2819 1934 2860 17.
1972 2819 2077 2860 Wott.

159 2878 409 2921 munt
425 2875 652 2919 Wottomu.
706 2872 805 2915 Vide
833 2885 958 2927 supra
987 2887 1021 2915 c.
1038 2874 1109 2916 36.
1252 2872 1300 2927 2)
1330 2874 1419 2915 Non
1449 2882 1530 2925 est,
1570 2874 1680 2928 quod
1722 2887 1767 2915 ea
1800 2874 1962 2917 Codicis
1993 2876 2121 2916 forma

162 2934 243 2976 Iac.
300 2932 383 2975 etr.
412 2931 535 2974 Βοῦν.
563 2932 607 2982 4,
639 2930 706 2973 15.
729 2929 770 2979 2,
803 2929 869 2972 17.
898 2929 939 2980 3,
975 2930 1011 2972 1.
1046 2930 1108 2972 10.
1164 2942 1255 2972 cum
1301 2931 1506 2973 nonnullis
1548 2930 1653 2983 vulg.
1696 2939 1892 2973 mutemus
1933 2931 1972 2975 in
2017 2928 2121 2973 ἐπι-

1165 2982 1270 3029 πόθ
1330 3002 1354 3029 ο
1386 3019 1395 3029 .

243 3044 342 3099 Cap.
371 3043 467 3087 ux.
526 3041 571 3112 t)
602 3042 755 3085 romu
777 3041 989 3094 legendnm
1021 3040 1110 3087 σὺν
1249 3000 1517 3096 Βῖινέοῑῑοηο
1548 3051 1587 3086 et
1608 3044 1831 3086 Iacobsono
1868 3044 2035 3086 testibus
2069 3043 2122 3086 ita

163 3096 289 3157 1⁸11sp
308 3102 646 3161 Φορτουνατφς
673 3110 763 3140 nal·
785 3098 952 3152 prcbo
982 3106 1023 3141 et
1041 3099 1109 3140 Vi·
1164 3100 1432 3142 subscribitur
1461 3101 1501 3142 in
1532 3103 1601 3143 Ms.
