2340 3900
254 175 353 227 218

348 413 657 460 ΙΓΝΑΤΙΩ
705 414 951 461 ΜΑΡῙΑ
1000 420 1100 464 ΕΚ

434 485 1008 533 ΚΑΣΣΟΒΗΑΩΝ.1

322 587 498 654 Μαρία
533 582 842 672 προσήλυτος
884 583 1045 653 Ἰησοῦ
1083 592 1199 655 Χρι-

387 660 518 717 στοῦ,
533 652 748 725 Ἰγνατίῳ
785 656 1019 738 Θεοφόρῳ
1051 678 1202 723 μακα-

384 721 626 813 ριωτᾶτῳ,
673 708 918 796 ἐπισκόπῳ
952 710 1203 814 ἐκκλησίας

389 793 705 860 ἇποστολικῆς
749 798 836 859 τῆς
873 778 993 846 κατὰ
1021 793 1204 847 Ἀντιό-

389 883 546 930 χειαν,
603 863 656 915 ἐν
715 865 823 932 Θεῷ
887 865 1046 933 Πατρὶ
1098 865 1202 917 καὶ2

379 931 541 999 Ἰησοῦ
574 914 866 1004 ἠγαπημένῳ
903 935 1084 1004 χαίρειν
1121 935 1204 987 καὶ

389 1003 649 1072 ἑρῤὤσθαι.

495 178 699 224 ΜΑΒΙΑΕ
741 176 1144 227 CASSOBOLITAE
1181 178 1554 238 EPISTOLAAD
1594 182 1873 230 IGNATlUM.
1927 183 1960 228 Ι.

1257 426 1436 467 ΜΑΒΙΑΕ
1463 426 1786 467 PROSELYTAE
1817 423 2203 466 CHASSAOBOLO—
2237 437 2243 441 ¹
2331 398 2335 400 -

1256 494 1358 536 RUM
1387 496 1448 536 AD
1491 496 1730 536 IGNATIUM
1777 493 2062 534 EPISCOPUM
2116 494 2202 535 AN-
2251 510 2254 513 ·

1469 564 1701 604 TlOCHIAE
1731 562 1990 604 EPISTOLA.

1328 665 1462 712 Maria
1543 667 1777 727 Proselyta
1859 664 1962 710 lesu
2025 663 2206 719 Christi,

1396 735 1565 795 Ignatio
1610 734 1883 794 Theophoro
1926 732 2188 779 beatissimo

1398 805 1622 865 Episcopo
1660 802 1888 848 Ecclesiae
1920 801 2205 862 Apostolicae

1399 874 1521 929 eius,
1582 885 1695 932 quae
1757 870 2005 916 secundum
2054 870 2204 915 Antio-

1400 941 1572 997 chiam,
1624 941 1668 985 in
1712 940 1803 984 Deo
1839 939 1971 984 Patre
2021 943 2067 984 et
2103 938 2206 985 lesu

1400 1010 1562 1055 dilecto
1600 1008 1796 1070 gaudere
1835 1014 1881 1054 et
1914 1007 2077 1054 valere.

785 1154 1020 1197 *IGNATIO
1052 1156 1199 1197 MARIA
1236 1157 1301 1197 EX
1334 1156 1656 1197 CASSOBELIS.

387 1255 559 1307 *Maria
595 1257 828 1320 proselyta
863 1258 966 1304 Iesu
1003 1259 1168 1305 Christi
1205 1259 1376 1320 Ignatio
1415 1242 1712 1320 Theophoro,
1775 1257 2038 1304 beatissimo
2076 1256 2200 1317 Epis-

467 1343 582 1390 copo
619 1327 848 1374 Ecclesiae
885 1328 1193 1388 Apostolicae,
1244 1343 1356 1387 quac
1407 1335 1477 1374 cst
1510 1328 1798 1380 Antiochiae,
1848 1327 1894 1371 in
1942 1325 2033 1371 Deo
2070 1324 2202 1370 Patre

463 1405 508 1444 et
544 1398 646 1443 Iesu
684 1395 862 1442 Christo
908 1396 1086 1451 dilecto,
1126 1397 1334 1455 gaudium
1373 1404 1417 1443 et
1459 1398 1660 1444 salutem.
1734 1396 1999 1442 Continuam
2038 1393 2119 1439 tibi
2155 1394 2201 1438 in

461 1467 561 1527 ipso
596 1465 808 1511 laetitiam
845 1472 890 1511 et
924 1466 1156 1510 sanitatem
1194 1479 1444 1526 precamur.

355 1616 385 1661 l.
458 1604 677 1661 Παντοτέ
701 1610 795 1662 σοι3
835 1607 1074 1695 ευχόμεθα
1109 1605 1198 1675 τὴν

251 1679 303 1730 ἒν
372 1674 502 1749 αὐτῷ
561 1677 712 1760 χαράν
770 1698 819 1730 τε
878 1679 959 1730 καὶ
1017 1676 1195 1766 ὖγείαν.

243 1731 481 1812 Ἐπειδὴ,
494 1746 769 1833 θαυμασιε,
802 1748 903 1798 καὶ4
938 1745 1043 1833 παρ’
1081 1745 1198 1811 ἡμῖν

250 1815 280 1868 ὁ
334 1813 541 1882 Χριστὸς
588 1818 860 1884 ἐγνωρίσθη
916 1814 1024 1876 υἱὸς
1077 1814 1199 1867 εἶναι

248 1890 335 1937 τοῦ
379 1887 505 1936 Θεοῦ
538 1891 625 1980 τοὸὖ
661 1890 848 1947 ζῶντος,
878 1886 961 1935 καὶ
988 1885 1039 1935 ἐν
1065 1882 1198 1936 ὑστέ-

249 1975 353 2022 ροις
398 1954 603 2021 καιροῖς5
646 1953 1074 2021 ε’νηνθρωπηκέναι
1119 1950 1200 2004 δια

249 2023 501 2089 παρθένου
541 2025 772 2111 Μαρίας,
819 2023 900 2074 καὶ
920 2022 1200 2109 σπέρματος

249 2092 410 2159 Δαβὶδ
444 2114 523 2144 και
545 2089 782 2159 Ἀβρααμ,
818 2112 939 2143 κατα
974 2089 1058 2152 τὰς
1091 2092 1201 2159 περὶ

250 2160 399 2214 αὐτοῦ
423 2160 509 2214 ’ὕπ’
538 2160 688 2213 αὐτοῦ
711 2162 1073 2230 προρρηθείσας
1100 2182 1199 2226 φω-

248 2229 335 2292 νὰς
368 2251 499 2320 παρα
521 2237 607 2284 τοῦ
632 2236 727 2283 τῶν
745 2237 1009 2299 προφητῶν
1027 2236 1199 2298 χοροῦ·

249 2298 422 2352 τούτου
445 2301 604 2353 ἕνεκεν
625 2306 994 2387 παρακαλοῦμεν
1013 2299 1201 2362 ἀξιοῦν-

250 2390 325 2430 τες
353 2369 680 2436 ἀποσταλῆναι
713 2368 829 2436 ἡμῖν
846 2368 978 2436 παρὰ
1002 2375 1088 2455 τῆς
1113 2374 1202 2435 σῆς

253 2439 485 2500 συνέσεως
508 2437 684 2505 Μάριν
717 2437 802 2490 τὸν
833 2439 1018 2506 ἑταῖρον
1046 2436 1199 2506 ὑμῶν,

253 2509 513 2560 ἐπίσκοπον
584 2514 670 2574 τῆς
730 2507 1007 2574 Ἦμελάπης
1067 2507 1203 2567 Νέας

253 2577 461 2642 πόλεως,
497 2582 584 2644 τῆς
618 2574 741 2644 πρὸς
775 2583 841 2648 τῷ
881 2579 1088 2647 Ζαρβῷ,
1125 2576 1207 2627 καὶ

1358 1618 1388 1663 Ι.
1459 1618 1648 1679 Semper
1684 1617 1765 1664 tibi
1814 1631 1995 1664 oramus
2044 1629 2204 1662 secun-

1257 1688 1360 1734 dum
1379 1687 1503 1743 illud,
1542 1688 1664 1748 quod
1700 1688 1745 1732 in
1778 1687 1893 1747 ipso,
1920 1685 2130 1746 gaudium
2159 1689 2205 1730 et

1256 1757 1503 1802 sanitatem.
1576 1757 1687 1812 Quia
1733 1755 1962 1801 miraculis
2005 1761 2050 1800 et
2085 1751 2205 1812 apud

1255 1840 1339 1870 nos
1395 1826 1604 1878 ,Christus
1662 1825 1869 1885 cognitus
1933 1829 2004 1877 est
2067 1822 2204 1867 Filius

1256 1908 1358 1939 esse
1395 1895 1470 1939 Dei
1508 1894 1710 1948 viventis,
1737 1894 1847 1939 etin
1873 1890 2205 1952 posterioribus

1257 1962 1536 2023 temporibus
1589 1962 1922 2007 inhumanatum
1971 1973 2074 2005 esse
2123 1972 2207 2019 per

1260 2030 1485 2090 Virginem
1537 2029 1718 2075 Mariam
1763 2044 1816 2075 ex
1866 2029 2036 2074 semine
2070 2027 2207 2073 David

1258 2105 1301 2144 et
1337 2098 1574 2154 Abraham3
1612 2099 1861 2144 secundum
1887 2111 1981 2153 eas,
2008 2109 2122 2156 quae
2150 2096 2204 2142 de

1258 2168 1356 2228 ipso
1396 2161 1589 2228 abipso
1626 2168 1898 2227 praedictae·
1923 2171 2039 2217 sunt,
2073 2178 2206 2211 voces

1257 2251 1280 2282 a
1317 2237 1644 2296 Prophetarum
1683 2237 1849 2282 choro:
1882 2235 2016 2281 huius
2067 2234 2208 2294 gratia

1258 2306 1580 2365 deprecamur,
1629 2304 1943 2365 dignificantes
1979 2302 2093 2349 mitti
2128 2316 2207 2348 no·

1258 2374 1329 2419 bis
1375 2389 1399 2418 a
1437 2380 1511 2419 tuo
1557 2373 1790 2419 intellectu
1823 2372 1978 2418 Marim
2014 2371 2207 2417 amicum

1258 2449 1485 2498 nostrum,
1522 2442 1796 2502 Episcopum
1829 2439 2082 2499 Emelapes
2095 2439 2204 2484 Nea·

1258 2511 1418 2571 poleos
1457 2511 1568 2565 eiuS,
1594 2524 1707 2569 quae
1730 2510 1785 2556 ad
1811 2501 1987 2564 Zarbo,1
2009 2513 2052 2553 et
2073 2507 2204 2553 Eulo-

391 2724 457 2775 *1.
529 2729 916 2788 Quandoquidem,
946 2742 971 2773 ο
994 2729 1061 2773 vir
1084 2725 1358 2778 admirande,
1386 2725 1516 2780 etiam
1546 2739 1630 2770 nos
1654 2726 1958 2785 agnoscimus,
1978 2725 2205 2771 Christum

254 2813 355 2845 esse
413 2798 553 2844 filium
589 2798 669 2843 Dei
705 2797 919 2852 viventis,
957 2810 1147 2856 cumque
1186 2795 1396 2841 extremis
1437 2792 1716 2854 temporibus
1752 2795 1990 2840 humanam
2031 2807 2199 2839 assum-

254 2869 401 2928 psisse
438 2873 640 2913 naturam
678 2881 732 2912 ex
758 2862 895 2912 Maria
919 2866 1114 2924 Virgine,
1153 2870 1198 2909 et
1233 2863 1403 2909 semine
1431 2862 1565 2907 David
1603 2869 1647 2907 et
1673 2862 1909 2920 Abraham,
1948 2862 2199 2910 secundum

253 2950 391 2982 voces
430 2937 484 2981 de
523 2936 623 2995 ipso
661 2949 744 2996 per
780 2936 928 2995 ipsum
968 2948 992 2979 a
1028 2933 1355 2992 Prophetarum
1396 2932 1538 2976 choro
1576 2933 1857 2991 praedictas3
1911 2947 1964 2978 ea
2010 2935 2200 2992 propter

256 3012 298 3051 te
344 3019 578 3065 rogamuS‚
629 3010 674 3050 et
709 3018 734 3049 a
781 3010 858 3050 tua
894 3003 1135 3064 prudentia
1172 3001 1228 3046 ad
1265 3015 1348 3045 nos
1385 3001 1499 3045 mitti
1546 3001 1739 3059 petimus
1790 3001 1957 3058 Marin,
2009 3001 2199 3045 amicum

254 3081 475 3127 vestrum,
524 3072 796 3133 Episcopum
832 3078 1016 3118 nostrae
1057 3070 1244 3116 civitatis
1281 3068 1490 3129 Neapolis
1529 3068 1583 3114 ad
1619 3069 1832 3126 Zarhum,
1886 3076 1928 3116 ct
1962 3068 2200 3128 Eulogium

342 3289 437 3341 1)In
451 3289 548 3330 Cod.
565 3286 818 3328 Casanatensl
833 3287 1069 3339 haeeEp1st
1083 3288 1195 3327 Num.
1253 3296 1298 3324 ex
1330 3284 1401 3323 Int
1431 3290 1528 3334 vet„
1571 3295 1658 3323 cum
1701 3283 1851 3322 minus
1875 3288 2057 3323 accurate
2091 3281 2201 3322 evul-

258 3343 292 3395 ζ’
305 3345 615 3396 extatinsignita.
646 3343 758 3383 Unde
778 3350 957 3394 apparet,
991 3343 1196 3383 librarium
1254 3345 1386 3390 gasset
1421 3335 1595 3385 πάντες
1626 3338 1679 3379 τέ
1707 3349 1792 3379 σοι.

255 3409 437 3454 putasse,
482 3400 585 3441 serie
617 3411 697 3439 non
738 3399 958 3450 inteirupta
992 3411 1077 3438 eam
1104 3408 1197 3438 cum
1339 3395 1382 3445 1)
1416 3390 1653 3450 Ἰαυμάσιε
1683 3393 1759 3434 καὶ
1792 3393 1819 3433 C
1843 3394 1888 3442 D,
1919 3393 2201 3463 θαυμασίως

255 3457 587 3510 praecedentibus
619 3467 706 3495 esse
740 3455 1068 3505 coniungendam.
1255 3452 1367 3491 Voss

339 3513 382 3564 2)
412 3512 488 3552 καὶ
520 3512 547 3551 C
571 3512 623 3561 D;
656 3510 800 3550 excidit
832 3511 894 3550 ed.
927 3510 1156 3550 Vossianae.
1340 3506 1383 3557 5)
1414 3507 1592 3559 καιροῖς
1625 3504 1652 3544 C
1675 3505 1722 3556 D,
1745 3499 1935 3561 χρόνοις
1967 3505 2080 3545 Voss.

339 3569 384 3618 3)
415 3568 647 3608 Lectionem
690 3566 816 3607 Codd.
861 3566 888 3606 C
919 3567 949 3606 D
993 3561 1206 3607 πάντοτέ

259 3634 331 3666 σοι
365 3637 439 3677 pro
480 3623 708 3665 coniectura
734 3622 910 3667 Vossius
950 3620 1200 3663 commendat
1344 3615 1387 3670 1]
1421 3616 1446 3656 l.
1479 3617 1654 3657 Zarbum.
1691 3615 1781 3656 Cur.
