2340 3900
176 245 275 296 622
904 244 1126 292 HERMAE
1160 244 1390 291 PASTOR.

178 378 361 436 ε’νδοξοι
407 368 558 439 ἦσαν·
607 372 885 460 ἓστήκεισαν
931 374 984 424 δὲ
1030 375 1098 434 εἰς
1142 370 1201 423 τὰ
1246 374 1456 441 τέσσερα1
1507 373 1625 463 μέρη
1672 378 1760 439 τῆς
1802 369 1979 437 πύλης,
2025 367 2121 421 ἀνὰ

177 445 322 511 μέσον
358 440 519 493 αὐτῶν
553 439 648 493 ew&
682 441 772 493 δύο
810 443 1062 531 παρθένὀι.
1126 439 1471 528 Ἐνδεδυμέναι
1506 442 1557 494 δὲ
1591 458 1717 508 ησαν
1744 446 1907 500 λινοῦς
1922 444 2123 525 χιτῶνας

176 514 259 564 καὶ
291 511 657 579 περιεζωσμέναι
693 509 955 594 εὐπρεπῶς,
998 512 1086 572 ε’ξω
1120 507 1234 571 τοὺς
1268 509 1431 577 ὤμους
1466 513 1657 599 ἔχουσαι
1691 508 1805 571 τοὺς
1833 505 2018 571 δεξιοὺς
2053 503 2121 569 ὥς

176 581 430 652 μέλλουσαι
466 582 669 665 φορτίον
703 600 749 630 τι
783 578 1060 667 βαστάζειν·
1099 579 1253 640 ούτως
1288 580 1468 647 ἕτοιμοι
1503 573 1658 647 ησαν·
1696 581 1804 630 λίαν
1837 575 1928 648 γὰρ
1963 577 2124 644 ἱλαραὶ

174 653 302 716 ἦσαν
348 650 432 699 καὶ
477 646 742 715 πρόθυμοι.
817 646 963 700 Μετὰ
1007 647 1061 700 τὸ
1101 649 1222 699 ἰδεῖν
1269 669 1326 716 με
1361 651 1511 701 ταῦτα
1555 647 1832 714 ἐθαύμαζον
1867 647 1919 699 ἐν
1952 646 2121 715 ἑαυτῷ,

175 719 249 770 ὅτι
285 715 463 786 μεγάλα
497 718 579 769 καὶ
614 718 784 780 ἔνδοξα
813 715 1068 805 πράγματα
1100 717 1282 804 βλέπω·
1320 719 1401 770 καὶ
1435 716 1580 770 πάλιν
1612 716 1885 804 διηπόρουν
1908 716 1986 769 ἐπὶ
2020 720 2127 774 ταῖς

175 785 471 874 παρθένοις,
495 786 567 838 ότι
607 788 841 874 τρυφεραὶ
888 785 1041 847 ούτως
1075 788 1217 838 οὖσαι
1250 784 1483 854 άνδρείως
1506 785 1796 873 ἕστήκεισαν
1831 784 1897 846 ως
1930 784 2124 851 μέλλου-

178 870 257 908 σαι
278 855 393 910 όλον
423 853 509 907 τὸν
531 854 742 923 οὐρανὸν
776 854 1038 923 βαστάζειν.
1110 856 1210 906 Καὶ
1244 855 1366 943 λέγει
1388 876 1470 923 μοι
1491 853 1520 906 ό
1546 853 1727 921 ποιμήν
1767 856 1827 905 Τί
1862 855 1914 905 ἐν
1941 857 2125 940 σεαυτῷ

176 927 417 1011 διαλογίζη
464 926 546 976 καὶ
597 927 834 1009 διαπορῇ,
884 926 968 977 καὶ
1013 926 1197 995 σεαυτῷ
1241 924 1398 991 λύπην
1445 926 1734 986 ἐπισπᾶσαι;
1773 921 1906 973 ’Όσα
1939 920 2030 990 γὰρ
2066 941 2127 972 ου

176 992 385 1066 δυνήσῃ2
409 1000 608 1079 νοησαι,
647 991 712 1061 μὴ
751 978 970 1082 ἐπιχείρει
1004 994 1202 1055 συνετος
1238 992 1332 1058 ὢν,
1373 991 1475 1044 ἀλλ’
1517 992 1668 1059 ἐρώτα
1704 988 1789 1042 τὸν
1823 988 2024 1074 κύριον
2041 990 2124 1040 ἵνα

174 1047 346 1130 λαβὼν
369 1060 459 1129 τὴν
505 1061 698 1115 σύνεσιν
731 1069 852 1135 νοῇς
887 1061 1025 1115 αὐτά.
1103 1061 1174 1114 Τὰ
1219 1036 1375 1114 ὀπίσω
1411 1078 1502 1112 σου
1540 1063 1661 1111 ἰδεῖν
1695 1057 1754 1110 οὐ
1789 1056 1954 1147 δύνῃ,
1972 1053 2031 1109 τὰ
2069 1057 2121 1110 δὲ

178 1133 454 1201 ἔμπροσθέν
490 1148 579 1184 σου
602 1116 830 1219 βλέπεις·
883 1130 914 1183 ἃ
951 1154 1040 1184 ουν
1078 1134 1196 1183 ἰδεῖν
1232 1130 1292 1182 οὗ
1327 1128 1565 1192 δύνασαι,
1602 1131 1744 1180 ἔασον
1776 1128 1856 1179 καὶ
1889 1125 1959 1194 μὴ
1995 1126 2126 1194 στρέ-

174 1202 295 1269 βλου
332 1200 548 1254 σεαυτόν.
602 1200 670 1253 A
703 1201 756 1253 δὲ
789 1201 1004 1268 βλέπεις,
1044 1201 1240 1252 ἐκείνων
1273 1170 1602 1263 κατακυρίεύε,
1639 1198 1723 1249 καὶ
1757 1197 1866 1282 περὶ
1899 1202 1996 1248 τῶν
2030 1202 2128 1248 λοι-

175 1277 282 1323 πῶν
317 1268 382 1337 μὴ
426 1269 756 1346 περιεργάζου·
792 1269 950 1323 πάντα
999 1270 1052 1321 δέ
1088 1285 1163 1321 σοι
1213 1266 1305 1337 ἐγὼ
1342 1268 1571 1336 δηλωσω,
1610 1265 1703 1319 όσα
1739 1265 1824 1318 ἐάν
1860 1281 1938 1317 σοι
1973 1267 2127 1327 δείξω.

161 1339 385 1407 ’Ἔκβαλε
419 1344 510 1392 οὐν
545 1346 646 1401 τοῖς
688 1340 910 1401 homnis-,³

318 1471 390 1517 ln.
461 1461 616 1516 Εἶδον
664 1465 718 1526 ἓξ
760 1461 943 1530 ἄνδρας
999 1460 1302 1546 ἐληλυθότας
1350 1458 1576 1549 ’ὑψηλοὺς
1630 1461 1714 1513 καὶ
1772 1455 2003 1523 ἐνδόξους
2048 1459 2133 1512 ’καὶ

184 1530 394 1616 ὁμοίους
433 1538 492 1604 τῇ
546 1532 670 1583 ἰδέα·
722 1533 806 1585 καὶ
854 1531 1084 1587 ἐκάλεσαν
1133 1530 1331 1598 πλῆθός
1375 1552 1421 1582 τι
1465 1529 1683 1598 ἀνδρῶν·
1732 1527 1949 1583 κᾶκεῖνοι
1999 1527 2052 1580 δὲ
2087 1529 2140 1580 οἱ

180 1599 472 1687 ἐληλυθότες
505 1585 692 1686 ’ὑψηλοὶ
725 1594 856 1666 ἦσαν
890 1599 1062 1669 ἄνδρες
1100 1602 1183 1653 καὶ
1215 1600 1352 1652 καλοὶ
1388 1600 1472 1653 καὶ
1505 1600 1730 1651 δυνατοί·
1767 1620 1850 1652 και
1884 1598 2136 1651 ἐκέλευσαν

180 1668 359 1731 αὐτοὺς
396 1671 447 1722 οἰ
473 1672 529 1732 ἓξ
563 1667 736 1736 ἄνδρες
769 1671 1046 1737 οἰκοδομεῖν
1094 1668 1256 1721 ἐπάνω
1291 1674 1380 1736 τῆς
1428 1669 1604 1735 πέτρας
1634 1665 1822 1754 πύργον
1856 1664 1977 1720 τινά.
2038 1659 2135 1718 Ην

181 1739 233 1791 δὲ
281 1737 505 1806 θόρυβος
549 1744 646 1795 τῶν
693 1737 888 1824 ἀνδρῶν
934 1740 1130 1790 ἐκείνων
1178 1738 1324 1806 μέγας
1368 1759 1466 1790 των
1511 1734 1819 1821 ἐληλυθότων
1861 1738 2136 1802 οἰκοδομεῖν

180 1805 265 1859 τὸν
297 1807 485 1891 πύργον
527 1800 622 1858 ωδε
670 1804 862 1859 κάκεῖσε
894 1805 1265 1891 περιτρεχόντων
1311 1805 1472 1860 κύκλω
1506 1811 1593 1871 τῆς
1624 1804 1802 1872 πύλης·
1841 1806 1895 1856 αἱ
1924 1805 1979 1858 δὲ
2013 1826 2130 1894 παρ·

178 1876 337 1928 θένοι1
374 1873 654 1942 ἑστήκεισαν
687 1873 850 1927 κύκλω
884 1882 971 1942 τῆς
1005 1874 1172 1941 πύλης,
1209 1875 1370 1962 ἔλεγον
1404 1881 1504 1935 τοῖς
1540 1872 1763 1962 ἀνδράσι
1779 1867 2005 1926 σπεύδειν
2050 1874 2136 1926 τὸν

179 1943 367 2014 πύργον
415 1946 807 2011 οἰκοδομεῖσθαι
859 1942 1259 1999 ἐκπεπετάκεισαν
1294 1943 1346 1996 δὲ
1383 1965 1468 2005 τας
1498 1950 1658 2010 χεῖρας
1705 1943 1763 1998 αἱ
1792 1943 2034 2011 παρθένοι
2069 1963 2137 2003 ως

180 2014 438 2081 μέλλουσαί
454 2035 517 2110 2τι
558 2012 820 2080 λαμβάνειν
869 2012 1000 2081 παρὰ
1036 2018 1133 2065 τῶν
1166 2011 1375 2080 ἀνδρῶν.
1444 2013 1510 2064 Oi
1541 2012 1593 2064 δὲ
1624 2015 1679 2075 ἓξ
1714 2009 1885 2098 ανδρες
1919 2012 2138 2065 ἐκέλευον

182 2086 236 2136 ἐκ
281 2083 472 2169 βυθοῢ2
520 2081 651 2144 τινὸς
695 2085 874 2144 λίθους
920 2082 1200 2169 ἀναβαίνειν
1246 2083 1328 2135 καὶ
1373 2079 1578 2151 ὑπάγειν
1622 2083 1708 2176 εἰς3
1737 2077 1826 2148 τὴν
1872 2078 2138 2151 οἰκοδομὴν

179 2159 267 2242 τοῦ
291 2151 493 2241 πύργου.
537 2150 806 2219 Ἀνέβησαν
842 2151 894 2204 δὲ
929 2150 1127 2205 λίθοι’
1090 2174 1107 2203 ι
1156 2151 1440 2221 τετράγωνοι
1462 2149 1708 2219 λαμπροί,3
1744 2151 2138 2237 λελατομημένοι·

182 2224 234 2275 οἱ
280 2221 334 2273 δὲ
361 2225 418 2284 ‘eg
451 2219 635 2308 ἄνδρες
682 2222 889 2274 ἐκάλουν
931 2220 1018 2284 τὰς
1066 2222 1348 2308 παρθένους
1392 2221 1473 2274 καὶ
1525 2220 1778 2273 ἐκέλευσαν
1825 2217 1979 2281 αὐτὰς
2026 2240 2140 2280 τους

182 2294 361 2352 λίθους
394 2288 580 2353 πάντας
613 2288 728 2353 τοὺς
763 2291 1020 2358 μέλλοντας
1067 2294 1136 2353 εἰς
1169 2312 1270 2376 την
1295 2288 1559 2357 οἰκοδομὴν
1590 2286 1796 2358 ὑπάγειν
1827 2294 1915 2343 τοῦ
1947 2287 2138 2377 πύργον

182 2359 432 2428 βαστάζειν
468 2382 550 2412 και
576 2359 959 2429 διαπορεύεσθαι
982 2358 1063 2412 διὰ
1094 2381 1182 2445 της
1202 2358 1373 2428 πύλης,
1409 2361 1493 2413 καὶ
1517 2359 1787 2414 ἐπιδιδόναι
1808 2365 1910 2420 τοῖς
1932 2356 2139 2445 ἀνδράσι

182 2437 284 2490 τοῖς
329 2430 580 2495 μέλλουσιν
627 2432 902 2514 οἰκοδομεῖν
945 2429 1034 2484 τὸν
1079 2451 1277 2498 πυργον.
1349 2431 1423 2481 Αἰ
1475 2428 1528 2482 δὲ
1573 2428 1816 2515 παρθένοι
1863 2426 1979 2490 τοὺς
2025 2429 2140 2485 δέκα

183 2500 359 2559 λίθους
392 2496 507 2558 τοὺς
541 2496 778 2584 πρώτους,
813 2519 929 2560 τους
965 2501 1017 2551 ἐκ
1051 2505 1139 2550 τοῦ
1172 2502 1341 2565 βυθοῦ
1377 2496 1677 2565 ἀναβάντας,
1731 2495 1965 2565 ἐπὴνυον4
2000 2495 2139 2564 άλλή·

187 2573 304 2631 λαις,
341 2568 425 2618 καὶ
462 2564 583 2618 κατὰ
620 2567 705 2619 ε’να
739 2569 887 2619 λίθον
923 2566 1181 2634 ἐβάσταζον
1215 2567 1356 2634 ὁμοῦ.

328 2696 396 2742 IV.
469 2687 656 2751 Καθὼς
691 2690 744 2741 δὲ
779 2689 1056 2758 ἐστάθησαν
1104 2688 1230 2757 ομοῦ
1280 2688 1440 2741 κύκλω
1475 2694 1561 2755 τῆς
1606 2687 1784 2755 πύλης,
1836 2677 1991 2749 ουτως
2032 2685 2141 2775 ἐβά-

187 2763 355 2824 σταζον
391 2758 446 2809 αἱ
476 2761 708 2811 δοκοῦσαι
743 2761 946 2815 δυναται
982 2757 1120 2823 εἶναι,
1155 2759 1238 2812 καὶ
1272 2756 1369 2812 ύπό
1405 2742 1492 2819 τὰς
1526 2759 1704 2826 γωνίας
1736 2761 1822 2811 τοῦ
1856 2758 2005 2809 λίθου
2023 2755 2139 2810 ύπο-

186 2822 438 2879 δεδυκυῒαι
474 2820 622 2914 ἦσαν·
661 2829 716 2879 αἱ
749 2829 801 2880 δε
836 2826 976 2881 άλλαι
1010 2829 1063 2882 ἐκ
1097 2834 1194 2881 τῶν
1215 2832 1435 2896 πλευρῶν
1452 2831 1539 2879 τοῦ
1565 2828 1713 2879 λίθου
1735 2823 2139 2879 ύποδεδύκεισαν·

186 2896 268 2948 καὶ
321 2894 475 2958 ούτως
511 2894 768 2983 ἐβάσταζον
803 2897 986 2960 πάντας
1020 2895 1135 2960 τοὺς
1167 2899 1367 2958 λίθους·
1415 2893 1497 2948 δια
1543 2894 1595 2946 δὲ
1641 2916 1728 2962 της
1773 2887 1928 2980 πύλης
1966 2896 2142 2983 ἔφερον

188 2963 367 3026 αὐτοὺς
423 2963 594 3027 καθως
639 2965 1023 3035 ἐκελεύσθησαν,
1077 2967 1161 3019 καὶ
1209 2967 1467 3019 ἐπεδίδουν
1514 2970 1616 3025 τοῖς
1664 2961 1898 3050 ἀνδράσιν
1944 2966 2014 3026 εἰς
2056 2961 2142 3017 τόν

189 3033 404 3119 πύργον·
452 3034 629 3087 ἐκεῖνοι
679 3035 801 3088 δὲ”
771 3057 955 3103 εχοντες
998 3034 1112 3124 τουῚς
1145 3037 1320 3097 λίθους
1357 3031 1657 3118 ᾠκοδόμουν.
1725 3030 1784 3082 Ἦ
1820 3031 2053 3117 οἰκοδομὴ
2090 3032 2142 3084 δὲ

188 3108 275 3155 τοῦ
311 3101 503 3187 πύργου
548 3104 729 3172 ἐγένετο
777 3106 855 3158 ἐπὶ
902 3104 992 3173 τὴν
1034 3104 1213 3174 πέτραν
1260 3102 1349 3172 τὴν
1401 3102 1623 3192 μεγάλην.
1697 3101 1792 3153 Και
1844 3100 2007 3155 ἐπάνω
2056 3107 2143 3169 τῆς

187 3170 343 3239 πύλης
375 3170 701 3240 ηρμόσθησαν
737 3175 787 3225 οἱ
822 3178 864 3239 [ι
877 3173 935 3240 ']¹
971 3176 1114 3228 λίθοι
1151 3174 1338 3238 ἐκεῖνοι,
1375 3172 1603 3240 θεμέλιον
1635 3177 1724 3238 τῆς
1758 3171 2022 3238 οἰκοδομῆς
2054 3177 2142 3223 τοῦ

276 3325 370 3377 Cap.
402 3327 448 3366 ΙΙ.
511 3324 552 3378 1)
584 3313 801 3384 τέσσερας
832 3326 885 3367 ita
915 3340 1053 3379 apogr.
1280 3327 1324 3376 3)
1356 3326 1495 3367 deesse
1516 3326 1671 3365 videtur
1689 3323 1767 3378 μὴ,
1795 3329 1838 3362 ιη
1866 3322 1941 3362 iam
1964 3328 2139 3362 notatum

275 3396 318 3447 2)
349 3391 524 3461 δυνήση
563 3397 601 3435 in
643 3408 781 3447 apogr.
820 3398 1137 3448 suprascriptum
1194 3397 1232 3422 ¹¹¹
1267 3383 1328 3423 ed·
1358 3395 1419 3433 1³1·-

190 3449 307 3489 113bet
341 3440 528 3494 dfivaok
1280 3439 1325 3489 4)
1355 3438 1409 3476 ita
1440 3442 1627 3486 corrupte
1657 3446 1794 3484 apogr
1839 3433 2002 3473 Videtur
2031 3430 2140 3474 ἐπε-

274 3506 317 3556 3)
351 3506 403 3545 jta
436 3507 533 3545 haec
566 3518 704 3557 apogr
1196 3495 1362 3534 τίθουν
1398 3491 1462 3530 vel
1505 3490 1635 3530 simile
1671 3489 1766 3540 quid
1808 3488 2140 3528 substituendum.

1195 3549 1266 3588 Ed.
1297 3559 1356 3598 pr
1388 3547 1438 3585 ad
1472 3544 1692 3595 exemplum
1726 3543 1820 3583 Sim.
1851 3541 2100 3586 ἐδείκνυον.

277 3613 370 3664 Cap.
402 3615 464 3655 111.
527 3615 568 3667 1)
597 3617 746 3667 Ed.pr.
766 3619 804 3658 h.
824 3618 848 3657 Ι.
870 3618 962 3658 addi
978 3616 1135 3658 vultoe‘l'.
1277 3615 1372 3665 Cap.
1402 3615 1447 3653 ll.
1483 3614 1522 3665 1)
1551 3608 1588 3652 ι’
1600 3643 1610 3662 ,
1659 3611 1752 3651 item
1796 3618 1936 3663 postea
1976 3609 2018 3653 ε’
2054 3623 2141 3651 cum

277 3668 319 3721 2)
347 3670 516 3720 βυθοῦε
556 3683 692 3720 apogr.
723 3669 876 3724 βυθόν
903 3680 946 3712 ut
968 3672 1135 3712 videtur.
1194 3671 1255 3711 ed.
1285 3681 1345 3721 pr.
1375 3667 1658 3721 supplevimus.
