2340 3900
252 172 352 220 594
976 166 1202 212 HERMAE
1239 167 1467 214 PASTOR.

244 301 334 355 οὐκ
367 300 630 363 ἐπίσταμαι.
685 292 884 357 ”Ακουε,
922 298 1106 362 φησίν·
1157 294 1274 347 όταν
1304 293 1525 362 ὀξυχολία
1561 299 1640 348 σοί
1672 317 1744 356 τις
1779 295 2026 380 προσπέσῃ
2057 291 2091 360 ἢ
2125 315 2199 346 πι-

249 368 377 437 κρία,
415 369 619 435 γίνωσκε
654 385 732 414 οτι
769 362 916 425 αὐτός
948 365 1074 416 ἐστιν
1114 365 1166 416 ἐν
1203 366 1302 415 σοί·
1341 361 1440 416 εἶτα
1474 365 1712 431 ἐπιθυμία
1745 362 1962 432 πράξεων
1995 368 2201 433 πολλῶν,

249 439 331 490 καὶ
381 434 698 487 πολυτέλειαι2
754 431 1024 499 ἐδεσμάτων
1068 438 1255 484 πολλῶν
1298 434 1379 484 καὶ
1428 432 1749 501 μεθυσμάτων
1797 434 1879 485 καὶ
1923 438 2204 501 κραιπαλῶν

247 510 436 559 πολλῶν
471 504 553 556 καὶ
588 503 820 554 ποικίλων
853 507 1050 571 τροφῶν
1087 499 1147 553 06
1183 500 1414 566 δεόντων,
1450 504 1532 554 καὶ
1568 504 1808 569 ἐπιθυμία
1842 507 2102 590 γυναικῶν,
2121 502 2203 554 καὶ

245 575 493 635 πλεονεξία
539 571 622 623 καὶ
667 568 979 639 ὑπερηφανία
1025 569 1177 637 πολλή
1223 592 1294 632 τις
1345 573 1428 623 καὶ
1464 570 1735 638 ἀλαζονεία,
1773 573 1856 623 καὶ
1891 570 1982 623 όσα
2015 569 2205 632 τούτοις

246 640 557 732 παραπλησιά
605 641 702 691 ἔστι
728 642 828 692 ’καὶ
859 640 1034 726 όμοια.
1113 645 1274 691 Ταῦτα
1320 633 1410 693 οὗν
1459 640 1576 693 όταν
1624 642 1703 693 ἐπὶ
1752 641 1840 707 τὴν
1874 642 2079 728 καρδίαν
2115 657 2203 692 σου

248 712 436 798 ἀναβῇ
482 712 683 797 γίνωσκε
727 708 803 761 ότι
846 706 874 760 6
922 707 1117 797 ἄγγελος
1162 715 1248 775 τῆς
1293 711 1528 797 πονηρίας
1574 711 1699 762 ἐστιν
1750 710 1802 762 έν
1838 711 1928 763 σοί.
2001 707 2078 761 Σὺ
2116 701 2206 761 οὖν

248 754 473 871 ἐπιγνούς
506 777 565 830 τὰ
599 778 712 846 ἔργα
748 776 922 862 αὐτού,
961 776 1146 830 ἀπόστα
1181 776 1268 830 ἀπ’
1310 777 1486 842 αὐτοῦ,
1525 779 1644 845 μηδὲ
1695 777 1826 849 αὐτῷ
1875 781 2093 843 πίστευε,
2132 777 2205 831 ’ὅτι

246 849 306 903 τὰ
353 851 500 934 ἕργαῒ
508 846 658 899 αὐτοῦ
705 844 895 916 πονηρά
948 849 1038 899 εἶσι
1085 848 1168 899 καὶ
1213 845 1473 914 ἀσύμφορα
1535 854 1637 908 τοῖς
1690 831 1884 908 δούλοις
1929 853 2016 900 τοῦ
2066 852 2205 900 θεοῦ.

237 918 404 986 Ἔχεις
439 918 530 968 οὐν
565 914 850 984 ἀμφοτέρων
884 921 979 968 τῶν
1015 914 1224 1002 ἀγγέλων
1257 915 1342 977 τὰς
1379 918 1623 1003 ἐργασίας·
1663 914 1796 967 σύνιε
1831 913 1980 977 αὐτὰς
2013 916 2095 968 καὶ
2131 918 2204 967 πί

252 1006 386 1040 στευε
420 991 486 1038 τῶ
522 983 723 1071 ἀγγέλῳ
739 990 828 1051 τῆς
865 985 1200 1073 δικαιοσύνης·
1238 983 1335 1036 ἀπὸ
1373 985 1425 1035 65
1464 990 1552 1035 τοῦ
1588 982 1790 1052 ἀγγέλου
1838 989 1925 1051 τῆς
1964 987 2207 1072 πονηρίας

251 1039 526 1138 ἀπόστηθι,
573 1054 645 1105 ότι
689 1051 723 1120 6
752 1052 950 1138 διδαχὴ
986 1052 1137 1106 αὐτοῦ
1184 1052 1375 1121 πονηρά
1423 1053 1521 1104 έστι
1569 1053 1712 1104 παντὶ
1746 1054 1891 1137 ἔργω·
1927 1050 2014 1105 ἐὰν
2048 1052 2138 1122 γὰρ
2173 1047 2206 1124 ᾖ

249 1148 321 1187 τις
355 1122 636 1184 πιστότατος
662 1121 823 1211 6v69‚
861 1124 943 1175 καὶ
954 1122 1011 1209 6
1046 1123 1315 1188 ἐνθύμησις
1346 1127 1433 1173 τοῦ
1453 1119 1673 1209 ἀγγέλου
1707 1121 1882 1174 τούτου
1931 1120 2091 1194 ἀναβῇ
2128 1105 2208 1174 ἐπὶ

251 1194 339 1262 τὴν
371 1195 578 1282 καρδίαν
615 1191 781 1258 αὐτοῦ,
819 1195 897 1244 δεῖ
918 1190 1003 1243 τὸν
1039 1190 1190 1258 ἀνδρα
1226 1189 1467 1242 ἐκεῖνον
1445 1212 1476 1256 η
1513 1189 1602 1277 τὴν
1636 1198 1843 1275 γυναῖκα
1861 1175 2209 1311 ὶἕξαμαρτῆσαί

251 1285 309 1350 τι.
371 1261 495 1313 'E6v
530 1261 582 1312 δὲ
616 1259 760 1314 πάλιν
794 1259 1122 1327 πονηρότατός
1156 1280 1227 1320 τις
1262 1261 1335 1326 εἰή
1372 1257 1493 1327 ἀνὴρ
1528 1258 1560 1326 ἢ
1594 1257 1745 1329 γυνή,
1797 1261 1879 1313 καὶ
1918 1259 2087 1350 ἀναβῇ
2128 1261 2207 1312 ἐπὶ

251 1354 339 1399 την
374 1332 578 1397 καρδίαν
614 1328 765 1383 αὐτοῦ
800 1329 859 1382 τὰ
892 1332 1006 1399 ἔργα
1040 1336 1126 1382 τοῦ
1163 1326 1364 1397 ἀγγέλου
1401 1335 1486 1400 τῆς
1521 1327 1861 1397 δικαιοσύνης,
1898 1329 1946 1392 ἐξ
1994 1327 2209 1415 ἀνάγκης

254 1371 333 1453 δεῖ
373 1398 522 1451 αὐτὸν
560 1398 752 1468 ἀγαθόν
797 1421 843 1451 τι
889 1405 1112 1486 ποιῆσαι.
1176 1398 1373 1459 Βλέπεις
1417 1400 1531 1462 οὖν,
1581 1401 1758 1487 φησίν,
1807 1398 1881 1451 ότι
1927 1398 2083 1452 καλόν
2113 1400 2212 1451 ἔστι

253 1475 320 1540 τῷ
369 1467 549 1555 ἀγγέλω
595 1474 681 1534 τῆς
726 1468 1057 1564 δικαιοσύνης
1089 1465 1404 1530 ἀκολουθεῖν,
1450 1473 1517 1538 τῷ
1555 1467 1607 1519 δὲ
1641 1466 1821 1555 ἀγγέλῳ
1855 1473 1943 1555 τῇς
1976 1470 2212 1537 πονηρίας

256 1523 604 1600 ἀποταξασθαι.
687 1535 776 1588 T6³
824 1537 912 1603 μὲν
954 1537 1064 1605 περὶ
1106 1542 1192 1602 τῆς
1234 1538 1437 1596 πίστεως
1488 1535 1609 1602 α’ύτη
1645 1536 1678 1603 6
1734 1522 1898 1604 ἐντολὴ
1935 1540 2098 1604 δηλοῖ,
2128 1539 2212 1589 ινα

255 1614 357 1668 τοῖς
403 1608 558 1692 ἔργοις
602 1611 688 1657 τοῦ
742 1605 943 1675 ἀγγέλου
990 1612 1076 1672 τῆς
1111 1603 1422 1692 δικαιοσύνης
1456 1603 1736 1694 πιστεύσῃς,
1772 1628 1853 1658 και
1891 1606 2211 1675 ἐργασάμενος

256 1674 380 1729 αὐτὰ
416 1675 534 1745 ζησῃ
569 1680 635 1743 τῷ
671 1680 789 1746 θεῷ.
861 1677 1069 1727 Πίστευε
1105 1673 1155 1726 δὲ
1192 1673 1267 1726 ότι
1299 1671 1358 1726 τὰ
1387 1675 1505 1760 ἔργα
1554 1680 1641 1726 τοῦ
1679 1674 1882 1744 ἀγγέλου
1927 1681 2014 1743 τῆς
2062 1696 2211 1743 πονη·

255 1747 363 1813 ρίας
397 1740 575 1810 χαλεπά
610 1745 729 1795 ἐστι·
767 1741 832 1809 μὴ
869 1742 1178 1812 ἐργαζόμενος
1215 1736 1306 1795 οὖν
1342 1741 1465 1795 αὐτὰ
1502 1742 1618 1816 ζήσῃ
1654 1750 1720 1815 τῷ
1757 1750 1876 1815 θεῷ.

987 1898 1358 1960 ENTOAH
1401 1907 1481 1959 z'.

399 2001 683 2093 Φοβηθητι,
731 2005 880 2070 φησί,
926 2001 1012 2055 τὸν
1059 2002 1228 2073 κύριον
1280 1996 1363 2057 καὶ
1409 2003 1625 2070 φύλασσε
1676 2001 1762 2065 τὰς
1801 2001 1996 2064 ἐντολὰς
2031 2001 2211 2056 αὐτοῦ·

256 2073 517 2140 φυλάσσων
551 2068 641 2125 οὖν
676 2071 761 2133 τὰς
794 2071 987 2134 ἐντολὰς
1022 2079 1107 2125 τοῦ
1143 2079 1268 2126 θεοῦ
1305 2075 1387 2145 ἔσῃ
1425 2071 1631 2134 δυνατὸς
1668 2073 1721 2124 έν
1754 2071 1886 2160 πάσῃ
1923 2071 2123 2157 πράξει,
2127 2073 2208 2124 καὶ

255 2141 290 2210 6
336 2145 508 2211 πρᾶξίς
555 2159 643 2194 σου
692 2139 977 2214 ἀσύγκριτος
1024 2143 1167 2195 ἔσται.
1244 2125 1557 2209 Φοβούμενος
1605 2140 1696 2211 γὰρ
1732 2140 1816 2194 τὸν
1850 2143 2021 2210 κύριον
2055 2140 2212 2194 πάντα

255 2217 412 2273 καλῶς
448 2210 645 2299 ἐργάσῃ·
685 2213 827 2271 οὗτος
859 2211 912 2262 δέ
947 2212 1075 2263 ἐστιν
1111 2210 1141 2263 6
1174 2210 1379 2278 φόβος
1366 2233 1424 2263 ον
1460 2214 1539 2263 δεῖ
1572 2227 1624 2264 σε
1659 2213 1986 2295 φοβηθῆναι
1995 2211 2078 2262 καὶ
2123 2227 2209 2263 σω-

256 2287 438 2347 θῆναι,
475 2280 561 2332 τὸν
596 2265 647 2332 δὲ
683 2278 910 2365 διάβολον
947 2278 1010 2348 μὴ
1036 2284 1306 2367 φοβηθῆς·
1342 2280 1648 2347 φοβούμενος
1682 2279 1772 2348 γὰρ
1809 2279 1892 2332 τὸν
1924 2278 2095 2367 κύριον
2127 2301 2210 2331 κα-

256 2349 591 2439 τακυριεύσεις
616 2355 703 2400 τοῦ
741 2347 999 2414 διαβόλου,
1036 2349 1109 2401 ότι
1147 2333 1350 2436 δύναμις
1386 2351 1438 2401 έν
1473 2349 1604 2420 αὐτῷ
1638 2351 1727 2402 οὐκ
1764 2351 1910 2402 ἔστιν·
1915 2350 2018 2401 ¹521
2054 2342 2093 2420 ᾧ
2130 2349 2208 2401 δύ-

258 2428 404 2504 ναμις
437 2416 529 2469 οὐκ
564 2420 712 2480 ἔσ,τιν
751 2417 865 2469 οὐδὲ
902 2418 1084 2484 φόβος·
1123 2419 1175 2471 έν
1211 2440 1250 2470 ω
1287 2419 1339 2470 δὲ
1375 2403 1583 2509 δύναμις
1615 2421 1646 2490 ᾖ
1666 2420 1924 2508 ίἔνδοξος,
1937 2419 2020 2470 καὶ
2056 2403 2213 2500 φόβος

258 2485 311 2537 έν
347 2484 491 2572 αὐτῷ.
564 2491 676 2546 Πᾶς
710 2484 800 2554 γὰρ
838 2483 867 2538 6
904 2485 1162 2552 δύναμιν’
1146 2489 1263 2554 έχων
1298 2485 1459 2554 φόβον
1498 2489 1612 2554 ἔχει·
1652 2485 1682 2540 6
1718 2487 1769 2539 65
1805 2485 1870 2554 μὴ
1907 2488 2025 2554 ἔχων
2063 2485 2210 2538 δύνα-

258 2551 343 2642 μιν
376 2552 474 2606 ’ὑπὸ
515 2553 710 2606 πάντων
744 2562 1144 2625 καταφρονεῖται
1202 2555 1462 2639 Φοβήθητι
1497 2556 1549 2607 δὲ
1583 2553 1641 2606 τὰ
1677 2557 1789 2639 ἔργα
1825 2562 1911 2608 τοῦ
1963 2554 2207 2621 διαβόλου,

258 2623 333 2675 ότι
364 2622 553 2710 πονηρά
590 2624 710 2674 ἔστι·
747 2622 1051 2689 φοβούμενος
1085 2625 1174 2674 οὐν
1205 2622 1292 2675 τὸν
1328 2624 1496 2691 κύριον
1533 2622 1624 2675 οὐκ
1670 2622 1845 2712 ἐργάσῃ
1895 2621 2063 2685 αὐτοί,2
2099 2619 2202 2675 ἀλλ’

258 2691 435 2777 ἀφέξῃ
460 2690 546 2742 ἀπ’
602 2691 774 2744 αὐτῶν.
846 2694 1019 2744 Δισσοὶ
1073 2689 1163 2743 οὗν
1210 2693 1329 2744 εἰσὶν
1376 2694 1427 2744 οἱ
1470 2690 1645 2758 φόβοι·
1699 2692 1785 2744 ἐὰν
1832 2690 1921 2779 γὰρ
1948 2693 2118 2780 θέλῃς
2152 2692 2206 2745 τό

256 2759 474 2828 πονηρὸν
506 2758 828 2847 ἐργάσασθαι,
864 2759 950 2813 τὸν
987 2759 1109 2813 θεὸν
1145 2765 1329 2827 φοβοῦ,
1376 2762 1459 2813 καὶ
1504 2760 1594 2814 οὔκ
1631 2761 1806 2844 ἐργάσῃ
1842 2760 1986 2813 αὐτό·
2037 2761 2121 2820 ἐὰν
2157 2761 2208 2814 δὲ

256 2830 405 2916 θέλῃς
451 2827 596 2880 πάλιν
643 2828 695 2880 τὸ
746 2827 940 2896 ἀγαθὸν
991 2828 1315 2898 ἐργάσασθαι,
1352 2833 1514 2919 φοβοῦ
1550 2828 1634 2882 τὸν
1668 2830 1869 2918 κύριον,
1907 2830 1988 2881 καὶ
2036 2828 2206 2902 ε’ργοῖζῃ

257 2898 389 2951 αὐτό.
444 2898 595 2950 “aava
630 2897 657 2950 6
692 2897 850 2964 φόβος
883 2904 969 2950 τοῦ
1003 2901 1176 2967 κυρίου
1213 2898 1405 2986 ἰσχυρός
1443 2900 1539 2951 ἐστι
1575 2900 1657 2951 καὶ
1676 2900 1848 2986 μέγας
1871 2900 1952 2950 καὶ
1990 2884 2204 2962 ἔνδοξος·

256 2966 509 3054 φοβήθητι
557 2969 648 3019 οὐν
691 2965 775 3019 τὸν
826 2966 1001 3054 κύριον
1042 2969 1125 3020 καὶ
1171 2966 1288 3054 ζήσῃ
1336 2967 1492 3055 αὐτῷ·
1538 2969 1619 3020 καὶ
1675 2967 1782 3020 όσοι
1818 2989 1878 3019 αν
1918 2971 2211 3055 φοβηθῶσιν

256 3035 405 3088 αὐτὸν
442 3042 538 3088 τῶν
573 3034 918 3101 φυλασσόντων
951 3034 1036 3097 τὰς
1070 3022 1271 3122 ἔντολᾲς
1296 3036 1448 3089 αὐτοῦ
1486 3034 1707 3104 ζήσονται
1741 3043 1808 3089 τῶ
1831 3043 1950 3093 θεῶ
2026 3035 2124 3089 Διά
2144 3041 2203 3101 τί,

256 3108 409 3172 φημί,
442 3104 597 3191 κύριε,
632 3102 770 3166 εἶπας
803 3107 912 3173 περι
946 3111 1043 3157 τῶν
1077 3105 1362 3202 τηρούντων3
1386 3104 1470 3168 τὰς
1506 3105 1699 3167 ἐντολὰς
1745 3104 1925 3167 αὐτοῦ,
1983 3105 2205 3172 ζήσονται

255 3180 321 3246 τῷ
357 3180 486 3246 θεω,
523 3173 663 3237 Οτι,
711 3177 886 3240 φησίν,
934 3180 1067 3226 πᾶσα
1110 3173 1144 3241 6
1192 3177 1362 3236 κτίσις3
1408 3178 1628 3241 φοβεῖται
1672 3173 1757 3227 τὸν
1802 3173 1996 3242 κύριον,
2033 3173 2118 3237 τὰς
2153 3175 2203 3226 δὲ

336 3368 382 3419 2)
412 3368 716 3418 πολυτέλειαι,
747 3381 824 3409 non
859 3366 1131 3411 πολυτέλεια
1160 3371 1198 3409 in
1256 3367 1338 3411 οὐκ
1371 3367 1526 3411 ἕστιικ
1559 3370 1656 3409 haec
1689 3368 1806 3408 verba
1835 3376 2003 3421 propter
2033 3383 2077 3410 ea
2102 3383 2202 3422 quae

255 3436 391 3474 apogr.
423 3431 495 3464 est.
1255 3425 1551 3476 subsequuntur
1580 3437 1660 3463 non
1691 3425 1908 3464 abundant.

338 3480 382 3530 3)
421 3477 498 3520 16:
529 3492 667 3530 apogr.
700 3477 793 3526 τὰς.
1341 3480 1384 3530 2)
1417 3492 1553 3530 apogr.
1586 3477 1740 3524 αυτὰς.

338 3589 465 3627 Mand.
496 3589 685 3642 V!1.1)
724 3588 798 3631 ὅτι
838 3586 938 3631 ὃύν.
980 3587 1030 3631 ἒν
1072 3588 1197 3642 αὐτῷ
1254 3535 1551 3644 (p0ss{)⁷c{Rogr
1587 3529 1769 3585 κτῆσις
1821 3534 1911 3574 item
1946 3535 2200 3587 wbsequnm
