2340 3900
425 197 636 245 munt!
666 197 940 244 EPISTOLA
975 198 1047 243 An
1083 197 1369 245 EPHESIOS.
1413 198 1464 245 X.
1498 197 1569 244 XI.
1609 196 1698 244 XII.
1944 192 2038 244 131

74 335 240 393 eonati,
274 334 442 382 tratres
477 349 639 381 eorum
672 335 957 382 inveniamur
987 349 1075 396 per
1109 336 1449 398 benignitatem,
1485 336 1737 383 imitatores
1778 339 1925 382 autem
1953 334 2037 381 llo·

74 404 184 453 nini
218 403 483 451 studeamus
516 417 649 462 esse,
695 404 873 451 etiamsi
911 405 1015 465 quis
1051 404 1209 465 plures
1246 407 1435 454 iniurias
1467 420 1632 468 passus
1668 404 1835 462 fuerit,
1879 403 2037 466 plures

73 487 227 522 rerum
261 486 446 520 suarum
480 474 712 531 iacturas,
748 474 947 520 maiores
986 479 1288 535 contemptus,
1327 490 1383 522 ne
1421 476 1564 523 herba
1599 474 1749 537 aliqua
1785 467 1954 522 diaboli
1992 475 2036 520 in

70 542 200 590 vobis
235 543 512 600 inveniatur3
566 543 650 590 sed
682 543 728 590 in
764 544 888 589 omni
923 543 1120 604 puritate
1158 550 1203 589 et
1239 547 1535 606 temperantia
1569 545 1814 602 maneatiS,
1851 544 1897 591 in
1935 542 2037 590 lesu

74 612 268 669 Christo,
304 611 552 660 carnaliter
585 618 635 660 et
667 612 980 675 spiritualiter.

70 724 157 771 tari
188 722 440 770 studentes.
510 723 692 770 Fratres
737 737 900 771 eorum
935 723 1215 771 inveniamur
1251 724 1550 785 benignitate:
1603 724 1855 772 imitatores
1890 732 2037 773 autem

71 793 247 840 Domini
281 806 387 840 esse
423 793 686 840 studeamus
722 788 846 855 (quis
881 793 1040 855 plures
1079 794 1293 850 iniuriaS,
1339 794 1441 854 quis
1478 808 1629 840 rerum
1678 808 1862 841 suarum
1898 795 2034 842 iactu·

71 875 183 919 nm,
219 863 324 923 quis
358 869 633 909 contemtum
670 861 947 924 perferatss),
986 877 1042 910 ne
1081 863 1205 924 quod
1241 863 1408 910 diaboli
1446 876 1631 924 germen
1671 864 1713 909 in
1750 864 1882 911 vobis
1921 865 2038 911 inve-

73 932 247 988 niatur3
300 932 384 979 sed
421 932 466 978 in
504 933 627 979 omni
662 933 859 994 puritate
910 940 958 980 et
993 934 1292 995 temperantia
1329 938 1591 994 permanete
1629 933 1671 979 in
1712 933 1813 980 lesu
1854 934 2035 981 Christo

70 1008 117 1047 et
152 1001 456 1063 corporaliter
490 1008 537 1048 et
571 1001 886 1064 spiritualiter.

70 1126 144 1173 xl.
213 1127 481 1175 Novissima
513 1129 613 1176 iam
646 1134 756 1175 sunl
789 1134 1025 1190 tempora,-
1062 1130 1306 1176 timeamus
1342 1128 1622 1183 Dominum,·
1675 1135 1804 1175 orate
1835 1144 1922 1190 pro
1957 1143 2042 1176 me.

211 1226 438 1288 Tempora
473 1232 581 1272 sunt
613 1226 888 1282 novissima3
936 1233 1140 1273 ceterum
1186 1226 1493 1288 poenitentiae
1542 1231 1754 1272 vacantes
1802 1228 2040 1274 timeamus

70 1295 152 1344 nei
184 1296 586 1358 longanimitatem,
623 1310 682 1343 ne
719 1296 766 1342 in
803 1296 1023 1343 iudicium
1059 1295 1196 1343 nobis
1220 1295 1366 1343 cedat.
1411 1295 1502 1341 Aut
1525 1295 1645 1341 enim
1666 1295 1860 1343 futuram
1887 1298 2040 1343 timea-

71 1380 174 1414 mus
211 1366 338 1423 iram,
373 1371 452 1412 aut
484 1371 774 1428 praesentem
809 1366 999 1428 gratiam
1036 1366 1299 1428 diligamus3
1345 1379 1485 1412 unum
1532 1379 1588 1412 ex
1637 1365 1833 1414 duobus.
1906 1366 2040 1412 Modo

72 1437 119 1484 in
153 1434 337 1483 Christo
375 1435 479 1492 lesu
513 1435 797 1482 inveniamur
846 1437 904 1483 ad
938 1449 1092 1483 veram
1126 1436 1261 1482 vitam
1293 1435 1542 1482 vivendam.
1617 1433 1725 1481 Sine
1774 1436 1875 1496 ipso
1931 1434 2041 1481 nihil

70 1519 154 1554 vos
188 1505 362 1563 deceat,
398 1506 445 1552 in
483 1519 575 1566 quo
611 1505 788 1553 vincula
822 1505 1101 1552 circumfero
1149 1505 1410 1568 spirituales
1448 1505 1741 1567 margaritas,
1793 1505 1836 1550 in
1877 1504 2043 1565 quilius

73 1587 318 1638 resurgere
348 1574 461 1623 mibi
497 1576 732 1637 contingat
777 1575 984 1623 oratione
1019 1582 1195 1632 vestra,
1252 1576 1381 1623 cuius
1430 1589 1503 1622 me
1556 1581 1665 1637 opto
1716 1588 1903 1636 semper
1942 1573 2041 1620 fieri

73 1646 359 1710 participem,
383 1651 436 1692 ut
469 1644 675 1693 inveniar
708 1646 756 1692 in
781 1651 908 1693 sorte
943 1645 1249 1707 Ephesiorum
1264 1645 1639 1702 Christianorum,
1678 1644 1755 1706 qui
1781 1651 1827 1691 et
1850 1645 2040 1706 Aposto-

73 1713 129 1763 Iis
162 1729 347 1777 semper
381 1722 716 1763 consenserunt
747 1716 795 1763 in
828 1715 994 1763 virtute
1030 1715 1136 1763 lesu
1174 1715 1361 1766 Christi.

211 1807 297 1860 ‘X.
368 1812 581 1861 Ceterum
603 1819 809 1876 tempora
844 1821 953 1862 sunt
986 1815 1258 1872 novissima3
1296 1829 1589 1862 revereamur
1625 1819 1670 1860 et
1701 1813 1938 1859 timeamus
1965 1813 2044 1859 Dei

74 1881 475 1946 longanimitatem,
511 1897 569 1930 ne
591 1883 725 1931 nobis
762 1883 843 1932 fiat
876 1884 922 1930 in
961 1884 1194 1931 iudicium.
1267 1887 1354 1931 Aut
1391 1885 1513 1932 enim
1550 1884 1746 1930 suturam
1785 1883 2043 1929 timebimus

75 1954 217 2010 iram,
268 1958 347 1999 aut
390 1959 680 2015 praesentem
728 1954 918 2015 gratiam
953 1953 1216 2000 amabimus.
1287 1953 1432 2000 Unum
1470 1953 1701 2000 dumtaxat
1751 1966 1805 1998 ex
1849 1951 2042 2004 duobus,

75 2027 126 2069 ut
156 2022 203 2069 in
241 2021 346 2069 Iesu
380 2021 564 2068 Christo
600 2023 658 2069 ad
694 2037 845 2070 veram
893 2023 1026 2069 vitam
1076 2022 1366 2069 obtinendam
1418 2023 1712 2069 inveniamur.
1785 2021 1892 2067 Sine
1942 2021 2043 2081 ipso

75 2090 190 2138 nit-it
226 2091 403 2139 deceat.
474 2090 523 2137 In
557 2105 650 2152 quo
693 2091 873 2138 vincula
920 2091 1194 2139 circumfero
1230 2091 1459 2152 spiritales
1507 2090 1786 2152 margaritas,
1860 2089 1906 2136 ln
1947 2090 2044 2151 qni-

78 2159 165 2207 lms
198 2160 308 2206 mihi
345 2173 590 2221 resurgere
626 2161 859 2222 contingat
894 2162 1059 2207 vestris
1096 2160 1327 2222 precibus,
1364 2175 1555 2222 quarum
1593 2160 1701 2206 milii
1739 2173 1922 2220 semper
1943 2173 2044 2220 par-

78 2229 262 2291 ticipem
296 2242 402 2275 csse
434 2228 583 2286 liceat,
619 2236 670 2276 ut
705 2230 907 2278 inveniar
942 2232 988 2278 in
1024 2237 1149 2277 sorte
1176 2229 1507 2292 Epliesinorum
1546 2230 1928 2276 Christianorum:
1967 2229 2043 2289 qui

78 2304 128 2345 et
161 2298 247 2346 ian
283 2298 516 2360 Apostoli:
551 2313 737 2363 semper
770 2298 1082 2362 praebuerunt
1117 2313 1354 2346 assensum
1394 2300 1437 2345 in
1474 2299 1637 2345 virtute
1676 2298 1776 2344 Iesu
1815 2296 1998 2343 Christi.

452 2408 543 2456 xn.
615 2410 743 2458 Laus
777 2409 1092 2472 Ephesiorum.
1163 2410 1445 2469 Martyrium
1477 2411 1674 2455 instans.

216 2503 338 2563 Scio,
374 2506 478 2567 quis
514 2507 598 2553 sim
635 2513 684 2554 et
715 2506 884 2568 quibus
922 2506 1132 2554 scribam.
1203 2507 1297 2568 Ego
1347 2506 1702 2561 condemnatuS,
1752 2519 1833 2551 vos
1871 2505 2045 2552 miseri·

78 2573 281 2622 cordiam
316 2575 544 2634 assecn1i3
582 2589 669 2638 ego
708 2576 915 2638 periculo
954 2575 1194 2634 obnoxius,
1234 2590 1315 2623 vos
1340 2574 1610 2622 confirmati.
1669 2575 1904 2621 Transitus
1933 2576 2046 2622 estis

0 2639 2 2692 Ξ
81 2657 262 2701 eorum,
299 2644 377 2707 qui
414 2644 475 2692 ita
512 2643 863 2703 interficiuntur,
899 2653 950 2693 ut
981 2647 1038 2693 ad
1075 2647 1215 2693 Deum
1250 2646 1454 2702 veniant3
1491 2645 1616 2691 Pauli
1642 2650 1930 2707 symmystae,
1970 2645 2046 2706 qui

216 2735 343 2789 ‘xtt
412 2741 521 2790 Scio
557 2743 661 2806 quis
697 2758 825 2798 sum.
862 2750 909 2791 et
945 2743 1111 2805 quibus
1148 2742 1319 2790 scribo.
1389 2742 1483 2804 Ego
1522 2744 1659 2790 morti
1696 2743 1932 2799 addictus,
1966 2757 2047 2789 vos

80 2810 441 2859 misericordiam
476 2812 737 2861 consecuti:
779 2827 867 2876 ego
903 2813 1110 2875 periculo
1147 2813 1396 2869 obnoxius,
1449 2827 1530 2859 vos
1570 2812 1759 2859 firinati:
1808 2812 2042 2858 Transitus

80 2880 139 2928 ad
172 2880 312 2929 nem
348 2875 601 2944 [abreptis]
637 2889 765 2945 patet
798 2878 910 2946 [per
943 2879 1063 2942 vos,]
1101 2883 1224 2930 Pauli
1263 2882 1574 2945 Symmystas,
1616 2882 1691 2943 qui
1732 2880 2041 2927 sanctificatus

169 3013 216 3068 2)
243 3014 294 3056 Ut
321 3020 435 3056 ante·
467 3009 877 3070 παροδεύσαηας,
917 3022 957 3057 et
995 3016 1034 3058 in
1096 3017 1168 3059 Vos
1198 3019 1241 3057 in
1273 3018 1450 3070 Epheso,
1488 3029 1560 3069 per
1589 3028 1704 3070 quam
1741 3020 1944 3055 transeunt
1974 3016 2049 3063 itti,

240 3069 424 3113 ultan.
451 3082 592 3112 ven-
618 3071 751 3122 ἥκω,
782 3072 837 3122 (c.
859 3071 920 3124 u.)
950 3069 1036 3128 οὐχ
1093 3075 1162 3127 qui
1201 3076 1239 3115 in
1285 3075 1439 3115 Oriente
1478 3073 1725 3114 condemnati
1762 3071 1919 3112 Romam
1956 3074 2049 3113 mil-

182 3121 540 3182 παροδεῦοηακ
600 3126 847 3181 lle-ycbius:
881 3123 1037 3183 Πάρο·
1093 3133 1240 3170 tantur.
1277 3129 1462 3171 Pearson.
1523 3128 1597 3169 llic
1638 3127 1751 3167 locus
1789 3126 2047 3179 explicandus

84 3178 189 3230 δος·
218 3178 450 3236 διάβασις.
504 3182 707 3237 Eptmn-
734 3183 938 3238 petebant,
969 3183 1036 3238 qui
1094 3191 1158 3225 est
1195 3196 1239 3226 ex
1277 3186 1361 3227 Act.
1405 3186 1543 3238 Apost.
1583 3184 1657 3232 20,
1704 3183 1764 3224 16.
1836 3182 2049 3224 Markland.

86 3237 310 3280 “oriente
330 3238 409 3280 iter
431 3251 571 3281 versns
588 3240 752 3282 nomam
766 3239 1038 3282 instituebant.
1096 3240 1281 3282 Forsitan
1322 3236 1579 3299 Πάρεδροι.
1626 3240 1738 3305 Toup.
1795 3239 1876 3280 Csr.
1913 3239 1926 3280 l
1957 3238 2048 3281 Cor.

85 3292 195 3336 Ιοοε
220 3306 303 3337 ιω
342 3294 538 3337 intellexit
569 3295 862 3350 Interpolator;
903 3296 1037 3350 itaque
1101 3298 1164 3347 16,
1195 3297 1234 3339 7.
1282 3294 1351 3340 Οὐ
1396 3297 1521 3340 θέλω
1559 3294 1650 3354 γὰρ
1691 3296 1812 3353 υμᾶς
1854 3291 1961 3352 ἄρτι
1998 3292 2050 3339 ἐν

83 3349 263 3392 reddidit
312 3348 610 3407 παραδοθείς
651 3364 708 3409 γε
757 3350 874 3409 ἐγὼ,
922 3350 1040 3395 ἀλλὰ
1098 3349 1296 3410 παρόδῳ
1330 3349 1465 3402 mehr.

86 3405 186 3449 ι’ὂν
210 3403 296 3449 διὰ
311 3405 526 3464 Χριστὸν
544 3405 741 3467 ἄνωρον
777 3409 899 3452 {rm
915 3404 1040 3460 [ἐλά-

87 3463 289 3559 naor]
335 3474 458 3507 aena·
503 3464 627 3520 plane
675 3466 802 3507 nuto.
874 3464 917 3507 In
969 3466 1039 3530 tls:

203 3530 360 3584 μ’
455 3523 619 3619 δύας
643 3532 699 3578 7⁸
718 3522 938 3591 ’ὤν’ῗιω
953 3522 1039 3563 ”⁸⁸¹
1098 3557 1135 3589 et
1177 3549 1226 3589 ad
1267 3548 1466 3602 Ephesios
1507 3548 1724 3601 praecipue
1763 3547 1969 3601 explicati,
2009 3554 2051 3590 ut

87 3583 371 3672 munet.
407 3574 1040 3692 ὥτᾶἑξδῖςῗῖιὲῗεὲ
1098 3606 1184 3659 ipse
1216 3604 1389 3658 explicat
1419 3606 1537 3658 Epen.
1568 3604 1607 3652 3,
1637 3606 1676 3645 4.
1715 3603 1898 3647 Peanon.

88 3696 227 3728 vocem
264 3685 466 3741 Interpre-
505 3689 702 3743 agnoadt.
772 3691 926 3733 semu·
966 3695 1041 3739 est,
1184 3687 1229 3743 4)
1262 3684 1552 3747 ἁγιασμένου
1580 3686 1609 3727 C
1631 3687 1677 3730 1..

1645 3756 1703 3801 9·

1181 3438 1227 3489 3)
1257 3436 1331 3486 Qui
1362 3437 1580 3490 participes
1615 3436 1706 3477 sueti
1747 3436 1844 3476 estis
1877 3435 2050 3488 mysterii

1100 3495 1140 3534 S.
1173 3493 1306 3542 Pauli,
1338 3506 1359 3533 a
1393 3493 1563 3536 Domino
1605 3491 1830 3532 immediate
1872 3491 2051 3542 revelati,
