2340 3900
261 191 351 242 170
640 190 846 238 IGNATIl
883 189 1152 238 EPISTOLA
1187 191 1256 239 AD
1292 190 1568 241 ROMANOS.
1620 193 1686 241 VI.
1722 192 1810 243 Vll.

689 355 756 401 Vl.
825 355 971 404 Morte
1004 369 1108 404 mea
1140 372 1300 407 veram
1333 362 1476 408 vitam
1511 372 1750 420 assequar.

391 443 550 499 Οὐδέν
584 465 666 530 μοι
703 441 939 512 ὠφελήσει
972 443 1032 497 τὰ
1071 446 1160 518 πέρ
1163 449 1266 502 ατοιι
1309 448 1395 502 τοῦ
1438 445 1649 519 κόσμου,
1698 445 1811 501 οὐδὲ
1858 448 1913 502 αἱ
1954 450 2192 516 βασιλεῖαι

251 523 334 570 τοῦ
372 519 548 578 αἰῶνος
581 512 769 568 τούτου.
843 514 1076 568 Μὸιλλόν2
1088 538 1192 603 ’,μοι
1226 516 1498 573 ἀποθανεῖν
1546 511 1615 580 εἷς
1654 515 1862 604 Χριστὸν
1889 515 2104 585 Ἰησοῦν,
2141 515 2189 605 ἢ

247 584 540 673 βασιλεύειν
547 590 642 638 τῶν
661 580 896 672 περάτων
930 590 1016 653 τῆς
1048 592 1152 674 γῆς.
1227 590 1327 654 ,Τι
1362 586 1452 677 γὰρ
1488 586 1736 654 ὠφελεῖται
1781 585 2069 676 ἄνθρωπος,
2106 584 2192 640 ἐὰν

249 654 476 744 κερδήσῃ
494 652 579 709 τὸν
613 652 798 742 κόσμον
834 653 976 724 όλον,
1006 654 1119 740 τὴν
1167 656 1220 710 δὲ
1263 657 1429 727 ψυχὴν
1477 656 1629 710 αὐτοῦ
1673 660 1940 746 ζημιωθῇς(
1970 655 2192 710 Ἐκεῖνον

248 731 395 809 ζητῶ,
430 723 514 779 τὸν
548 723 669 794 ’ὑπὲρ
714 721 854 811 ἡμῶν
889 699 1224 780 ἀποθανόντα
1264 729 1449 781 ἐκεῖνον
1484 727 1638 789 θέλω,
1675 725 1760 778 τὸν
1793 724 1862 779 δι’
1899 724 2030 794 ἡμᾶς
2077 724 2192 778 ἀνα-

250 793 437 852 στάντα
510 792 566 847 Ὁ
602 794 654 846 δὲ
686 791 897 858 τοκετός4
927 815 1027 882 μοι
1075 797 1317 850 ἐπίκειται.
1374 794 1643 885 Σύγγνωτέ
1692 816 1800 862 μοι,
1849 794 2074 862 ἀδελφοί·
2124 794 2190 863 μὴ

248 866 453 933 έμποδίσ
486 864 535 917 τέ
569 885 670 952 μοι
682 869 868 952 ζῆσαι,
881 861 947 933 μὴ
981 864 1216 934 θελήσητέ
1249 869 1323 955 με5
1363 864 1665 928 ἀποθανεῖν,
1702 863 1787 917 τὸν
1821 871 1906 918 τοῦ
1946 869 2073 919 Θεοῦ
2106 865 2191 918 θέ-

247 941 390 988 λοντα
425 887 572 999 εἶναι,
606 931 775 1022 κόσμω
802 931 876 1023 μὴ
909 936 1210 1004 χαρίσησθε.6
1264 934 1445 1002 ’Ἀφετέ
1479 956 1535 1025 με
1580 932 1805 1003 καθαρὸν
1854 941 1962 1002 φῶς
2004 937 2191 1022 λαβεῖν

249 1006 351 1058 ἐκεῖ
378 1002 763 1090 παραγενόμενος
798 1002 1061 1072 άνθρωπος
1107 1009 1234 1059 Θεοῦ
1271 1007 1450 1074 ἔσομαι.
1515 1003 1834 1092 Ἐπιτρέψατέ
1868 1026 1951 1073 μοι
1984 1001 2194 1073 μιμητὴν

250 1071 373 1127 εἶναι
404 1080 490 1128 τοῦ
524 1072 723 1137 πάθους
756 1079 842 1127 τοῦ
884 1077 1011 1127 Θεοῦ
1045 1096 1154 1142 μου.
1226 1078 1300 1128 Εἴ
1328 1097 1399 1138 τις
1434 1072 1584 1128 αὐτὸν
1618 1075 1670 1127 έν
1721 1074 1876 1161 ἑαυτῷ
1921 1075 2036 1143 ἔχει,
2079 1094 2192 1142 νοη-

248 1142 376 1198 σάτω
412 1143 440 1198 ὃ
475 1144 636 1210 θέλω,
671 1145 754 1198 καὶ
787 1146 1101 1212 συμπαθείτω
1134 1166 1242 1214 μοι,
1279 1143 1419 1208 εἰδὼς
1455 1143 1513 1197 τὰ
1549 1141 1808 1212 συνέχοντά
1841 1164 1915 1212 με.

511 1305 604 1352 VII.
674 1305 795 1355 Mori
830 1307 1063 1362 desidero,
1101 1321 1211 1353 nam
1247 1320 1378 1354 amor
1412 1319 1540 1352 meus
1573 1304 1828 1366 crucifioeus
1864 1311 1942 1353 est.

384 1394 442 1449 Ο
485 1393 643 1467 άρχων
688 1400 779 1449 τοῦ
819 1396 996 1458 αἰῶνος
1039 1393 1228 1449 τούτου1
1274 1393 1557 1482 διαρπάσαι
1580 1414 1636 1463 με
1684 1392 1933 1462 βούλεται,
1976 1395 2060 1450 καὶ
2075 1393 2196 1484 τὴν

250 1469 316 1529 εἰς
359 1464 482 1519 Θεόν
519 1487 613 1533 μου
647 1463 843 1535 γνώμην
879 1468 1180 1535 διαφθεῖραι.
1267 1466 1463 1533 Μηδεὶς
1498 1457 1588 1518 οὖν
1622 1470 1719 1517 τῶν
1751 1463 2006 1535 παρόντων
2056 1462 2196 1554 ὑμῶν

246 1539 489 1604 βοηθείτω
525 1535 684 1606 αὐτῷ·
722 1541 902 1623 μᾶλλον
939 1538 1058 1603 ἐμοῦ
1092 1537 1338 1626 γίνεσθε,2
1371 1536 1612 1589 τουτέστιν
1644 1540 1731 1588 τοῦ
1773 1538 1915 1589 Θεοῦ.
1984 1532 2080 1624 Μὴ
2116 1541 2197 1624 λα-

249 1614 367 1659 λεῖτε
395 1605 586 1698 Ἰησοῦν
622 1589 866 1694 ’Χριστὸν,
902 1604 1085 1673 κόσμον
1119 1605 1172 1658 δὲ
1208 1606 1500 1673 ἐπιθυμεῖτε.
1570 1606 1821 1658 Βασκανία
1870 1606 1923 1659 έν
1968 1603 2084 1674 ύμῖν
2131 1603 2196 1674 μὴ

246 1679 536 1730 κατοικείτω.
627 1673 772 1742 Μηδ’
830 1674 892 1727 ἀν
939 1674 1031 1745 έγω
1080 1674 1249 1742 παρὼν
1295 1679 1557 1763 παρακαλῶ
1609 1673 1763 1743 ὑμᾶς,
1809 1675 2046 1764 πείσθητέ
2089 1692 2196 1762 μοι·

244 1746 435 1808 τούτοις
488 1745 540 1797 δὲ
586 1751 765 1834 μᾶλλον
810 1746 1069 1813 πείσθητε,
1121 1744 1195 1808 οἷς
1241 1744 1412 1815 γράφω
1459 1743 1585 1812 ύμῖν
1667 1750 1779 1798 Ζῶν
1825 1743 1998 1836 [γάρ]8
2025 1743 2200 1816 γράφω

247 1815 386 1884 ύμῖν,
425 1817 547 1884 ἐρῶν
580 1821 666 1867 τοῦ
699 1813 986 1867 ἀποθανεῖν.
1056 1814 1113 1867 Ο
1148 1812 1313 1883 ἐμὸς’
1298 1816 1436 1885 ε’ρως4
1471 1814 1789 1885 ἐσταύρωται,
1825 1816 1911 1869 καὶ
1944 1812 2035 1869 οὐκ
2074 1816 2201 1870 ἔστιν

249 1888 301 1939 έν
337 1887 444 1953 ἐμοὶ
466 1891 565 1952 πῦρ
603 1882 883 1950 φιλόῦλονῶ
918 1883 1072 1952 ’ὕδωρ6
1109 1885 1162 1938 δὲ
1197 1890 1290 1948 ζῶν
1323 1887 1406 1938 καὶ
1440 1890 1618 1938 λαλοῦν
1653 1886 1706 1937 ἐν
1740 1885 1861 1953 ἐμοὶ,
1898 1886 2084 1939 ἔσωθέν
2116 1906 2200 1953 μοι

246 1956 408 2043 kfyov·
462 1956 606 2022 δεῦρο
656 1951 781 2023 πρὸς
824 1950 910 2005 τὸν
966 1953 1159 2021 πατέρα.
1230 1952 1330 2022 Οὐχ
1379 1955 1561 2023 ἥδομαι
1588 1961 1769 2042 τροφῇ
1805 1961 2034 2044 φθορᾶς,
2086 1954 2200 2009 οὐδὲ

246 2023 449 2112 ηδοναῖς
482 2029 569 2076 τοῦ
601 2025 724 2111 βίου
751 2021 939 2076 τούτου.
996 2022 1195 2093 ’Ἀρτονῗ
1239 2027 1367 2076 Θεοῦ
1403 2024 1547 2088 θέλω,
1585 2021 1732 2093 άρτον
1768 2023 2014 2094 οὐράνιον,
2057 2023 2201 2094 άρτον

247 2100 385 2182 ζωῆς,
420 2092 476 2156 ός
511 2094 637 2146 ἐστιν
672 2091 789 2163 σὰρξ
817 2091 979 2161 Ἰησοῦ
1007 2098 1237 2162 Χριστοῦ,
1273 2099 1361 2147 τοῦ
1394 2094 1508 2147 υἱοῦ
1539 2099 1626 2146 τοῦ
1659 2097 1805 2158 Θεοῦ,
1824 2096 1912 2147 τοῦ
1940 2095 2200 2164 γενομένου

248 2167 300 2218 έν
334 2163 515 2236 ὑστέρω
550 2164 603 2216 ἐκ
627 2164 904 2253 σπέρματος
938 2164 1098 2252 Δαβὶδ
1145 2164 1228 2217 καὶ
1255 2162 1501 2233 Ἀβραάμ·
1555 2164 1639 2216 καὶ
1684 2163 1820 2231 πόμα
1861 2166 2010 2218 Θεοῦε*
2053 2165 2200 2229 θέλω,
2282 2198 2299 2211 ι

248 2233 302 2288 τὸ
341 2231 459 2302 αἷμα
499 2232 677 2305 αὐτου,
714 2255 741 2287 ο
779 2234 906 2287 ἐστιν
940 2231 1102 2304 ἀγάπη
1140 2232 1423 2303 άφθαρτος,
1459 2233 1542 2287 καὶ
1577 2232 1779 2296 ἀένναος
1812 2231 1923 2302 ζωη.

335 2489 430 2542 Cap.
448 2489 507 2530 v1.
568 2487 609 2542 1)
637 2489 695 2529 Ita
727 2486 985 2539 o.1nterpol‚
1007 2493 1082 2527 vet.
1107 2487 1196 2537 lut„
1337 2486 1382 2538 4)
1414 2485 1493 2527 Cfr.
1526 2484 1627 2526 Phil.
1662 2485 1699 2535 1,
1721 2483 1788 2526 21.
1849 2482 2092 2537 Saepissime
2124 2498 2201 2527 το-

250 2547 404 2588 A1m.1
440 2551 478 2586 et
511 2545 570 2596 2.;
614 2541 793 2600 τερπνὰ
823 2543 920 2583 Cod.
952 2542 1127 2583 Colhert.
1159 2549 1198 2583 et
1229 2540 1387 2589 Δκετός
1436 2555 1524 2594 pro.
1563 2543 1668 2583 lucro
1717 2539 1898 2583 sumitur.
1956 2541 2114 2594 Toupio
2163 2548 2203 2583 et

253 2602 422 2655 Metaph.
493 2600 572 2640 Csr.
605 2601 655 2640 ad
693 2601 794 2652 Eph.
834 2612 867 2639 e.
898 2598 940 2640 3.
1002 2599 1054 2650 ΞΥ
1058 2598 1195 2639 rusl.
1253 2599 1453 2639 Woehero
1505 2604 1565 2638 est
1617 2595 1805 2644 τοκετὸς
1834 2602 2065 2649 :parturn
2121 2598 2201 2640 Iac.

251 2672 296 2700 ex
323 2659 402 2699 hoc
431 2656 560 2708 capite
593 2656 647 2697 nil
680 2656 757 2696 nisi
786 2667 897 2695 voco
928 2651 953 2695 6
986 2612 1054 2695 ὃὲΥ
1072 2667 1195 2695 τοκε-
1255 2654 1519 2694 Gallicciolli:
1588 2655 1736 2703 Questo
1776 2657 1797 2694 e
1842 2652 2088 2704 l'interesse,
2128 2654 2201 2696 che

252 2712 332 2762 τός
369 2728 447 2771 μοι
484 2712 716 2754 ἐπίκειται
755 2711 891 2759 venit,
943 2710 1196 2775 annectitque
1254 2710 1306 2750 mi
1339 2722 1487 2774 preme.
1549 2709 1751 2751 Graziani·
1807 2710 1954 2758 Questa
1991 2711 2012 2750 ὁ
2051 2708 2201 2752 l'usura

250 2771 330 2812 illis
367 2769 622 2823 perpulchris
658 2765 682 2808 6
724 2764 837 2824 ἐμὸς
882 2764 996 2823 ἔρως
1032 2760 1199 2807 ἕσταύ-
1257 2766 1328 2807 che
1358 2766 1410 2806 mi
1442 2766 1613 2807 attende.

253 2841 398 2885 ρωται
430 2825 524 2866 κτλ.
556 2838 640 2876 cap.
670 2836 730 2876 sq.
1339 2823 1382 2872 5)
1411 2836 1494 2878 μοι
1532 2820 2103 2873 Cod.Colhe1tinus‚quam
2141 2821 2200 2862 le-

338 2883 384 2932 2)
412 2882 507 2922 Erat
538 2887 653 2922 antea
682 2876 844 2927 καλὸν,
878 2884 915 2918 et
945 2877 984 2916 in
1015 2877 1198 2918 versione
1254 2877 1425 2919 ctionem
1453 2879 1529 2919 Iac
1560 2877 1730 2930 repetiit.
1788 2877 1870 2917 Iam
1897 2877 2011 2918 Voss.
2043 2882 2083 2918 et
2114 2877 2200 2918 Cot.

253 2942 405 2989 bonum,
438 2937 546 2990 quod
575 2943 635 2977 est
664 2934 853 2988 loquendi
888 2946 1010 2985 genus
1042 2945 1087 2974 ex
1119 2934 1198 2973 He-
1255 2947 1287 2974 c.
1336 2941 1411 2975 vet.
1462 2935 1557 2985 Int.,
1599 2933 1790 2986 interpol.
1838 2939 1877 2974 et
1920 2933 2091 2985 Metaph.
2131 2933 2202 2975 de·

251 2995 385 3037 braica
407 2993 540 3044 lingua
569 2993 833 3043 desumptum,
862 3003 936 3030 nec
953 2989 1197 3041 infrequens
1255 2990 1398 3031 delunt
1426 3003 1498 3047 με.

253 3052 333 3093 Sed
365 3051 514 3091 Graeca
558 3048 716 3102 sequuti
743 3058 900 3097 sumus,
948 3051 986 3085 et
1017 3045 1196 3101 μᾶλλον
1337 3047 1380 3098 6)
1401 3047 1671 3103 χαρίσησθε
1721 3057 1858 3086 omnes
1906 3045 2034 3087 nostri
2074 3045 2200 3088 Codd.

251 3120 336 3149 rem
357 3105 520 3148 maioris
539 3103 727 3146 momenti
746 3102 1064 3154 interpretamur.
1101 3101 1193 3142 Cler
1251 3103 1569 3169 interpolatoris
1629 3102 1837 3154 Scriptura
1866 3101 2198 3157 Ms.001h.xoe-

252 3164 373 3205 Favet
410 3163 515 3203 Arm.
546 3161 583 3202 2.
640 3161 818 3201 Attamen
875 3171 963 3199 cum
1011 3157 1194 3198 versione
1253 3154 1461 3213 ρήσησθε
1494 3159 1600 3199 idem
1633 3159 1738 3199 valet
1770 3158 1820 3198 oh
1849 3157 2087 3198 Itacismum.
2125 3158 2202 3198 Fa-

202 3223 205 3225 ’
251 3226 327 3261 vet.
358 3219 492 3268 latina,
523 3217 705 3258 omnibus
725 3214 873 3256 nostris
895 3213 1021 3254 Codd
1042 3221 1343 3256 1ecens.vent
1373 3228 1497 3255 verss.
1531 3216 1582 3267 Sy
1586 3228 1617 3256 r.
1659 3220 1698 3254 et
1725 3215 1829 3254 Arm.
1887 3214 1932 3253 ln
1967 3219 2099 3254 vetere
2129 3213 2199 3254 int.

252 3275 540 3328 interpolatae,
599 3273 792 3324 Metaph„
846 3272 1068 3322 fragmento
1131 3282 1194 3321 ap.
1254 3271 1320 3311 lat.
1354 3277 1392 3311 et
1421 3272 1526 3313 Aim.
1559 3272 1599 3311 2.
1644 3269 1824 3322 sequitur
1863 3268 2195 3312 additamentum:

252 3331 502 3373 Timotheum
530 3329 650 3380 Alex,
681 3302 792 3382 quoti
818 3327 917 3368 haec
948 3333 987 3366 et
1014 3326 1195 3377 proxime
1252 3339 1374 3380 neque
1402 3340 1470 3380 per
1502 3329 1704 3368 materiam
1733 3326 1943 3367 seducatis.

252 3387 644 3491 ἰὲἶῗιῗὲῑιᾶθῗὸλῖἓ.
648 3385 716 3483 ³3.
725 3382 1216 3493 Ἕξὲῗῗᾷῗᾶἓηῗγῖἒὲἓῗ·
1337 3437 1431 3490 cap.
1462 3438 1541 3478 vn.
1600 3436 1642 3488 1)
1675 3436 1753 3477 cfr.
1785 3437 1853 3476 nv.
1872 3436 2008 3478 mann.
2042 3437 2107 3488 16,
2133 3438 2197 3479 11.

253 3506 317 3540 tur
344 3494 500 3541 καλόν.
1337 3493 1382 3543 2)
1413 3494 1532 3534 Forte
1557 3492 1702 3534 excidit
1725 3493 1904 3545 βοηθοί.
1937 3493 2030 3535 Cler.
2091 3493 2198 3535 Sim-

343 3555 387 3607 3)
415 3554 490 3597 Hic
529 3554 643 3595 loeus
683 3564 729 3594 ex
756 3552 825 3593 Ev.
858 3551 991 3592 Matth.
1024 3550 1097 3600 16,
1128 3549 1195 3591 26.
1251 3548 1395 3602 plicius
1427 3549 1691 3590 Galliceiolli:
1732 3548 1912 3590 Piutosto
1952 3549 2052 3592 sinte
2081 3549 2195 3592 miei:

253 3611 512 3662 transcriptus
546 3623 675 3663 neque
707 3621 771 3674 ap.
802 3613 874 3650 vet.
907 3607 1000 3657 Int„
1050 3619 1124 3646 nec
1154 3606 1195 3646 in
1251 3605 1384 3657 voglio
1416 3605 1501 3646 dire
1532 3605 1571 3645 di
1599 3605 1687 3646 Dio.

254 3667 391 3717 fragm.
414 3666 623 3717 Timothei,
642 3678 715 3707 nee
736 3665 775 3705 in
792 3676 892 3705 vers
913 3663 1015 3704 Arm.
1040 3662 1194 3714 legitur.
1334 3661 1379 3715 3)
1411 3658 1540 3718 [γὰρ]
1566 3674 1610 3703 ex
1632 3667 1707 3705 vet.
1723 3660 1795 3704 lut.
1815 3661 2042 3704 addendum
2061 3668 2197 3704 monet
