2340 3900
201 184 300 235 632
927 182 1156 228 IIERMAE
1193 183 1419 230 PASTOR.
1479 184 1488 192 ‘

205 316 385 384 ἐγένετο
421 314 502 365 καὶ
538 313 625 378 μία
656 310 834 398 ἀγάπη,
871 313 954 363 καὶ
989 310 1046 363 τὰ
1079 309 1326 395 πνεύματα
1355 318 1452 364 τῶν
1486 313 1746 398 παρθένων
1779 311 1897 398 μετὰ
1926 319 2012 366 τοῦ
2039 313 2148 367 ὀνό-

202 404 350 450 ματος
372 379 647 477 {62692666'
699 379 780 431 διὰ
815 382 955 432 τοῦτο
991 378 1024 446 ἦ
1056 377 1289 464 οἰκοδομὴ
1322 383 1408 433 τοῦ
1441 381 1631 471 πύργου
1667 385 1752 449 μία
1797 380 1918 469 χρόα
1960 383 2149 470 ἐγένετο

201 448 412 516 λαμπρὰ8
460 472 526 511 ως
572 447 602 502 6
645 448 795 515 ἥλιος.
869 447 1014 501 Μετὰ
1050 449 1102 500 δὲ
1136 445 1190 501 τὸ
1226 451 1459 503 εἰσελθεῖν
1491 450 1667 513 αὐτοὺς
1703 452 1780 504 ἐπὶ
1817 449 1868 504 τὸ
1916 449 2034 504 αὐτὸ
2068 453 2149 504 καὶ

200 519 427 588 γενέσθαι
457 522 515 571 ’ἓν
551 524 714 585 σῶμα,
764 517 887 579 τινὲς
921 519 988 580 ἐξ4
1025 517 1186 570 αὐτῶν
1223 519 1480 585 ἐμίαναν”
1458 519 1660 581 εαυτοὺς
1692 522 1774 573 καὶ
1821 519 2151 607 ἐξεβλήθησαν

202 589 255 639 ἐκ
288 593 375 639 τοῦ
410 588 580 656 γένους
615 593 711 639 τῶν
748 589 975 653 δικαίων,
1031 589 1112 640 καὶ
1148 586 1291 639 πάλιν
1326 588 1541 658 ἐγένοντο
1592 587 1686 642 οἷοι
1736 588 1970 659 πρότερον
2004 584 2147 657 ἦσαν’,

199 662 379 723 μᾶλλον
414 658 487 709 δε5
522 659 744 725 χείρονες.

339 787 486 832 XVIII.
562 784 698 842 Πῶς,
735 782 879 846 φημί,
914 779 1064 847 κύριε,
1102 780 1317 866 ἐγένοντο
1354 783 1582 848 χείρονες,
1638 780 1851 849 Χριστὸν
1887 781 2150 869 ἐπεγνωκό-

198 869 299 912 τες;
368 847 424 899 Ὁ
460 846 525 915 μὴ
562 847 837 936 γινώσκων,
887 852 1036 916 φησί,
1085 847 1208 902 θεὸν
1254 851 1336 902 καὶ
1382 848 1770 937 πονηρευόμενος
1797 852 1906 937 ε’χει
1953 849 2152 904 κόλασίν

198 938 307 968 τινα
341 923 427 983 τῆς
461 920 699 1006 πονηρίας
733 916 906 981 αὐτοῦ,
958 940 984 970 ο
1022 918 1073 970 66
1109 917 1232 971 θεὸν
1281 916 1507 1007 ἐπιγνοὺς
1543 917 1634 971 οὐκ
1673 920 1740 970 ε’τι
1787 917 1971 983 ὀφείλει
2005 941 2152 1007 πονη-

199 984 447 1073 ρεύεσθαι,
485 984 587 1038 ἀλλ’
630 985 968 1077 ἆγαθοποιεῖν.
1030 985 1152 1039 Ἐὰν
1187 981 1276 1040 o6v
1314 986 1523 1052 ὀφείλων
1552 985 1889 1071 οἰγαθοποιεῖνι
1917 989 2151 1074 πονηρεύ-

199 1076 326 1121 ηται,
337 1053 396 1107 06
419 1057 557 1108 δοκεῖ
575 1058 771 1109 πλείονα
789 1058 1028 1123 πονηρίαν
1045 1064 1203 1109 ποιεῖν
1221 1054 1352 1123 παρὰ
1371 1055 1458 1108 τὸν
1482 1053 1548 1122 μὴ
1575 1053 1873 1142 γινώσκοντα
1891 1053 1976 1108 τὸν
2000 1055 2151 1123 θεόν,

201 1122 300 1174 Διὰ
345 1130 487 1176 τοῦτο
540 1126 590 1176 οἱ
635 1123 700 1192 μὴ
753 1124 1062 1213 ἐγνωκ[ό]τες
1108 1124 1252 1177 θεὸν2
1302 1126 1385 1177 καὶ
1432 1122 1813 1210 πονηρευόμενοι
1883 1127 2154 1214 κεκριμένοι

200 1193 321 1244 εἰσὶν
355 1195 424 1254 εἰς
459 1191 702 1259 θανατον,
752 1196 803 1246 οἷ
854 1194 906 1246 66
939 1194 1024 1246 τὸν
1066 1192 1190 1246 θεὸν
1225 1193 1485 1278 ἐγνωκότες
1533 1195 1615 1245 καὶ
1650 1191 1710 1245 τὰ
1744 1199 1968 1282 μεγαλεῖα
2001 1195 2154 1248 αὐτοῦ

200 1260 458 1348 ἑωρακότες
494 1263 576 1313 καὶ
615 1262 997 1351 πονηρευόμενοι
1033 1267 1209 1324 δισσῶς
1243 1261 1632 1327 κολασθήσονται
1671 1264 1754 1315 καὶ
1783 1262 2154 1317 ἀποθανοῦνται

200 1333 269 1391 εἰς
301 1329 387 1382 τὸν
423 1333 591 1383 αἰῶνα.
638 1332 807 1394 Οὕτως
842 1326 932 1384 οῦν
949 1330 1389 1420 καθαρισθήσεται
1422 1331 1458 1397 ἦ
1496 1333 1724 1399 ἐκκλησία
1758 1337 1846 1384 τοῦ
1882 1338 2019 1386 θεοῦ.
2068 1332 2155 1396 Ὡς

202 1399 254 1450 δὲ
290 1397 412 1460 εἶδες
449 1401 502 1452 ἐκ
536 1407 623 1452 τοῦ
659 1400 848 1472 πύργου
882 1400 997 1463 τοὺς
1022 1404 1266 1467 λίθους[ρ
1253 1402 1595 1468 ιπτ]ομένους3
1631 1423 1715 1454 και
1735 1403 2156 1470 παραδεδομένους

201 1475 302 1529 τοῖς
353 1467 592 1534 πνεύμασι
636 1478 738 1532 τοῖς
773 1479 1007 1539 πονηροῖς
1041 1472 1124 1522 καὶ
1157 1472 1349 1522 ἐκεῖθεν
1386 1470 1736 1538 ἐκβληθέντας,
1793 1471 1878 1522 καὶ
1929 1471 2057 1523 ἔσται
2097 1475 2156 1524 ’ἓν

203 1542 340 1603 σῶμα
376 1543 472 1589 τῶν
496 1541 879 1626 κεκαθαρμένων
916 1540 1074 1607 ὥσπερ
1110 1541 1190 1591 καὶ
1228 1537 1257 1591 6
1285 1537 1478 1626 πύργος
1501 1539 1708 1626 ἐγένετο
1756 1561 1821 1601 ως
1867 1540 1916 1602 ἐξ
1948 1538 2057 1602 ἐνὸς
2087 1543 2155 1593 λί-

199 1614 301 1658 θου
335 1604 542 1675 γεγονὼς
577 1605 692 1672 μετὰ
727 1607 780 1660 τὸ
815 1614 1187 1695 καθαρισθῆναι
1241 1606 1418 1672 αὐτόν,
1469 1607 1622 1669 οὕτως
1668 1609 1799 1660 ε’σται
1823 1609 1906 1660 καὶ
1929 1631 1961 1675 η
1989 1610 2155 1696 ἐκκλη-

203 1676 283 1726 σία
330 1681 416 1726 τοῦ
465 1682 590 1727 θεοῦ
619 1676 757 1762 μετὰ
805 1675 858 1730 τὸ
907 1683 1280 1761 καθαρισθῆναι
1329 1675 1481 1742 αὐτην
1528 1698 1608 1728 και
1647 1675 1994 1744 ἆποβληθῆναι
2041 1676 2155 1740 τοῦς

202 1741 448 1811 πονηροὺς
483 1765 565 1794 και
602 1742 865 1814 ὑποκριτὰς
899 1748 981 1798 καὶ
1015 1743 1334 1832 βλασφήμους
1370 1747 1452 1798 καὶ
1489 1743 1730 1832 διψύχους
1775 1746 1857 1798 καὶ
1891 1767 2156 1834 πονηρευο-

201 1813 377 1876 μένους
419 1814 663 1873 ποικίλαις
707 1817 985 1882 πονηρίαις·
1047 1812 1164 1880 μετὰ
1206 1812 1260 1866 τὸ
1309 1812 1511 1873 τούτους
1554 1812 1902 1881 ἇποβληθῆναι
1947 1816 2077 1868 ἔσται
2122 1839 2154 1883 η

201 1881 428 1965 ἐκκλησία
462 1885 554 1931 τοῦ
585 1885 755 1932 θεοῦ
747 1885 800 1934 εν
837 1889 988 1969 σῶμα,
1025 1885 1112 1948 μία
1148 1881 1400 1969 φρόνησις,
1441 1878 1509 1942 εἷς
1545 1888 1675 1946 νοῦς,
1714 1883 1811 1969 μία
1835 1884 2018 1947 πίστις,
2069 1887 2157 1951 μία

201 1946 380 2036 ἀγάπη,
457 1949 556 2000 Καὶ
590 1948 695 2002 τότε
732 1949 762 2003 o‘
797 1949 906 2013 υἱὸς
947 1957 1035 2002 τοῦ
1079 1956 1204 2003 θεοῦ
1252 1949 1584 2036 ἇγαλλιάσεται
1634 1951 1715 2002 καὶ
1762 1948 2157 2041 εὐφρανθήσεται

201 2018 254 2069 ἐν
290 2016 457 2079 αὐτοῖς
491 2015 772 2103 ἀπειληφὼς
806 2018 890 2073 τὸν
922 2018 1042 2072 λαὸν
1078 2018 1230 2072 αὐτοῦ
1258 2017 1494 2103 καθαρόν.
1532 2017 1833 2109 Μεγαλως,
1838 2023 1980 2107 φημί,
2004 2020 2154 2091 κύριε,

200 2087 282 2138 καὶ
320 2087 528 2149 ἐνδόξως
563 2086 722 2141 πάντα
759 2090 862 2156 ε’χει.
919 2087 1046 2154 ’Ἑτι,
1084 2092 1236 2156 φημί,
1247 2091 1253 2097 ’
1284 2087 1446 2177 κύριε,
1488 2109 1586 2142 των
1623 2110 1775 2157 ορεων
1811 2086 1919 2151 ἐνὸς
1954 2090 2156 2144 ἑκάστου

200 2154 357 2220 κύριε*
393 2156 618 2223 δήλωσόν
651 2179 734 2225 μοι
768 2157 858 2226 τὴν
893 2157 1099 2247 δύναμιν
1134 2160 1217 2212 καὶ
1251 2156 1336 2220 τὰς
1370 2156 1650 2245 πραξεις,”
1628 2180 1707 2211 ινα
1742 2163 1874 2211 πᾶσα
1909 2158 2043 2247 ψυχὴ
2077 2181 2154 2214 πε-

199 2233 412 2277 ποιθυῖα
448 2226 526 2277 ἐπὶ
559 2225 644 2279 τὸν
669 2226 845 2315 κύριον
891 2227 1142 2281 ἀκούσασα
1178 2226 1357 2300 δοξαση
1393 2225 1447 2280 τὸ
1458 2227 1624 2316 μέγα
1637 2249 1718 2280 και
1756 2227 2044 2295 θαυμαστὸν
2077 2231 2160 2282 καὶ

201 2293 449 2413 {vdogov’
421 2293 598 2418 ἔόνομα
625 2295 788 2351 αὐτοῦ.
845 2295 1044 2362 ’Ἀκουε,
1081 2299 1219 2365 φησί,
1255 2303 1352 2349 τῶν
1388 2295 1540 2363 ὀρέων
1573 2295 1663 2365 τὴν
1697 2299 1944 2350 ποικιλίαν
1963 2299 2046 2351 καὶ
2062 2304 2160 2352 τῶν

233 2361 389 2416 ώδεκα
444 2371 584 2417 θνῶν

342 2494 453 2539 ΧΙΧ.
517 2485 612 2539 Ἐκ
646 2494 734 2540 τοῦ
769 2488 963 2557 πρώτου
1002 2487 1150 2556 όρους
1183 2494 1273 2541 τοῦ
1306 2489 1509 2575 μέλανος
1545 2490 1595 2540 οἱ
1626 2489 1964 2553 πιστεύσαντες
1997 2497 2155 2544 τοιοῦ-

204 2556 279 2605 τοί
315 2556 460 2606 εἰσιν·
500 2554 764 2608 ἀποστάται
800 2559 884 2608 καὶ
917 2558 1194 2624 βλάσφημοι
1231 2561 1299 2619 εἰς
1334 2556 1419 2609 τὸν
1433 2557 1649 2646 ’,κύριον
1671 2559 1754 2610 καὶ
1787 2560 2022 2625 προδόται
2059 2566 2156 2612 τῶν

200 2622 389 2674 δούλων
420 2629 507 2675 τοῦ
540 2631 692 2677 θεοῦ·
729 2625 916 2686 τούτοις
952 2626 1004 2677 66
1039 2625 1286 2711 μετάνοια
1301 2624 1394 2676 οὐκ
1431 2627 1542 2692 ε’στι,
1579 2623 1795 2687 θάνατος
1831 2626 1884 2678 δὲ
1919 2629 2042 2679 ξ’·στι
2073 2629 2156 2681 καὶ

1597 2699 1620 2710 ιν
1680 2692 1704 2710 ,Ι

201 2689 284 2742 διὰ
318 2698 461 2743 τοῦτο
497 2694 580 2744 καὶ
615 2695 810 2760 μέλανές
847 2697 963 2747 εἰσι·
1001 2696 1080 2746 καὶ
1114 2694 1203 2763 γὰρ
1238 2691 1292 2745 τὸ
1328 2693 1467 2778 γένος
1490 2692 1651 2745 αὐτων
1673 2692 1858 2759 ανομόν
1883 2696 2024 2750 ἐστιν.
2065 2696 2156 2750 Ἐκ

200 2760 254 2811 δὲ
288 2766 374 2812 τοῦ
411 2762 689 2828 δευτέρου’
673 2762 822 2831 όρους
855 2769 942 2815 τοῦ
982 2765 1152 2830 ψιλοῦ1
1189 2764 1240 2815 οἱ
1270 2760 1604 2824 πιστεύσαντες
1631 2766 1842 2815 τοιοῦτοί
1865 2766 2000 2829 εἰσιν,
2035 2763 2156 2820 ὕπο-

199 2829 357 2892 κριταὶ
393 2831 477 2882 καὶ
514 2831 794 2884 διδασκαλοι
803 2835 1091 2919 πονηρίας
1144 2833 1227 2884 καὶ
1263 2826 1398 2883 οὗτοι
1433 2833 1524 2884 οὐν
1571 2838 1672 2892 τοῖς
1708 2833 1960 2900 προτέροις
1994 2832 2158 2901 όμοιοί

199 2899 303 2962 εἰσι,
342 2896 408 2964 μὴ
446 2900 630 2965 ε’χοντες
663 2900 853 2969 καρπὸν
888 2900 1225 2968 δικαιοσύνης·
1264 2922 1330 2961 ως
1364 2899 1454 2969 γὰρ
1492 2898 1546 2952 τὸ
1582 2898 1696 2968 όρος
1731 2901 1893 2953 αὐτῶν
1919 2924 2155 2992 ακαρπον,

199 2965 325 3018 οῦτω
371 2968 453 3018 καὶ
504 2969 555 3020 οἷ
599 2967 855 3039 ανθρωποι
905 2972 955 3023 οἷ
995 2976 1207 3023 τοιοῦτοι
1254 2967 1410 3036 ὄνομα
1462 2969 1547 3035 μὲν
1583 2971 1798 3036 ἔχουσιν,
1846 2968 1944 3024 ἀπὸ
1981 2971 2034 3024 δὲ
2068 2978 2155 3040 τῆς

282 3162 326 3214 3)
358 3160 575 3220 λαμπρὰς
610 3172 650 3205 at
677 3165 765 3217 ipse
789 3164 1141 3223 οοᾶθΧλαμπρὸς
1283 3163 1327 3214 2)
1357 3162 1474 3206 θεὸν
1520 3164 1559 3203 in
1592 3164 1731 3204 codice
1758 3171 1843 3214 est,
1889 3178 1969 3205 non
2009 3172 2053 3206 ut
2080 3167 2143 3210 ed.

197 3218 328 3259 habet.
1209 3235 1271 3274 p1.
1302 3221 1423 3260 habet
1453 3218 1534 3262 τὸν
1560 3217 1690 3262 θεὸν.

1288 3276 1332 3328 3)
1363 3275 1559 3316 edidimus
1593 3287 1681 3315 cum
1712 3275 1773 3315 ed.
1795 3286 1857 3326 pr.
1885 3272 2150 3332 [ριπτ]ομέ-

1202 3344 1332 3381 νους,
1373 3343 1610 3383 quamquam
1642 3330 1793 3369 litteras
1822 3343 1936 3386 ριπτ
1965 3344 2046 3371 non
2073 3345 2148 3383 pro

282 3382 326 3429 5)
353 3385 531 3448 μᾶλλον
560 3382 637 3427 δὲ.·
669 3388 791 3427 codex
823 3387 934 3427 addit
961 3383 1001 3439 ἢ,
1037 3386 1146 3439 quod
1204 3387 1322 3427 certis
1353 3386 1558 3426 habemus.

200 3445 245 3478 ut
274 3439 350 3478 alia
383 3440 516 3491 inepta
548 3442 796 3483 exclusimus
1288 3442 1333 3493 4)
1363 3436 1520 3493 κύριε.·
1557 3441 1611 3479 ita
1655 3439 1696 3479 in
1727 3439 1867 3480 codice
1897 3441 2000 3481 male
2029 3454 2148 3493 repe-

1199 3497 1312 3536 titum
1342 3495 1497 3546 legitur.

285 3546 379 3598 Cap
421 3549 553 3589 XVIII.
622 3551 662 3601 1)
713 3550 917 3617 ὀφείλων
966 3550 1145 3607 ἀγαθο-
1287 3551 1382 3601 Cap.
1413 3550 1508 3591 XIX.
1571 3547 1612 3599 1)
1644 3549 1804 3603 ψιλοῦε
1837 3550 1876 3590 in
1899 3551 1989 3603 ipso
2006 3553 2146 3593 codice

201 3604 376 3643 ποιεῖν·
408 3605 531 3644 codex
562 3602 587 3646 6
617 3606 770 3661 φιλῶν
801 3602 935 3661 ἄγαν.
1200 3600 1344 3655 legitur
1372 3601 1564 3658 ὑψηλοῦ.

282 3301 328 3353 4)
358 3299 430 3348 ἐξε
461 3314 599 3343 rursus
634 3303 775 3345 vitiose
809 3306 933 3345 codex
964 3302 1062 3351 ἔξω.
