2340 3900
244 106 292 140 ιν
1060 89 1390 137 PRAEFATIO.

247 236 392 274 vatum
431 241 546 285 esse,
586 240 673 287 qua
713 226 768 271 de
804 240 852 271 re
891 231 1071 285 praeter
1108 226 1220 272 alios
1249 226 1608 272 consentientem
1634 225 1766 271 habui
1804 240 2024 273 summum
2048 225 2160 273 Con-

253 326 493 370 stantinum
521 324 828 368 Oeconomum
848 315 878 376 ¹,
916 320 1025 365 illud
1067 322 1263 381 quidem,
1302 323 1338 367 si
1364 329 1502 367 totum
1526 328 1663 382 atque
1687 323 1942 367 universum
1965 327 2162 382 spectaS,

249 435 337 466 non
376 419 685 466 confirmatum
717 423 800 462 est.
850 415 989 471 Quem
1027 430 1134 462 vero
1154 417 1320 473 locum,
1359 418 1401 462 in
1440 419 1626 464 historia
1644 418 1902 463 Simonidea
1939 417 2162 462 famosum

248 516 373 561 illum
411 515 617 575 quidem,
669 512 724 557 ad
777 512 1023 557 docendam
1063 513 1280 572 originem
1317 514 1515 559 Latinam
1554 513 1754 572 inprimis
1792 511 2042 572 urgendum
2083 510 2161 555 du-

248 626 413 668 xeram,
451 611 539 656 Vis.
577 609 620 665 3,
651 609 695 654 3.
732 605 1008 669 πανοῦργοσ
1041 597 1090 653 εἴ
1115 602 1222 670 περὶ
1257 599 1344 653 τὰσ
1376 598 1571 670 γραφᾶσ
1606 606 1682 664 (ex
1705 605 2162 653 GuilielmiDindorfii

251 708 512 752 coniectura
548 697 657 764 περὶ
692 694 750 748 τὰ
785 694 1025 767 ἄγραφα),
1080 719 1180 750 euin
1232 718 1389 750 revera
1422 719 1475 750 ex
1513 704 1676 749 Latinis
1714 702 1896 748 fluxisse
1934 715 2073 761 quum
2109 715 2164 746 ex

250 804 496 862 interprete
530 801 751 861 Aethiope
795 808 887 846 tum
925 815 979 847 ex
1023 801 1181 846 codice
1219 799 1431 846 Sinaitico
1480 799 1529 844 fit
1574 799 1886 844 clarissimum.
1957 797 2160 852 Quocum

244 900 401 943 nescio
449 912 502 943 an
550 897 634 942 alia
690 898 999 957 componenda
1046 898 1160 953 sint,
1204 910 1320 957 quae
1372 903 1518 940 textus
1557 894 1802 953 Lipsiensis
1851 907 1953 939 cum
1991 892 2160 938 Latinis

246 995 478 1054 plerisque
518 994 770 1039 communia
809 993 944 1038 habet
983 993 1128 1038 invitis
1166 991 1380 1036 Sinaitico
1417 990 1637 1050 Aethiope
1675 996 1720 1035 et
1756 989 1978 1035 Palatino.
2034 987 2162 1034 Eius-

246 1090 367 1135 modi
405 1096 510 1135 sunt
549 1103 663 1149 quae
702 1089 791 1135 Vis,
831 1089 876 1145 3,
911 1090 952 1135 6.
990 1089 1213 1148 leguntur,
1247 1086 1322 1132 ubi
1351 1086 1499 1131 Latine
1538 1086 1763 1145 vulgatum
1803 1093 1899 1131 est:
1937 1086 2018 1145 qui
2052 1099 2159 1144 coy-

246 1193 470 1232 noverunt
486 1187 721 1231 veritatem
757 1200 838 1231 nec
870 1190 1219 1245 permanserunt
1251 1185 1301 1227 in
1337 1196 1405 1238 ea,
1443 1197 1524 1227 nec
1561 1183 1791 1228 coniuncti
1825 1187 1932 1228 sunt
1964 1182 2163 1238 sancli83

241 1289 424 1341 propter
458 1283 541 1328 hoc
577 1282 761 1327 inutiles
797 1288 915 1326 sunt.
986 1279 1064 1323 His
1106 1285 1248 1324 textus
1290 1279 1409 1338 Lips.
1448 1279 1648 1338 apprime
1687 1277 1948 1338 respondet,
1986 1276 2031 1322 in
2069 1289 2160 1336 quo

251 1384 346 1422 est:
384 1371 435 1421 οἷ
468 1366 728 1439 ἑγνωκότεσ
774 1366 861 1435 τὴν
897 1365 1156 1433 ἀλήθειαν,
1201 1365 1265 1433 μὴ
1316 1368 1643 1434 ἐπιμείναντεσ
1686 1366 1739 1418 δὲ
1783 1367 1836 1418 ἐν
1881 1364 2004 1437 αὐτῇ
2041 1363 2160 1432 μηδὲ

242 1451 532 1532 κολλώμενοι
566 1473 670 1518 τοῖσ
705 1464 884 1534 ἆγίοισ·
919 1462 999 1515 διὰ
1033 1470 1172 1516 τοῦτο
1209 1462 1433 1532 ἅχρηστοί
1465 1466 1595 1516 εἰσιν.
1669 1470 1907 1516 Sinaiticus
1940 1482 2048 1516 vero
2087 1482 2160 1515 co·

246 1570 353 1624 dex,
399 1571 616 1630 Aethiops
675 1578 718 1615 et
754 1569 983 1615 Palatinus
1030 1569 1368 1614 consentientes
1416 1575 1519 1629 post
1562 1582 1628 1627 μη
1673 1575 1976 1627 επιμενοντεσ
2019 1559 2072 1610 δε
2107 1577 2160 1610 εν

244 1681 365 1725 αυτη
404 1667 510 1711 nihil
551 1666 747 1712 additum
786 1666 963 1711 hahent.
1038 1665 1160 1720 Quae
1196 1666 1238 1709 in
1276 1665 1347 1710 his
1385 1663 1699 1724 similibusque
1750 1664 1849 1710 aliis
1895 1663 1950 1710 ab
2005 1668 2158 1708 aucto·

246 1764 375 1808 ritate
394 1763 593 1808 Sinaitici
632 1763 803 1807 codicis
842 1754 1190 1818 destituuntur2,
1225 1762 1278 1807 ab
1316 1761 1399 1806 alia
1438 1760 1711 1806 hauddubie
1749 1760 2018 1806 recensione
2052 1770 2159 1818 pen·

249 1859 375 1914 dent,
415 1873 546 1918 quam
603 1866 753 1903 utrum
796 1859 837 1902 in
874 1857 1040 1903 Latinis
1081 1872 1133 1903 an
1172 1857 1216 1902 in
1259 1857 1443 1903 Graecis
1481 1858 1676 1917 primum
1714 1857 1873 1916 aliquis
1918 1854 2164 1902 instituerit

246 1955 498 2014 ambiguum
539 1961 620 1999 est.
690 1953 780 1999 Sed
829 1954 884 1998 de
920 1954 988 1998 his
1031 1954 1234 2013 proxime
1272 1953 1344 1998 alii
1382 1953 1620 2010 videbunt,
1655 1966 1740 1998 nec
1786 1951 1916 1998 nobis
1951 1951 2076 2011 ipsis,
2112 1956 2162 1995 ut

245 2052 329 2095 iam
371 2051 614 2095 indicatum
654 2056 745 2105 est,
797 2050 967 2110 singula
1007 2050 1261 2095 accuratius
1300 2049 1538 2110 indagandi
1578 2049 1729 2095 locum
1766 2047 2026 2093 defuturum
2061 2058 2161 2106 spe-

245 2161 409 2191 ramuS.
468 2146 593 2191 Nunc
635 2147 742 2191 satis
780 2146 994 2191 habemus
1034 2145 1218 2191 editioni
1251 2146 1574 2202 Dresselianae,
1612 2145 1836 2191 diuturnis
1873 2143 2005 2189 amici
2041 2141 2162 2188 docti

249 2240 484 2285 laboribus
523 2241 698 2300 plenae,
737 2241 1011 2286 lectionibus
1033 2240 1259 2285 Sinaiticis
1296 2241 1458 2285 additis
1489 2241 1806 2295 consuluisse,
1829 2253 1944 2299 quae
1979 2245 2030 2284 ut
2054 2239 2163 2284 satis

249 2337 413 2380 docent
450 2342 730 2395 quantopere
778 2342 927 2380 textus
964 2335 1235 2394 LipsiensiS‚
1285 2336 1488 2394 quamvis
1538 2335 1656 2380 haud
1696 2334 2054 2380 contemnendus
2092 2334 2164 2389 sit,

251 2431 306 2476 ab
343 2432 524 2490 antiqua
562 2431 747 2476 veritate
787 2430 1040 2488 deflexerit,
1094 2431 1151 2475 ita
1198 2437 1336 2475 totam
1384 2443 1481 2475 eam
1525 2443 1658 2490 quam
1705 2429 1926 2490 praebent
1962 2428 2163 2478 Pastoris

251 2535 423 2587 partem
461 2528 660 2587 exceptis
699 2527 853 2586 paucis
891 2526 1076 2586 antiquo
1115 2527 1250 2571 nitori
1281 2525 1488 2571 reddunt.

388 2635 652 2682 Scribebam
691 2635 868 2696 Lipsiae
906 2636 1015 2695 ipsis
1055 2635 1331 2681 solemnibus
1371 2634 1658 2696 paschalibus
1696 2636 1799 2680 anni
1842 2634 1985 2681 1863.

1151 2734 1153 2736 .
1205 2757 1631 2814 Constantinus
1670 2754 2079 2827 Tischendorfi

362 2979 402 3031 1)
434 2979 528 3019 Vide
559 2978 656 3018 Nov.
689 2978 796 3017 Test.
827 2976 964 3016 Sinait.
997 2976 1103 3028 Lips.
1140 2977 1260 3019 1863.
1293 2988 1383 3027 pag.
1415 2976 1509 3016 XLI.

362 3048 405 3100 2)
435 3047 520 3087 Alio
562 3047 652 3087 loco
688 3045 872 3095 notabili,
912 3046 990 3085 vis.
1032 3046 1069 3095 3,
1100 3046 1155 3094 5„
1193 3045 1380 3096 Aethiops
1414 3045 1594 3084 codicum
1625 3045 1801 3084 Sinaitici
1833 3050 1872 3084 et
1901 3043 2066 3084 Palatini
2097 3056 2167 3083 so-

251 3118 429 3158 cietatem
464 3116 624 3157 deserit.
686 3114 896 3155 Sinaiticus
929 3114 1031 3154 enim
1062 3127 1148 3154 cum
1173 3113 1352 3153 Palatino
1383 3114 1520 3153 habet:
1567 3111 1690 3153 διοτι
1722 3116 1889 3168 ευρεθη
1921 3124 1970 3154 εν
2003 3121 2167 3154 autom

252 3200 451 3240 πονηρια
481 3186 679 3237 (quoniam
707 3187 861 3224 inventa
891 3188 949 3223 est
978 3185 1020 3222 in
1052 3185 1109 3222 eis
1139 3182 1345 3235 nequitia),
1379 3183 1417 3222 id
1452 3183 1555 3234 quod
1583 3183 1804 3223 rectissime
1834 3183 2027 3234 scriptum
2059 3182 2167 3222 vide-

251 3263 325 3304 tur,
356 3255 467 3306 Lips.
498 3267 589 3295 vero
621 3266 707 3295 cum
744 3253 892 3293 Latinis
921 3252 1088 3303 vulgatis
1131 3259 1170 3292 et
1198 3252 1409 3303 Aethiope:
1450 3246 1570 3291 διότι
1607 3248 1689 3305 οὐχ
1719 3249 1885 3308 εὑρέθη
1917 3249 1967 3293 ἐν
1998 3246 2166 3292 αὐτοῖσ

248 3327 460 3379 πονηρία.
