2340 3900
257 199 418 238 XXXII
1025 187 1451 237 PROLEGOMENA.

255 323 353 373 Ric.
391 322 558 373 Russel
598 319 827 385 (Londini
869 317 1040 383 1746),
1075 318 1221 369 Andr.
1261 320 1533 372 Gallandius
1571 321 1801 386 (Venetiis
1836 321 2005 387 1765),
2045 324 2098 374 G.
2135 325 2210 374 Ia-

255 391 439 440 cobson
464 390 656 454 (Oxonii
685 388 814 438 1838
855 393 903 436 et
931 386 1085 453 1840)
1123 395 1170 438 et
1206 388 1263 451 C.
1296 390 1332 439 l.
1368 390 1529 440 Hefele
1567 389 1830 454 (Tubingae
1871 390 2014 440 1855.
2049 391 2146 456 IV.)

402 459 631 508 Criticum
645 471 822 521 penum
851 455 1124 520 accepimus
1146 457 1195 506 in
1218 473 1389 522 opere:
1429 459 1615 524 Corpus
1652 457 1974 522 Ignatianum:
2009 460 2051 509 A
2072 475 2208 511 com-

257 530 383 594 plete
421 526 673 577 collection
712 525 766 573 of
795 524 878 573 the
922 524 1136 589 Ignatian
1173 526 1394 591 epistleS,
1449 528 1679 591 genuine,
1726 526 2067 590 interpolated,
2116 531 2210 579 and

257 599 508 662 spurious,
554 593 775 657 together
809 593 924 642 with
960 608 1220 643 numerous
1256 601 1461 644 extracts
1496 596 1621 644 from
1659 595 1815 653 them,
1848 610 1900 643 as
1937 597 2114 661 quoted
2148 598 2210 663 ΒΥ

257 663 595 715 ecclesiastical
630 661 818 710 writers
854 662 996 711 down
1025 667 1075 710 to
1113 663 1195 711 the
1232 664 1367 712 tenth
1400 669 1618 727 century3
1652 663 1702 711 in
1739 663 1905 727 syriac,
1930 665 2090 727 greek,
2115 667 2207 715 and

256 734 398 783 latin:
446 748 505 781 an
543 730 729 794 english
776 730 1058 780 translation
1095 731 1149 780 of
1178 731 1259 780 the
1306 732 1458 796 syriac
1493 738 1616 791 text,
1667 732 1868 796 copious
1901 738 2065 794 noteS,
2115 736 2208 784 and

258 799 604 858 introduction,
638 798 700 863 ΒΥ
732 798 938 848 William
964 799 1187 857 Cureton‚
1223 800 1283 849 M.
1318 801 1372 848 A.
1391 800 1442 849 F.
1456 800 1525 864 gR.
1562 800 1607 849 S.
1630 799 1859 863 Chaplain
1895 800 1946 849 in
1984 802 2207 868 ordinary

254 876 303 919 to
341 871 428 919 her
467 867 662 932 Majesty
717 867 799 916 the
835 869 1014 928 Queen.
1084 868 1271 917 Berlin:
1320 868 1476 917 Asher
1511 868 1604 917 and
1654 868 1736 917 Co,
1772 869 2034 933 Reprinted
2079 871 2206 920 from

250 938 331 986 the
367 937 573 987 London
610 935 807 996 edition,
844 936 937 985 and
974 936 1251 985 authorized
1288 936 1348 1000 ΒΥ
1385 937 1467 985 the
1502 936 1778 1001 proprietor
1817 937 1893 986 for
1927 938 2205 988 circulation

250 1020 313 1054 on
353 1007 434 1055 the
471 1005 720 1055 continent
755 1004 877 1069 only.
951 1005 1096 1054 1849.

354 1074 410 1124 In
445 1079 611 1124 nostra
655 1074 726 1123 ed.
760 1073 918 1122 versio
965 1072 1109 1122 latina
1145 1072 1390 1137 Epistolae
1427 1073 1484 1123 ad
1520 1074 1765 1124 Romanos
1800 1075 1879 1124 illa
1915 1082 2013 1136 est,
2063 1092 2204 1142 quam

247 1141 408 1193 Hefele
443 1159 470 1192 a
492 1142 724 1192 Ruinarto
764 1142 1005 1201 mutuavit,
1040 1141 1314 1206 passimque
1350 1143 1578 1202 correxit3
1614 1143 1905 1208 reliquarum
1941 1160 2054 1195 vero
2084 1146 2204 1211 Epp.

249 1212 401 1277 qualis
437 1211 562 1277 apud
592 1210 827 1260 Heselium
863 1210 1052 1259 aliunde
1086 1209 1234 1274 petita
1271 1216 1318 1258 et
1353 1210 1412 1258 ab
1448 1210 1553 1275 ipso
1589 1212 1837 1262 emendata
1870 1219 2071 1278 prostat.

385 1280 641 1330 Versiones
677 1280 883 1329 italicae:
929 1280 1092 1328 Lettre
1140 1278 1344 1342 genuine
1393 1279 1439 1328 di
1486 1279 1615 1329 Sant'
1651 1281 1868 1344 lgnazio,
1913 1298 2116 1332 vescovo
2154 1283 2201 1332 di

251 1349 531 1408 Antiochia,
582 1349 831 1397 corredate
868 1347 990 1412 degli
1031 1347 1113 1396 atti
1149 1347 1223 1396 del
1262 1363 1349 1395 suo
1387 1349 1627 1407 martirio,
1678 1366 1703 1397 e
1741 1350 1783 1399 la
1819 1350 1988 1400 lettera
2024 1351 2071 1400 di
2109 1351 2204 1401 San

248 1418 517 1482 PolicarpO,
553 1433 754 1466 vescovo
793 1416 839 1465 di
877 1416 1079 1475 Smirne,
1120 1415 1237 1464 colla
1277 1415 1508 1465 circolare
1545 1418 1618 1466 del
1649 1434 1736 1467 suo
1773 1419 2008 1468 martirio.
2081 1419 2202 1469 Tra—

247 1486 448 1535 duzione
494 1485 568 1534 dal
605 1501 747 1549 greco
785 1485 832 1533 di
869 1485 923 1533 D.
963 1485 1066 1533 Gio.
1103 1484 1302 1533 Battista
1351 1485 1642 1535 Gallicciolli.
1715 1487 1767 1535 In
1815 1488 2013 1536 Venezia
2055 1488 2201 1539 1798.

247 1582 316 1590 —-
351 1555 418 1604 Le
456 1560 577 1603 sette
624 1555 789 1603 lettere
835 1553 1038 1616 genuine
1087 1553 1146 1601 de
1182 1553 1228 1601 S.
1276 1552 1466 1616 Ignazio
1516 1571 1541 1602 e
1578 1555 1730 1619 quella
1779 1555 1826 1604 di
1863 1556 1911 1604 S.
1946 1556 2199 1621 Policarpo

247 1623 340 1687 agli
376 1622 554 1672 Efesini
593 1621 702 1686 (leg.
738 1622 781 1670 ai
810 1621 1078 1686 Filippesii)
1103 1621 1178 1671 coi
1207 1621 1312 1669 loro
1350 1622 1549 1687 martirj,
1587 1641 1613 1672 e
1649 1629 1773 1672 testo
1811 1639 1954 1688 greco
1979 1640 2003 1672 a
2042 1625 2201 1674 fronte

247 1691 555 1755 volgarizzate
591 1707 616 1740 e
663 1690 911 1739 corredate
944 1690 991 1738 di
1036 1696 1149 1739 note
1199 1689 1397 1738 critiche
1433 1708 1458 1739 e
1507 1692 1778 1756 tilologiche
1814 1709 1840 1740 e
1877 1692 1924 1741 di
1958 1708 2048 1742 una
2098 1693 2200 1742 dis-

249 1759 514 1810 sertazione
550 1759 808 1823 proemiale
845 1758 1086 1808 dall’abate
1121 1759 1175 1807 A.
1212 1759 1264 1807 L.
1308 1758 1538 1809 Graziani.
1608 1761 1759 1810 Roma
1801 1761 1947 1812 1833.

1012 1960 1424 1968 m...—

731 2175 923 2228 ACTA
975 2173 1345 2226 MARTYRII
1395 2175 1708 2228 IGNATII.

387 2316 438 2381 1)
475 2317 605 2376 Quae
640 2316 805 2380 Ignatii
842 2317 958 2365 Acta
994 2315 1204 2380 Martyrii
1241 2316 1471 2366 hactenus
1506 2316 1829 2377 innotuerunt,
1866 2318 1982 2368 haec
2019 2324 2154 2370 sunt:

452 2386 500 2449 a)
551 2386 666 2433 Acta
702 2384 760 2434 ab
797 2384 1063 2434 Usserio
1102 2401 1127 2433 e
1166 2385 1342 2434 Codice
1382 2385 1569 2435 Caiensi
1607 2401 1647 2435 a.
1684 2387 1816 2437 1647
1852 2386 1996 2436 latine
2019 2387 2162 2437 edita.

451 2454 503 2517 Β)
555 2453 658 2502 Alia
691 2453 834 2502 latina
873 2454 1025 2502 versio
1063 2470 1118 2502 ex
1152 2454 1487 2517 antiquissimo
1526 2455 1838 2504 Cottonianae
1872 2454 2195 2505 Bibliothecae

561 2521 737 2570 Codice
773 2522 867 2570 illis
905 2522 1074 2580 addita,
1109 2538 1163 2571 ea
1201 2522 1392 2587 quidem
1428 2537 1657 2587 perquam
1695 2523 2032 2588 interpolata¹).

454 2590 502 2657 c)
557 2591 673 2639 Acta
709 2597 913 2650 auctore,
947 2597 998 2638 ut
1032 2590 1229 2649 videtur,
1254 2591 1490 2655 Symeone
1513 2591 1831 2655 Metaphraste
1853 2592 1911 2641 ad
1950 2592 2076 2642 diem
2115 2595 2194 2644 20.

557 2658 847 2718 Decembris,
886 2659 1010 2723 apud
1061 2659 1445 2708 Cotelerium
1495 2658 1554 2723 (a.
1595 2659 1748 2724 1672)
1785 2677 1833 2725 p.
1870 2660 1986 2710 991.

468 2727 521 2791 d)
564 2727 681 2775 Acta
698 2733 891 2775 auctore
916 2727 1121 2792 quodam
1145 2727 1372 2776 Armenio
1393 2728 1451 2776 ab
1479 2728 1634 2777 Auch
1652 2729 1784 2778 erio
1807 2729 2019 2794 evulgata
2041 2728 2195 2794 (Vitae

563 2796 848 2844 Sanctorum
873 2796 926 2844 T.
957 2795 999 2843 ΙΙ
1034 2810 1136 2859 pag.
1153 2797 1215 2845 72
1253 2794 1391 2864 sqq.),
1430 2802 1477 2844 et
1510 2812 1536 2844 a
1572 2797 1985 2847 Petermanno
2021 2798 2194 2848 iterum

557 2878 727 2913 excusa
762 2862 832 2927 (S.
867 2864 1036 2927 Ignatii
1066 2864 1222 2912 Patris
1256 2864 1523 2928 Apostolici
1559 2881 1678 2930 quae
1712 2867 1931 2915 feruntur
1953 2866 2197 2931 Epistulae

560 2948 655 2981 una
701 2947 810 2981 cum
863 2932 1076 2981 eiusdem
1122 2932 1366 2996 martyrio,
1453 2934 1651 2983 Collatis
1698 2934 1803 2983 edd.
1849 2935 2032 2998 graecis
2084 2950 2194 2985 ver-

558 2999 868 3064 sionibusque
905 3000 1107 3065 syriaca,
1143 3000 1434 3061 armeniaca,
1471 3002 1630 3051 latinis
1668 3008 1781 3063 etc.,
1816 3003 2007 3068 Lipsiae
2046 3003 2195 3054 1849.

559 3085 606 3134 p.
642 3069 742 3118 496
781 3067 921 3134 sqq.).
990 3068 1256 3116 Aucherius
1291 3068 1492 3118 nimium
1529 3077 1757 3135 quantum
1795 3086 1849 3120 ea
1885 3071 1951 3120 ita
1985 3071 2192 3121 extollit:

559 3138 763 3198 „Nostra
797 3136 1015 3186 recensio
1046 3136 1148 3185 iure
1184 3135 1451 3201 meritoque
1487 3139 1796 3203 cognoscitur
1829 3145 2054 3203 tanquam
2085 3141 2194 3189 fons

564 3212 611 3255 et
628 3206 867 3270 exemplar
903 3204 1135 3265 omnium,
1174 3219 1292 3269 quae
1327 3205 1572 3271 hucusque
1608 3207 1657 3255 in
1694 3207 2018 3271 cognitionem
2047 3223 2192 3258 vene-

558 3280 672 3324 runt
706 3273 1071 3323 recensionum“
1109 3271 1428 3336 (Petermann‚
1465 3274 1494 3322 l.
1529 3290 1568 3324 c.
1605 3291 1650 3339 p.
1687 3274 1827 3340 498).

453 3343 501 3407 e)
552 3341 831 3393 Armeniaca
875 3341 1032 3391 versio
1073 3348 1122 3390 et
1168 3340 1314 3389 latina
1365 3341 1441 3389 illa
1477 3343 1608 3401 „Vita
1643 3344 1689 3392 S.
1725 3343 1919 3408 Ignatii,
1966 3360 2022 3393 ex
2057 3351 2191 3395 vetu-

555 3410 782 3461 stissimis
805 3411 919 3460 Mss.
943 3409 1130 3459 latinis“
1164 3409 1215 3458 in
1244 3409 1533 3459 Bollandi
1569 3417 1616 3460 et
1650 3411 2025 3462 Henschenii
2061 3414 2193 3463 Actis

335 3572 376 3624 1)
405 3574 579 3624 Utraque
610 3572 650 3612 in
682 3572 870 3613 Cotelerii
900 3571 974 3611 PP.
1002 3571 1102 3622 App.
1133 3569 1195 3610 ed.
1226 3570 1430 3611 Clericana
1466 3571 1584 3612 1724.
1633 3572 1676 3612 Τ.
1707 3574 1755 3614 ll.
1797 3585 1837 3625 p.
1872 3574 1948 3616 175
1971 3582 2066 3628 sqq.
2109 3575 2191 3617 Csr.

236 3628 454 3669 *lacobsom
484 3629 557 3669 PP.
606 3630 706 3680 App.
736 3629 830 3670 edti.
847 3629 894 3670 11.
927 3627 972 3667 T.
1002 3627 1049 3667 11.
1079 3638 1119 3678 p.
1150 3626 1244 3667 523.
