2340 3900
504 187 727 239 HERMAE
762 187 992 234 PASTOR.
1062 187 1221 234 LIBER
1255 189 1328 235 ΙΙΙ.

197 190 298 243 558
1397 188 1620 237 smair.
1658 189 1728 236 lx.
1764 185 1835 248 (A)

334 325 575 384 (A)XXV1.
648 324 723 380 ,De
771 335 892 367 nono
929 315 1093 367 autem¹
1139 331 1290 370 monte
1328 326 1510 372 deserto
1558 340 1609 372 ac
1659 331 1897 386 serpentes
1946 325 2140 372 habente

198 394 455 444 huiusmodi
493 399 626 448 sunt,
663 391 740 451 qui
789 390 1106 447 crediderunt,
1155 385 1259 438 sed²
1307 399 1352 439 et
1386 394 1580 441 maculas
1627 393 1866 440 habehant.
1935 392 1991 439 Hi
2037 400 2142 439 sunt

195 462 401 518 ministri,
439 462 552 507 male
591 459 893 506 ministerium
930 464 1142 518 agentes,
1181 461 1444 522 diripientes
1478 463 1712 509 viduarum
1747 462 1866 508 hona
1916 467 1962 507 et
1995 461 2139 522 pupil³

194 533 362 586 lorum,
402 530 515 586 sihi,
562 542 653 574 non
700 527 798 573 aliis
837 540 889 572 ex
924 527 1017 582 his,
1058 540 1175 587 quae
1226 536 1520 590 acceperunt,
1567 522 1907 576 ministrantes.³
1975 526 2045 586 Hi,
2083 522 2143 575 si*

195 598 528 661 permanserint
565 598 610 643 in
645 596 801 642 eadem
833 595 1113 654 cupiditate,
1138 599 1273 644 morti
1311 612 1361 644 se
1399 599 1692 655 tradiderunt,
1729 612 1816 644 nec
1851 597 1941 644 ulla
1976 598 2064 644 erit
2095 598 2141 643 in

195 669 260 714 eis
298 680 404 727 spes
441 667 582 722 vitae3
620 663 781 725 quodsi
820 664 1027 709 conversi
1062 663 1244 722 fuerint,
1281 673 1325 712 et
1361 673 1482 712 caste
1511 667 1920 714 consummaverint
1942 667 2141 712 ministe-

192 737 309 782 rium
347 748 502 790 suum,
550 738 764 794 poterunt
811 732 971 777 vivere.
1042 731 1125 788 Qui
1175 748 1280 780 vero
1329 735 1534 781 scabrosi
1582 736 1750 795 reperti
1784 740 1918 791 sunt,
1953 735 1982 780 ii
2020 741 2143 791 sunt,

195 805 272 864 qui
303 817 470 849 nomen
506 802 683 848 Domini
721 800 1068 860 abnegaverunt,
1103 814 1190 848 nec
1225 804 1280 848 ad
1318 802 1554 849 Dominum
1590 816 1750 848 rursus
1775 803 2023 858 redierunt,
2061 803 2144 848 sed

195 878 398 932 agrestes
435 875 676 917 evaserunt
712 875 846 928 atque
884 869 1078 926 deserti,
1115 883 1204 916 non
1242 871 1516 932 applicantes
1554 883 1603 915 se
1642 871 1697 916 ad
1732 870 1811 915 Dei
1848 883 2022 931 servm,
2058 870 2141 916 sed

143 939 154 947 “
193 940 387 1017 separati
435 939 491 985 ab
531 939 596 985 eis
642 951 726 998 pro
775 930 932 997 prava⁵
985 937 1288 985 sollicitudine
1336 940 1470 984 vitam
1515 952 1638 983 suam
1687 938 1947 984 amiserunt.
2010 907 2146 983 Sicut

192 1009 311 1055 enim
359 1007 462 1053 vitis
508 1006 657 1066 aliqua
693 1005 908 1052 derelicta
943 1006 989 1052 in
1027 1020 1152 1067 sepe,
1189 1008 1264 1053 cui
1300 1007 1423 1052 nulla
1460 1005 1633 1051 cultura
1670 1006 1915 1065 contingit,
1952 1005 2143 1065 disperit

193 1071 266 1123 ac⁶
305 1076 554 1122 suffocatur
579 1074 634 1120 ab
671 1073 840 1130 herbiS,
877 1080 924 1120 et
957 1076 1149 1135 agrestis
1183 1082 1390 1134 tempore
1427 1073 1624 1119 efficitur
1658 1069 1844 1128 (desinit
1879 1074 1998 1120 enim
2021 1073 2143 1119 utilis

195 1159 299 1192 esse
347 1145 530 1190 domino
585 1140 714 1200 suo),
753 1143 819 1188 sic
857 1149 902 1188 et
937 1143 1195 1190 huiusmodi
1235 1143 1441 1188 homines
1490 1142 1545 1187 de
1583 1155 1632 1187 se
1670 1141 1782 1201 ipsis
1832 1141 2143 1203 desperantes,

178 1211 461 1268 exacerbati,
498 1212 686 1258 Domino
724 1223 807 1256 suo
843 1210 1023 1256 inutiles
1057 1226 1160 1258 esse
1196 1215 1459 1271 coeperunt.
1530 1209 1610 1255 His
1647 1223 1758 1270 ergo
1795 1209 1972 1256 demum
1995 1204 2144 1257 datur⁷

193 1281 499 1360 poenitentia,
550 1281 588 1326 si
632 1292 724 1325 non
779 1293 833 1325 ex
878 1280 1160 1338 praecordiis
1209 1279 1375 1325 inventi
1425 1278 1590 1324 suerint
1648 1278 1926 1338 denegasse3
1979 1279 2144 1338 quodsi

196 1351 297 1411 quis
336 1363 389 1396 ex
433 1348 715 1410 praecordiis
762 1347 969 1394 inventus
1016 1348 1154 1394 suerit
1190 1349 1469 1424 denegasse,
1505 1360 1560 1391 an
1595 1347 1728 1392 vitam
1765 1347 1948 1408 assequi
1982 1347 2144 1408 possit,

194 1420 372 1479 ignoro.
443 1418 643 1476 Ideoque
682 1415 800 1471 dicO,
837 1421 888 1461 ut
911 1416 955 1461 in
977 1416 1047 1461 his
1081 1417 1256 1472 diebus,
1295 1416 1333 1460 si
1369 1416 1471 1474 quis
1496 1409 1710 1474 negavit,8
1747 1414 1801 1460 ad
1823 1416 2144 1492 poenitentiam

197 1492 468 1541 revertatur3
505 1498 606 1529 nam
645 1482 743 1528 fieri
779 1496 870 1528 non
906 1490 1070 1543 potest,
1107 1491 1156 1530 ut
1194 1497 1313 1529 nune
1349 1483 1585 1528 Dominum
1624 1496 1753 1528 suum
1791 1484 1894 1542 quis
1918 1485 2146 1544 abnegans

197 1561 358 1615 postea
393 1553 575 1612 assequi
611 1551 757 1611 possit
793 1545 1028 1607 salutem?
1066 1553 1146 1599 sed
1184 1552 1269 1598 illis
1306 1557 1539 1610 reputatur
1586 1551 1822 1612 proposita
1856 1552 2146 1612 poenitentia,

200 1623 278 1683 qui
311 1622 415 1668 olim
451 1621 796 1681 abnegaverunt.
866 1619 1132 1666 Accelerare
1167 1620 1309 1675 enim,
1347 1620 1422 1679 qui
1470 1625 1654 1664 acturus
1702 1625 1774 1664 est
1807 1620 2145 1682 poenitentiam,

198 1689 348 1745 debet,
385 1695 621 1748 antequam
658 1692 901 1747 peragatur
947 1687 1197 1735 aedificatio
1236 1687 1374 1733 turris
1411 1687 1568 1744 huius;
1617 1687 1687 1732 sin
1724 1686 1888 1744 minuS‚
1927 1702 1952 1733 a
1989 1655 2145 1734 mulie·

196 1758 321 1804 ribus
359 1757 448 1803 illis
485 1755 689 1801 trahetur
726 1755 780 1799 ad
816 1761 1024 1802 mortem.
1097 1756 1180 1811 Qui
1215 1769 1324 1801 vero
1363 1755 1493 1811 curti,
1531 1753 1682 1800 dolosi
1718 1761 1835 1812 sunt,
1874 1761 1919 1801 et
1950 1756 2063 1802 alius
2099 1755 2146 1801 in

194 1826 329 1872 alium
376 1823 771 1870 comminiscentes
787 1816 838 1876 ,¹⁰
888 1822 934 1866 hi
985 1829 1092 1868 sunt
1140 1829 1376 1883 serpentes
1426 1823 1473 1867 in
1509 1836 1562 1868 eo
1609 1827 1762 1867 monte
1811 1822 1950 1868 mixti.
2021 1822 2149 1868 Sicut

195 1895 315 1940 enim
349 1890 633 1938 mortiferum
670 1897 741 1934 est
776 1888 1035 1935 hominibus
1074 1896 1336 1951 serpentum
1371 1903 1606 1944 venenum,
1645 1889 1706 1934 ita
1743 1895 1789 1935 et
1821 1890 1960 1936 verba
1994 1890 2147 1936 talium

195 1954 436 2008 inficiunt¹¹
471 1958 678 2005 homines
715 1962 849 2017 atque
887 1958 1096 2018 perdunt.
1168 1958 1292 2004 Curti
1331 1963 1438 2004 sunt
1472 1957 1609 2018 igitur
1645 1971 1671 2002 a
1704 1954 1792 2002 fide
1830 1972 1924 2014 sua,
1961 1961 2152 2019 propter

196 2031 288 2076 hoc
326 2043 469 2090 genus
516 2026 631 2072 vitae
669 2039 800 2081 suae,
838 2026 884 2071 in
921 2019 1052 2086 quo¹²
1089 2033 1337 2073 morantur.
1407 2025 1556 2085 Aliqui
1601 2039 1710 2071 vero
1759 2039 1917 2072 eorum
1965 2030 2150 2087 accepta

196 2097 473 2160 poenitentia
526 2094 723 2140 assecuti
782 2099 887 2140 sunt
934 2095 1147 2151 salutem3
1202 2095 1284 2141 scd
1332 2101 1376 2141 et
1423 2095 1590 2140 caeteri
1635 2094 1898 2140 huiusmodi
1942 2094 2149 2141 homines

198 2180 340 2227 aeque
378 2169 701 2224 assequentur,
739 2163 778 2207 si
815 2163 990 2222 egerint
1026 2164 1374 2224 poenitentiam3
1423 2156 1727 2218 sin¹³1ninUS,
1759 2162 2013 2209 morientur
2048 2177 2148 2209 cum

197 2234 467 2281 mulieribus
506 2231 609 2288 illis,
649 2245 838 2291 quarum
873 2231 960 2276 vim
998 2233 1238 2293 possident
1273 2246 1325 2277 ac
1362 2227 1663 2292 potestatem.‘

336 2317 402 2378 (A)
439 2319 604 2366 XXVll.
674 2318 751 2374 ,De
789 2318 963 2366 decimo
997 2334 1104 2366 vero
1140 2326 1317 2376 monte,
1355 2320 1399 2365 in
1432 2333 1522 2379 quo
1560 2319 1748 2367 arbores
1786 2325 1915 2365 erant
1949 2325 2152 2380 tegentes

202 2403 386 2451 pecora,
424 2389 604 2448 quidam
641 2387 752 2432 tales
790 2395 907 2444 sunt,
945 2389 1021 2448 qui
1060 2389 1367 2441 crediderunt,
1405 2395 1451 2434 et
1487 2387 1667 2447 quidem
1714 2381 1954 2448 episcopi,¹
1987 2389 2033 2434 id
2069 2395 2152 2445 est,

200 2457 435 2543 praesides
474 2455 783 2501 ecclesiaium.
854 2457 942 2501 Alii
976 2471 1107 2512 vero,
1142 2458 1189 2502 hi
1224 2456 1423 2516 lapideS,
1478 2457 1554 2515 qui
1591 2470 1682 2502 non
1731 2456 1838 2503 ficto
1885 2456 1966 2502 sed
2014 2456 2151 2503 alacri

200 2517 371 2572 animo²
422 2537 603 2583 semper
648 2523 694 2567 in
745 2522 904 2568 domos
953 2537 1058 2569 suas
1109 2538 1265 2570 servos
1315 2524 1392 2569 Dei
1442 2531 1736 2583 receperunt,
1775 2531 1820 2570 et
1857 2525 2034 2580 deinde,
2073 2526 2150 2584 qui

198 2593 433 2679 praesides
469 2597 574 2636 sunt
620 2590 993 2646 ministeriorum,
1044 2593 1121 2650 qui
1158 2598 1202 2637 et
1247 2592 1407 2650 inopes
1457 2598 1502 2636 et
1545 2592 1700 2636 viduas
1746 2597 2061 2651 protexerunt,
2107 2598 2151 2637 et

200 2653 390 2707 castam³
427 2664 649 2719 perpetuo
690 2659 1080 2704 conversationem
1108 2658 1378 2704 habuerunt.
1447 2658 1565 2716 Ergo
1602 2659 1649 2703 hi
1678 2659 1886 2704 homines
1911 2673 1936 2704 a
1960 2659 2148 2706 Domino

197 2733 510 2790 proteguntur.
581 2726 702 2771 Haec
751 2726 1010 2786 quicunque
1058 2726 1255 2787 egerint,
1257 2719 1276 2744 ⁴¹
1326 2725 1537 2771 honorati
1583 2733 1686 2771 sunt
1731 2726 1849 2786 apud
1897 2726 2148 2784 Dominum,

199 2803 245 2844 et
279 2797 395 2842 inter
430 2795 614 2841 nuntios
651 2794 780 2840 locus
816 2808 974 2841 eorum
1011 2801 1093 2851 est,
1132 2795 1171 2840 si
1207 2793 1597 2854 perseveraverint
1615 2807 1761 2854 usque
1797 2795 1840 2841 in
1867 2808 2150 2842 consumma·

198 2867 366 2912 tionem
404 2876 568 2924 parere
603 2859 824 2908 Domino.‘

287 3008 538 3061 Cap.xxv1.
602 3006 640 3059 1)
670 3019 757 3046 vero
789 3008 872 3047 Vat.

285 3065 332 3115 2)
365 3066 430 3117 qui
464 3065 546 3103 Vat.

1206 3009 1441 3059 applicantes
1474 3020 1514 3046 se
1546 3008 1597 3046 acl
1625 3009 1687 3047 dei
1718 3020 1847 3047 servos
1879 3008 1946 3047 sed
1977 3009 2151 3059 separati

1206 3064 1252 3102 ab
1283 3064 1342 3101 cis
1374 3075 1446 3113 pro
1475 3075 1597 3113 prava
1627 3063 1888 3102 sollicitudine
1904 3065 2021 3102 vitam
2039 3076 2151 3102 suam

288 3120 332 3171 3)
365 3120 604 3170 diiipucntes
637 3115 734 3169 (sic)
763 3118 964 3157 viduarum
989 3118 1088 3156 bona
1112 3122 1147 3155 et

200 3175 440 3228 pupillorum
457 3177 497 3214 in
521 3186 560 3213 se
579 3173 683 3211 alios
715 3184 765 3211 ex
797 3184 839 3211 eo
862 3173 903 3210 in
927 3173 1144 3211 ministerio

205 3233 304 3283 quod
333 3234 562 3294 acceperunt
593 3229 814 3266 ministrare
848 3227 932 3266 Vat.

289 3285 337 3335 4)
367 3287 456 3335 sip.
479 3284 543 3332 Hi,
576 3285 616 3322 si
646 3282 796 3334 absque
814 3281 999 3333 praeced.
1023 3280 1146 3321 inter—

204 3340 419 3390 punctione
448 3339 532 3377 Vat.

290 3395 333 3445 5)
366 3395 432 3435 Sic
468 3392 558 3443 lego
610 3405 643 3431 c.
672 3393 755 3431 vat.
796 3398 835 3431 et
873 3391 968 3430 Fab.
1011 3393 1068 3431 St.
1107 3403 1146 3442 p.

202 3461 322 3499 parva
345 3450 431 3489 Cot.
472 3449 514 3487 ln
531 3448 614 3487 Vat.
644 3447 836 3498 periodus
865 3446 905 3485 in
934 3446 1039 3486 hunc
1059 3459 1146 3486 mo-

209 3502 300 3542 dum
343 3504 523 3543 confecta
565 3508 686 3542 extat:
736 3502 806 3546 Qui
843 3514 930 3541 vero
974 3503 1147 3542 scabrosi

206 3560 346 3607 reperti
383 3560 528 3608 suerint
566 3570 634 3596 nec
681 3558 730 3596 ad
775 3558 969 3596 dominum
1012 3568 1147 3596 rursus

205 3612 404 3651 redierunt
435 3613 502 3651 secl
533 3616 737 3652 evaserunt
759 3617 874 3663 alque
903 3610 1048 3651 deserti
1078 3622 1146 3649 nec

1206 3119 1458 3157 admiserunt.
1507 3117 1586 3156 cfr.
1615 3129 1736 3168 supra
1768 3131 1801 3157 c.
1826 3118 1874 3158 19
1893 3123 1933 3157 et
1950 3117 2044 3158 Sim.
2061 3117 2148 3167 8‚6.

1290 3172 1333 3222 6)
1366 3185 1408 3212 ac
1440 3172 1524 3211 Pal.
1554 3173 1639 3212 Vat.
1672 3172 1766 3212 Fah.
1801 3173 1879 3221 St.,
1926 3178 1962 3212 et
1993 3172 2078 3211 Cot.
2110 3178 2149 3212 et

1207 3227 1274 3266 alii
1303 3227 1432 3277 vulg„
1472 3239 1563 3266 mox
1601 3227 1642 3266 in
1670 3228 1754 3267 Vat.
1787 3229 1920 3279 utique
1961 3239 2001 3278 p.
2031 3229 2144 3275 enim,

1206 3288 1286 3322 tum
1316 3284 1360 3322 de
1391 3283 1524 3333 seipso
1558 3283 1839 3333 despondentes
1872 3294 1912 3333 p.
1931 3283 1977 3322 de
2001 3283 2146 3335 seipsis

1204 3338 1465 3388 desperantes.

1289 3392 1336 3442 7)
1366 3392 1423 3430 Ita
1452 3392 1534 3431 Pal.
1565 3398 1604 3431 et
1631 3391 1863 3444 Mss.Angl.,
1894 3393 2150 3432 demandatur

1205 3459 1245 3497 p.
1289 3447 1439 3484 demum
1479 3448 1594 3486 datur
1635 3446 1718 3484 Vat.
1761 3446 1855 3485 Fab.
1889 3446 1946 3486 St.
1988 3453 2027 3486 et
2055 3446 2146 3486 Cot«

1207 3500 1297 3540 dein
1327 3501 1504 3540 inventus
1534 3502 1654 3550 fuerit
1673 3512 1713 3550 p.
1729 3501 1872 3540 inventi
1901 3503 2048 3551 suerint
2065 3502 2146 3540 Vat.

1207 3555 1378 3594 Sensus:
1423 3554 1712 3604 degenerarunt
1750 3555 1930 3607 quidem3
1975 3562 2146 3596 attamen

1204 3608 1471 3660 poenitentiae
1509 3609 1752 3659 indulgentia
1798 3609 1847 3649 iis
1885 3611 2062 3661 dabitur,
2111 3610 2145 3649 si
