2340 3900
344 694 563 767 TOY
611 693 923 787 ArloY

288 805 996 880 noAYKAPnoY

206 969 586 1014 ΕΠῙΣΚΟΠΟῩ
612 969 927 1013 ΣΜῩΡΝΗΣ
957 969 1079 1015 ΚΑΙ

384 1037 893 1085 ΙΕΡΟΜΑΡΤῩΡΟΣ

557 1164 725 1207 ΠΡΟΣ

257 1289 1034 1346 ΦΙΛΙΠΠΗΣΙΟΥΣ

358 1373 929 1427 ΕΠΙΣΤΟΛΗ.1

243 1619 569 1688 Πολύκαρπος
616 1621 698 1673 καὶ
745 1621 796 1673 οἷ
837 1619 926 1673 σὺν
983 1619 1115 1691 αὐτῷ
1158 1689 1162 1692 ἢ

308 1688 618 1758 πρεσβύτεροι
653 1696 711 1762 τῇ
758 1691 983 1761 ἐκκλησίᾳ
1029 1695 1116 1751 τοῦ

315 1763 444 1811 Θεοῦ
491 1766 548 1828 τῇ
597 1757 897 1830 παροικούσῃ
948 1762 1116 1810 Φιλίπ-

308 1828 482 1888 πους·”
521 1830 649 1888 ἔλεος
684 1826 820 1893 ὖμῖν3
839 1829 921 1879 καὶ
950 1826 1114 1896 εἰρήνη

306 1894 438 1965 παρὰ
464 1898 591 1948 Θεοῦ
621 1894 1010 1965 παντοκράτορος
1034 1898 1116 1948 καὶ

307 1966 500 2034 κυρίου4
547 1964 707 2031 Ἰησοῦ
762 1970 976 2033 Χριστοῦ
1029 1972 1116 2018 τοῦ

307 2040 522 2103 σωτῆρος
558 2033 699 2102 ἡμῶν
733 2037 1060 2102 πληθυνθείη.

1196 791 1516 867 SANCTI
1567 792 2096 867 POLYCARPI

1199 970 1657 1012 SMYRNAEORUM
1688 972 1982 1014 EPISCOPI
2013 974 2086 1015 ΕΤ

1389 1039 1897 1083 HIEROMARTYRIS

1615 1191 1678 1232 AD

1172 1347 1697 1395 PHILIPPENSES
1765 1350 2120 1398 EPISTOLA.

1507 1517 1779 1525 ——-—-

1242 1635 1519 1697 Polycarpus
1557 1645 1601 1683 et
1639 1639 1714 1698 qui
1761 1652 1862 1684 cum
1900 1651 1954 1684 eo
1992 1651 2119 1699 pres-

1311 1705 1458 1766 byteri
1496 1706 1715 1753 ecclesiae
1751 1707 1842 1764 Dei,
1881 1720 1996 1767 quae
2044 1721 2121 1767 pe-

1310 1775 1567 1833 regrinatur
1628 1775 1873 1836 Philippis:
1946 1775 2121 1839 miseri-

1312 1843 1466 1887 cordia
1524 1843 1650 1888 vobis
1721 1851 1765 1889 et
1826 1858 1910 1904 pax
1957 1859 1981 1890 a
2030 1845 2120 1890 Deo

1313 1911 1620 1970 omnipotente
1661 1917 1705 1956 et
1741 1926 1765 1957 a
1802 1912 1989 1958 Domino
2020 1913 2123 1958 lesu

1312 1978 1489 2023 Christo
1529 1979 1748 2025 salvatore
1801 1986 1962 2026 nostro
2010 1979 2124 2026 mul-

1308 2046 1552 2106 tiplicetur.

169 2159 385 2202 *INCIPIT
416 2162 663 2202 EPlSTOLA
693 2163 841 2203 ΒΕΑΤΙ
871 2162 1149 2203 POLYCARPI
1182 2165 1553 2206 SMYRNAEORUM
1585 2165 1863 2208 ECCLESIAE
1894 2167 2125 2210 EPISCOPI

893 2233 954 2272 AD
987 2233 1388 2275 PHlLIPPENSES.¹

307 2314 606 2380 Polycarpus²
645 2328 687 2366 et
726 2322 801 2380 qui
841 2334 941 2366 cum
978 2334 1032 2366 eo
1071 2328 1176 2367 sunt
1199 2322 1460 2384 Presbyteri
1500 2324 1728 2370 Ecclesiae
1755 2324 1847 2382 Dei,
1890 2340 2003 2387 quae
2053 2333 2124 2373 est

377 2388 623 2449 Philippis:
673 2390 986 2434 misericordia
1023 2390 1150 2435 vobis
1189 2397 1234 2436 et
1270 2406 1353 2451 pax
1398 2406 1422 2437 a
1456 2393 1547 2437 Deo
1587 2395 1896 2454 omnipotente
1942 2401 1986 2440 et
2020 2395 2124 2441 Iesu

377 2456 558 2502 Christo
597 2456 824 2503 Salvatore
867 2464 1025 2503 nostro
1065 2458 1276 2504 abundet.
1947 2473 1957 2480 ·

259 2587 298 2639 1)
329 2589 385 2628 Ea
416 2587 627 2639 inscriptio
663 2587 703 2627 in
735 2588 861 2629 Codd.
892 2588 921 2627 B
941 2587 1117 2629 CFOV.

171 2644 351 2684 versioni
383 2644 660 2684 Cotelerianae
695 2643 929 2683 correctiori
942 2644 1120 2684 'accessit

171 2700 447 2751 interpretatio
480 2699 600 2740 latina
630 2705 741 2739 vetus
774 2699 954 2749 integra,
1001 2712 1118 2750 quam

173 2756 328 2795 duobus
359 2756 633 2795 Bibliothecae
664 2754 785 2794 Vatic.
819 2755 913 2794 Mss.
944 2755 1038 2804 Reg.
1081 2761 1119 2794 et

171 2811 253 2851 Pal.
274 2811 431 2852 adiutus
454 2810 671 2850 emendavi.
701 2810 982 2861 Argumentum
998 2810 1119 2850 totius

170 2867 374 2917 Epistolae
416 2866 532 2907 titulo
571 2866 734 2906 illorum
778 2864 970 2905 Codicum
1013 2865 1119 2906 clare

171 2922 381 2963 indicatur.

252 2979 296 3029 2)
329 2978 602 3023 Φιλίππους
615 2977 860 3017 Iacobsonus
880 2976 1051 3017 restituit
1070 2989 1115 3017 ex

169 3035 212 3082 V,
244 3034 352 3085 quod
381 3033 542 3084 reperio
572 3034 689 3073 etiam
709 3033 749 3072 in
772 3032 828 3083 03
863 3032 1116 3088 φιλίπποις

170 3090 198 3128 Β
216 3089 327 3129 CLP
361 3095 399 3129 et
429 3089 520 3128 libri
550 3095 640 3128 ante
671 3088 883 3128 Routhium
916 3088 1111 3139 impressi.

170 3145 267 3184 Tum
300 3157 401 3196 opus
432 3151 516 3184 erat
546 3143 596 3186 ἐν
623 3143 938 3195 praepositione.
998 3145 1113 3183 Utra-

171 3213 247 3251 que
287 3200 444 3240 dicendi
483 3200 586 3240 ratio
640 3199 813 3239 occurrit
848 3199 888 3238 in
931 3199 1114 3251 Inscript.

167 3256 240 3305 Ep.
284 3255 428 3296 Circul.
467 3255 764 3307 Smyrnensium
810 3255 858 3294 de
901 3255 1113 3307 Polycarpi

170 3312 371 3362 Martyrio.
431 3311 598 3362 Saepius
642 3317 771 3351 autem
816 3310 882 3362 qui
914 3311 1115 3362 exemplar

169 3367 398 3406 Vaticanum
432 3367 623 3417 exaravit,
659 3381 675 3406 ι
706 3367 782 3406 levi
816 3371 942 3406 tractu
974 3366 1111 3406 addito

170 3422 350 3462 confudit
368 3433 514 3462 cumv:
544 3422 586 3461 id
615 3422 725 3477 quod
756 3435 800 3462 ex
820 3422 902 3461 eius
923 3435 1003 3462 var.
1019 3422 1110 3462 lect.

170 3477 218 3514 ad
262 3478 462 3527 Epistolas
493 3477 697 3517 Barnabae
734 3484 772 3518 et
811 3478 1108 3528 Ignatiijnter-

170 3531 252 3580 pol.
285 3545 305 3570 a
334 3546 396 3572 ine
428 3533 571 3583 allatis,
601 3534 696 3573 satis
728 3546 929 3585 superque
959 3532 1107 3573 intelli-

171 3598 251 3636 geS.
283 3588 410 3635 Quare
443 3589 480 3628 in
511 3589 706 3630 similibus
737 3589 952 3631 auctoritas
989 3587 1105 3627 unius

1177 2589 1337 2630 Codicis
1368 2591 1398 2630 V
1425 2590 1592 2643 reliquis
1639 2605 1718 2632 non
1764 2604 1924 2644 semper
1951 2599 2120 2646 antepo-

1178 2646 1308 2685 nenda
1339 2652 1411 2686 est.
1441 2647 1561 2687 Recte
1589 2647 1852 2688 Gallicciolli:
1883 2649 1957 2689 che
1985 2650 2121 2702 soggi-

1179 2713 1276 2740 orna
1312 2701 1352 2740 in
1386 2702 1556 2753 Filippi,
1595 2706 1904 2755 pereyrinantem
1938 2704 2120 2747 innuens.

1179 2755 1258 2797 Cfr.
1273 2757 1453 2808 inscript.
1475 2757 1688 2798 Clementis
1710 2759 1821 2799 Rom.
1840 2759 1856 2799 1
1869 2760 1943 2811 Ep.
1964 2760 2015 2801 ad
2029 2760 2121 2802 Cor.

1260 2825 1304 2878 3)
1334 2822 1448 2882 ἡμῖν
1478 2825 1519 2867 C.

1268 2893 1312 2947 4)
1338 2896 1497 2952 κυρίου
1527 2908 1602 2936 om.
1634 2896 1788 2937 FOPV
1820 2903 1896 2940 vet.
1923 2898 1996 2939 lnt.

1266 3017 1306 3068 1)
1339 3019 1395 3058 Ita
1427 3019 1519 3059 dedi
1551 3034 1595 3073 ex
1626 3022 1741 3073 Reg.,
1781 3022 1850 3062 ubi
1889 3021 2122 3074 inscriptio:

1178 3073 1320 3125 Incipit
1351 3076 1526 3126 Epistola
1568 3079 1669 3117 beati
1698 3078 1895 3130 Policarpi
1927 3078 2123 3119 Smirneo-

1171 3142 1257 3169 rum
1285 3132 1444 3171 ecclesie
1475 3134 1651 3184 episcopi
1675 3135 1726 3173 ad
1746 3134 2009 3185 Philippenses
2029 3148 2124 3176 con-

1170 3186 1361 3235 firmantis
1399 3188 1511 3236 fidem
1548 3201 1690 3228 eornm.
1740 3189 1784 3228 In
1813 3189 1919 3228 Pal.:
1979 3189 2123 3242 Incipit

1174 3242 1342 3291 epistola
1374 3244 1477 3282 beati
1502 3245 1708 3295 polycarpi
1738 3245 1920 3295 martyris
1943 3245 2118 3298 episcopi

1173 3297 1426 3337 smirneorum
1457 3299 1642 3350 discipuli
1671 3300 1855 3339 iohannis
1878 3302 2116 3350 evanyelistc

1167 3352 1219 3390 ad
1245 3353 1513 3403 philippenses
1537 3355 1802 3404 confirmantis
1828 3355 1942 3404 fidem
1972 3367 2116 3398 eorum.

1166 3405 1273 3446 Libr.
1306 3407 1444 3459 impr.:
1475 3409 1514 3448 S.
1545 3409 1745 3461 Polycarpi
1763 3409 1959 3462 Martyris,
1978 3413 2112 3464 Smyr-

1165 3474 1346 3502 naeorum
1377 3463 1577 3515 Episcopi,
1623 3465 1812 3517 discipuli
1852 3467 1890 3506 S.
1927 3467 2109 3509 Iohannis

1163 3517 1444 3568 Evanqehstoe,
1480 3520 1531 3557 ad
1560 3519 1828 3579 Philippenses
1862 3523 2050 3574 Epistola.

1245 3585 1289 3638 2)
1318 3585 1544 3638 Policarpus
1576 3587 1658 3628 Pal.
1690 3589 1784 3640 Reg.
