2346 3944
642 1109 736 1161 DE
774 1109 1067 1162 ALTERA
1101 1108 1247 1162 HAG
1285 1105 1655 1162 EDITIONE.

318 1281 491 1328 Studiis
528 1282 651 1328 eirca
686 1288 865 1342 patrum
902 1281 1270 1342 apostolicorum
1306 1293 1448 1341 opera
1498 1277 1611 1324 nihii
1649 1291 1703 1324 ex
1738 1277 1878 1338 longo
1915 1283 2125 1337 tempore

182 1381 363 1438 gravius
399 1379 567 1425 accidit
602 1391 738 1445 quam
769 1377 892 1439 quod
932 1378 977 1423 in
1017 1379 1175 1424 codice
1214 1377 1457 1423 bibliorum
1497 1375 1715 1421 Sinaitico
1753 1376 1933 1421 inventa
1964 1373 2124 1419 estin-

189 1483 316 1536 tegra
356 1475 590 1522 Barnabae
628 1474 819 1537 epistola
857 1488 960 1522 cum
997 1476 1154 1536 priore
1193 1473 1400 1521 Pastoris
1439 1480 1583 1534 parte.
1658 1471 1738 1517 iiia
1774 1471 1895 1518 enim
1933 1469 2127 1531 epistola

177 1586 271 1633 quo
307 1586 522 1619 sermone
558 1572 616 1618 ab
654 1579 842 1618 auctore
863 1573 1123 1633 conscripta
1150 1579 1220 1618 est
1241 1585 1329 1619 nec
1365 1572 1538 1631 integra
1578 1569 1831 1616 habebatur
1866 1568 2126 1628 hucusque,

178 1683 263 1715 nec
310 1669 477 1731 quibus
513 1668 722 1731 partibus
767 1683 822 1716 ex
868 1669 1107 1716 codicibus
1145 1667 1484 1715 recentioribus
1530 1668 1694 1714 hausta
1740 1673 1810 1713 est
1857 1678 2016 1725 magna
2057 1670 2129 1710 est

182 1765 286 1812 fide.
338 1765 490 1812 Latina
526 1780 636 1813 vero
672 1767 838 1827 prioris
874 1767 1018 1827 partis
1055 1766 1277 1827 longioris
1315 1762 1562 1823 (l—xvn)
1599 1763 1932 1826 interpretatio,
1971 1774 2126 1822 quem·

182 1862 426 1909 admodum
475 1865 521 1909 in
573 1863 737 1909 codice
794 1865 966 1910 saeculi
1015 1863 1109 1910 sere
1144 1864 1289 1909 octavi
1329 1864 1438 1910 olim
1491 1862 1759 1909 Corbeiensi
1809 1873 1930 1906 nunc
1968 1857 2124 1904 Petro·

183 1960 384 2020 poiitano
422 1973 574 2021 eoque
611 1959 712 2006 solo
750 1960 926 2007 inventa
965 1966 1049 2014 est,
1085 1956 1135 2005 u't
1170 1960 1343 2021 passim
1381 1967 1586 2021 praestat
1614 1958 1801 2005 Graecis
1822 1955 2028 2017 vulgatiS‚
2064 1955 2124 2001 ita

183 2069 320 2115 saepe
358 2054 757 2116 corruptissimum
795 2062 962 2101 textum
994 2055 1198 2116 praebet,
1235 2056 1291 2101 iis
1327 2057 1519 2102 maxime
1542 2054 1764 2116 capitibus
1803 2067 1921 2115 quae
1951 2052 2125 2099 Graece

182 2149 332 2196 adbuc
369 2149 758 2197 desiderabantur.
816 2150 911 2197 Nec
949 2151 1045 2199 fere
1083 2153 1258 2199 minore
1299 2153 1537 2214 iniquitate
1574 2152 1788 2199 utebatur
1816 2151 1980 2196 Pastor
2016 2149 2126 2196 Her-

187 2258 287 2292 mae
326 2247 404 2307 qui
441 2246 631 2303 dicitur,
681 2246 849 2294 Latinis
897 2248 1137 2295 codicibus
1195 2263 1356 2308 magna
1395 2250 1649 2310 scripturae
1687 2248 1906 2294 varietate
1946 2246 2127 2307 conspi-

181 2342 282 2388 cuis
327 2348 373 2388 et
409 2341 584 2389 Graeco
622 2342 839 2390 foliorum
878 2343 1181 2405 Lipsiensium
1231 2352 1354 2392 textu
1403 2359 1562 2406 parum
1601 2343 1809 2406 probato.
1881 2343 1993 2390 Hinc
2028 2357 2126 2404 gra-

185 2438 366 2485 vissima
404 2439 578 2485 codicia
597 2438 801 2487 Sinaitici
841 2440 1044 2487 subsidia
1083 2442 1138 2488 ad
1174 2442 1458 2503 supplendos
1488 2448 1627 2503 atque
1654 2440 1967 2488 emendandos
1986 2440 2127 2486 libros

193 2534 278 2580 bos
315 2535 428 2596 ipsis
463 2537 731 2598 apostolicis
766 2539 996 2600 proximos
1036 2553 1124 2585 non
1164 2539 1439 2586 reservanda
1486 2538 1756 2586 videbantur
1801 2552 1944 2585 novae
1991 2537 2127 2599 piane

183 2637 361 2692 patrum
397 2633 755 2694 apostolicorum
801 2635 1019 2694 editioni,
1069 2651 1204 2698 quam
1252 2643 1357 2698 post
1406 2650 1550 2683 annos
1588 2636 1762 2698 aliquot
1810 2637 1918 2683 dare
1957 2637 2044 2697 ipsi
2083 2637 2126 2681 in

187 2728 339 2775 animo
376 2727 629 2789 babemus,
667 2732 750 2779 sed
789 2734 938 2780 statim
977 2733 1234 2780 adhibenda
1272 2734 1326 2780 ad
1364 2733 1617 2795 augendam
1656 2734 1998 2794 ornandamque
2037 2734 2126 2779 edi·

187 2825 356 2872 tionem
418 2825 766 2876 Dresaeiianam.
849 2828 980 2887 Quod
1032 2831 1090 2877 ita
1139 2831 1307 2878 factum
1360 2838 1431 2878 est
1474 2837 1524 2878 ut
1567 2831 1696 2892 prior
1747 2845 1852 2893 pars
1905 2831 2126 2900 epistolae

189 2919 419 2969 Barnabae
455 2922 589 2985 piene
623 2926 963 2974 exscriberetur
989 2941 1043 2975 ex
1070 2935 1263 2989 utraque
1286 2934 1440 2975 nostra
1479 2928 1649 2975 codicis
1671 2926 1873 2974 Sinaitici
1914 2927 2127 2985 editione,

187 3025 424 3077 praeterea
459 3034 568 3068 vero
607 3023 826 3085 quicquid
874 3025 917 3071 in
956 3025 1117 3073 eadem
1164 3025 1321 3073 differt
1357 3040 1379 3070 a
1421 3026 1649 3086 scriptura
1697 3026 1870 3072 Graeca
1921 3025 2127 3072 eiusdem

194 3114 414 3174 epistolae
451 3123 497 3163 et
531 3118 700 3179 prioris
736 3122 878 3182 partis
915 3121 1019 3168 iibri
1058 3121 1273 3177 Hermae,
1313 3123 1695 3182 quemadmodum
1736 3124 1777 3169 in
1816 3136 1956 3184 opere
1997 3121 2130 3168 Dres-

185 3210 358 3258 aeiiano
397 3212 516 3260 edita
555 3223 640 3270 est,
678 3225 890 3266 accurate
927 3226 1266 3266 recenseretur.
1325 3218 1450 3275 Quae
1488 3220 1624 3281 igitur
1661 3219 1932 3281 exemplaria
1970 3219 2128 3267 editio-

187 3308 257 3353 nis
296 3307 610 3359 Dreaaeiianae
643 3315 749 3361 anni
786 3314 934 3363 1857.
974 3316 1017 3361 in
1056 3315 1288 3377 pubiicum
1325 3317 1527 3363 nondum
1567 3318 1787 3377 exierant,
1823 3316 1909 3364 iilis
1946 3317 2128 3379 supple-

195 3404 366 3451 mentia⁴
411 3413 545 3454 aucta
590 3417 719 3469 aunt,
763 3419 1105 3475 proptereaque
1160 3426 1280 3459 nunc
1324 3414 1514 3461 atterius
1560 3414 1773 3462 editionis
1821 3413 1950 3461 titulo
2001 3428 2130 3462 exor-

189 3506 292 3546 nata
342 3501 595 3563 prodeunt,
651 3508 825 3555 minuto
881 3511 1070 3572 insuper
1106 3509 1282 3571 pretio,
1329 3523 1421 3570 quo
1470 3511 1611 3571 magis
1652 3512 1939 3559 academicae
1981 3512 2130 3559 iuven-
