2340 3900
494 178 706 226 mum!
745 176 1017 226 EplsToLA
1052 178 1123 223 An
1160 176 1525 225 TRALmAuoS.
1573 175 1606 222 1.
1640 174 1695 222 ΙΙ.
1731 173 1806 221 ΙΙΙ.
2033 171 2128 222 155

163 318 497 366 multitudinem
526 322 725 364 vestram
758 316 805 362 in
839 329 898 362 eo
934 315 1266 376 contemplatus
1302 317 1402 363 sim.
1449 314 1688 378 Excipiens
1725 314 1847 362 enim
1865 327 1951 375 per
1974 312 2125 374 ipsum

164 395 374 444 vestram,
410 399 530 448 quae
553 384 806 442 secundum
831 384 972 431 Deum
989 391 1074 440 est,
1109 384 1484 443 benevolentiam,
1505 399 1587 433 vos
1617 386 1760 447 ipsos,
1796 397 1914 446 quos
1937 383 2130 443 cognovi

168 458 421 505 imitatores
454 454 552 511 Dei,
587 454 816 501 invenisse
853 452 1055 500 videbar.

163 589 214 627 ιιι
251 583 505 629 universam
538 579 873 628 multitudinem
907 584 1104 626 vestram
1141 578 1188 624 in
1225 592 1282 625 eo
1332 579 1664 641 contemplatus
1714 580 1814 626 sim.
1883 577 2128 641 Accipiens

165 665 278 711 ergo
325 651 620 713 probansque
672 650 807 697 istam
842 648 1094 696 secundum
1142 647 1222 694 Dei
1256 647 1643 706 benevolentiam,
1693 650 1814 697 visus
1867 663 1967 696 sum
2019 647 2129 695 mihi

164 734 248 782 per
283 722 433 782 ipsum
467 718 832 782 deprehendisse
867 731 950 765 vos
984 718 1236 764 imitatores
1273 731 1377 764 esse
1410 718 1502 765 Dei.

441 857 499 905 n.
555 858 714 906 Estote
746 858 941 906 subiecti
975 858 1199 918 episcopo,
1228 858 1509 918 presbyteris
1546 864 1588 904 et
1624 859 1850 905 diaconis.

300 957 409 1004 Cum
445 956 567 1004 enim
614 956 834 1018 episcopo
869 955 1066 1003 subiecti
1113 955 1214 1002 sitis
1261 960 1312 1000 ut
1347 953 1451 1001 Iesu
1491 955 1696 1012 Christo,
1743 955 1956 1002 videmini
2002 955 2131 1012 mihi,

163 1040 255 1072 non
307 1026 558 1075 secundum
604 1025 859 1083 hominem,
917 1025 1002 1073 sed
1046 1025 1299 1072 secundum
1350 1024 1497 1071 lesum
1546 1024 1774 1071 Christum
1833 1026 2003 1082 vivere,
2054 1025 2132 1086 qui

162 1103 355 1158 propter
387 1110 474 1143 nos
492 1101 699 1142 mortuus
721 1101 806 1152 est,
842 1101 894 1142 ut
922 1095 1167 1142 credentes
1205 1095 1250 1140 in
1288 1100 1481 1141 mortem
1506 1093 1650 1155 ipsius
1671 1100 1862 1142 mortem
1890 1094 2132 1156 effugiatis.

160 1164 479 1213 Necessarium
526 1166 680 1228 itaque
732 1171 817 1221 est,
857 1165 1237 1226 quemadmodum
1275 1163 1450 1221 facitis,
1499 1170 1550 1210 ut
1598 1164 1695 1210 sine
1745 1165 1967 1225 episcopo
2019 1164 2131 1210 nihil

160 1235 327 1295 agatis,
375 1235 458 1283 sed
490 1241 538 1283 et
571 1234 860 1298 presbyterio
908 1233 1077 1282 subditi
1114 1234 1242 1291 sitis,
1291 1240 1342 1281 ut
1375 1232 1608 1295 Apostolis
1647 1233 1751 1280 lesu
1787 1234 1981 1290 Christi,
2029 1234 2127 1295 spei

160 1310 361 1361 nostrae,
397 1305 443 1352 in
479 1318 571 1368 quo
606 1310 934 1352 conversantes
971 1304 1263 1351 inveniamur.
1323 1304 1515 1365 Oportet
1536 1309 1685 1350 autem
1712 1309 1758 1351 et
1784 1304 2017 1360 diaconOS‚
2055 1304 2132 1364 qui

160 1380 269 1419 sunt
302 1374 500 1422 ministri
533 1374 741 1439 mysterii
776 1373 881 1422 lesu
917 1373 1111 1430 Christi,
1163 1373 1287 1420 omni
1322 1373 1459 1421 modo
1508 1373 1718 1421 omnibus
1765 1373 1962 1436 placere.
2032 1373 2130 1419 Non

159 1443 281 1489 enim
339 1444 547 1492 ciborum
600 1450 649 1493 et
694 1450 883 1507 potuum
931 1443 1129 1490 ministri
1185 1450 1315 1501 sunt,
1378 1444 1458 1491 sed
1510 1443 1733 1491 ecclesiae
1781 1443 1860 1490 Dei
1921 1442 2130 1489 ministri.

161 1513 354 1574 Oportet
388 1514 539 1575 igitur,
576 1521 627 1563 ιιι
659 1514 748 1562 sibi
784 1520 974 1562 caveant
1008 1528 1034 1561 a
1070 1513 1335 1561 criminibus
1372 1520 1586 1576 tanquam
1623 1513 1679 1560 ab
1717 1513 1836 1575 igne.

296 1632 393 1686 ‘IL
464 1639 653 1697 Quando
690 1638 811 1688 enim
835 1638 1065 1703 Episcopo
1105 1638 1301 1686 subiecti
1339 1640 1450 1686 estis
1487 1645 1538 1686 ut
1562 1639 1666 1686 lesu
1695 1640 1895 1698 Christo,
1920 1640 2132 1688 videmini

159 1707 272 1756 milii
317 1723 410 1757 non
455 1710 707 1757 secundum
750 1709 982 1757 hominem
1029 1710 1205 1766 vivere,
1259 1709 1344 1756 sed
1394 1710 1644 1757 secundum
1697 1710 1847 1757 lesum
1888 1709 2130 1767 Christum,

159 1779 236 1840 qui
274 1786 465 1842 propter
497 1794 584 1826 nos
621 1786 828 1828 mortuus
862 1786 958 1837 est,
995 1786 1046 1826 ιιι
1082 1779 1325 1827 credentes
1362 1779 1407 1826 in
1445 1786 1634 1827 mortem
1675 1780 1800 1837 eiuS‚
1838 1787 2031 1827 mortem
2069 1781 2131 1828 el*-

159 1848 355 1910 l'ugiatis.
423 1849 621 1898 Necesse
658 1850 811 1913 itaque
846 1856 943 1907 est,
981 1849 1363 1912 quemadmodum
1399 1849 1577 1907 facim,
1614 1850 1729 1897 nihil
1769 1865 1847 1898 vos
1894 1852 1992 1898 sine
2031 1851 2131 1913 Epi·

161 1932 303 1979 scopo
341 1932 492 1980 agere.
556 1918 648 1967 Sed
685 1926 733 1968 et
765 1919 1061 1982 Presbyterio
1099 1919 1293 1966 subiecti
1330 1925 1490 1973 e'stote,
1528 1926 1578 1966 ut
1612 1920 1846 1981 Apostolis
1884 1922 1986 1967 Iesu
2009 1921 2133 1968 Chri·

161 1989 237 2043 sti,
275 1988 354 2049 qui
390 2001 500 2051 spes
533 1995 693 2037 nostra
728 1996 814 2045 est,
852 1991 899 2037 in
936 2004 1029 2051 quo
1066 1990 1267 2036 viventes
1307 1989 1602 2036 inveniamur.
1667 1990 1857 2051 Oportet
1895 1997 1940 2036 et
1975 1991 2131 2037 Diaco-

161 2072 269 2114 nos,
306 2058 626 2119 mysteriorum
663 2059 833 2106 Christi
869 2059 1132 2116 ministros,
1171 2059 1295 2105 omni
1331 2059 1468 2105 modo
1506 2060 1684 2106 cunctis
1722 2059 1924 2120 placere:
1980 2074 2131 2121 neque

159 2129 281 2174 enim
329 2127 538 2176 ciborum
585 2135 641 2195 a.
677 2134 867 2191 potuum
914 2128 1109 2176 ministri
1159 2135 1288 2185 sunt,
1327 2128 1408 2175 sed
1445 2127 1675 2176 Ecclesiae
1713 2129 1792 2176 Dei
1829 2129 2132 2177 subserviunt.

160 2197 301 2245 Becet
331 2212 445 2261 ergo
482 2212 565 2246 eos
600 2198 691 2246 sibi
725 2212 887 2246 cavere
924 2213 950 2245 a
986 2198 1255 2246 criminibus
1293 2204 1507 2259 tanquam
1543 2197 1599 2245 ab
1637 2199 1756 2261 igne.

454 2323 531 2371 111.
600 2323 841 2372 Honor-ale
876 2324 1114 2377 diaconos,
1155 2324 1418 2385 episcopum
1451 2329 1493 2370 et
1521 2325 1830 2387 presbyteros.

293 2407 701 2470 Cuncti‘similiter
734 2427 1032 2469 revereantur
1069 2420 1289 2468 diaconos
1325 2426 1375 2468 ut
1408 2421 1669 2469 mandatum
1706 2421 1810 2469 Iesu
1849 2422 2042 2479 Christi,
2081 2428 2128 2470 et

162 2494 433 2556 episcopum
466 2498 518 2539 ιιι
551 2490 702 2539 lesum
738 2491 996 2547 Christum,
1033 2489 1176 2538 filium
1210 2491 1383 2554 patriS,
1418 2498 1463 2538 et
1499 2491 1799 2554 presbyteros
1838 2499 1886 2539 ut
1923 2499 2130 2540 senatum

156 2563 235 2611 Dei
271 2569 319 2610 et
351 2560 596 2610 concilium
631 2560 973 2624 Apostolorum.
1044 2561 1152 2609 Sine
1200 2562 1272 2608 his
1320 2561 1513 2609 ecclesia
1548 2575 1643 2609 non
1678 2568 1882 2611 vocatur.
1956 2563 2018 2610 De
2060 2563 2130 2609 his

155 2646 239 2680 vos
275 2633 337 2680 ita
370 2631 545 2680 sentire
578 2644 850 2694 persuasum
871 2631 1038 2681 habeo.
1098 2630 1340 2694 Exemplar
1363 2632 1483 2679 enim
1511 2631 1744 2679 charitatis
1769 2638 1947 2680 vestrae
1973 2634 2130 2695 accepi

155 2709 204 2751 et
236 2716 416 2769 mecum
450 2699 599 2749 habeo
636 2702 684 2749 in
718 2702 939 2765 episcopo
973 2708 1155 2760 vestro;
1192 2702 1322 2750 cuius
1351 2702 1450 2764 ipse
1477 2700 1658 2749 habitus
1687 2716 1847 2765 magna
1885 2702 2127 2765 disciplina

292 2822 316 2848 ⁶
338 2826 411 2875 111.
477 2826 697 2876 Similiter
730 2843 915 2892 quoque
951 2843 1111 2878 omnes
1149 2834 1444 2878 revereantur
1467 2829 1690 2876 Diaconos
1728 2835 1778 2877 ut
1813 2827 1964 2876 lesum
2001 2829 2125 2877 Chri-

159 2905 302 2955 stum,
338 2896 460 2944 sicut
493 2903 543 2946 et
573 2897 854 2962 Episcopum
888 2899 969 2962 qui
1004 2899 1152 2948 Patris
1190 2907 1347 2963 typum
1384 2899 1516 2961 gerit,
1553 2898 1856 2961 Presbyteros
1893 2905 2042 2947 autem
2079 2904 2127 2946 ut

160 2980 433 3015 consessum
467 2965 547 3015 nei
580 2973 631 3016 et
679 2966 920 3031 collegium
958 2970 1293 3032 Apostolorum.
1367 2968 1472 3016 Sine
1514 2969 1584 3016 his
1622 2983 1715 3016 non
1751 2974 1939 3015 vocatur
1975 2968 2126 3016 Eccle-

161 3038 244 3087 sia.
313 3035 377 3084 De
424 3034 591 3098 quihus
638 3042 686 3084 et
728 3049 814 3085 vos
858 3038 921 3085 ita
954 3040 1151 3098 sentire,
1189 3053 1462 3102 persuasum
1502 3038 1664 3086 habeo.
1735 3037 1972 3099 Exemplar
2006 3038 2126 3085 enini

163 3106 366 3154 caritatis
400 3112 580 3154 vestrae
625 3106 784 3169 accepi
821 3113 869 3154 et
902 3120 1079 3155 mecum
1117 3108 1264 3157 habeo
1299 3110 1346 3157 in
1381 3109 1612 3171 Episcopo
1648 3114 1829 3164 vestro,
1862 3107 1992 3154 cuius
2030 3108 2129 3169 ipsa

241 3269 340 3323 esp.
382 3269 446 3310 ΙΙΙ.
515 3266 556 3319 Ι)
601 3266 657 3307 lla
703 3267 897 3309 smithius
934 3269 1109 3310 restitnit
1249 3267 1295 3321 3)
1324 3267 1443 3326 μεθ’
1488 3267 1656 3313 ἑαυτοῦ
1696 3270 1803 3318 CL,
1860 3268 1969 3322 quod
2014 3268 2127 3311 Voss.

157 3339 203 3368 ex
233 3326 306 3369 lnt.
344 3332 422 3367 vet.
482 3325 525 3366 ln
556 3322 650 3365 lu.
680 3323 710 3364 C
737 3324 767 3366 Ι,
798 3322 908 3373 τοὺς
946 3323 1112 3367 διακὸ-
1169 3325 1287 3368 tacite
1316 3326 1480 3368 mutavit
1521 3327 1559 3367 in
1603 3324 1713 3383 μετ’
1750 3323 1954 3382 ἐμαυτοῦ
1996 3338 2030 3366 c.
2061 3325 2126 3367 ln-

160 3396 293 3432 mvc,
343 3378 410 3430 ὥς
455 3380 621 3435 ὶησοῦν
647 3378 864 3438 χριστὸν.
923 3379 988 3430 ὥς
1034 3383 1113 3424 καὶ
1169 3382 1429 3435 terpolntore.
1491 3383 1617 3424 Notus
1664 3389 1725 3423 est
1755 3381 1998 3434 graecismus
2042 3381 2125 3431 ille,

159 3438 243 3482 τὸν
262 3437 527 3481 ἐπίσκοπον
544 3430 663 3480 ὄντα
683 3434 787 3481 υἱόν
816 3440 899 3481 τοῦ
919 3437 1113 3494 πατρὸς.
1170 3453 1250 3492 quo
1262 3436 1431 3481 ἑαυτοῦ
1458 3438 1496 3479 ἰη
1519 3439 1702 3479 omnibus
1731 3438 1890 3479 casibus
1909 3437 2126 3491 permutari

158 3497 240 3537 Clr.
270 3495 373 3537 inlr·
406 3509 444 3537 c.
479 3494 542 3537 1³.
601 3493 676 3547 Ep.
707 3494 756 3534 sd
791 3494 948 3548 Smyr-n.
979 3510 1013 3536 c.
1045 3499 1082 3537 ⁸5.
1171 3501 1304 3548 potest
1335 3506 1424 3535 cum
1457 3492 1663 3550 ἐμαυτοῦ
1693 3502 1731 3536 et
1763 3494 1974 3537 σεαυτοῦ.
2040 3494 2124 3538 Vid.

1172 3553 1382 3593 Buttmann
1401 3551 1533 3592 Grani.
1565 3551 1627 3592 ed.
1660 3551 1895 3593 undecimae
1917 3563 2006 3606 pag.
2026 3551 2123 3595 ³61.

243 3609 289 3661 2)
330 3601 510 3651 abac
546 3618 603 3651 or
639 3607 917 3661 reponendum
961 3609 1113 3650 monuit
1172 3610 1262 3649 Not.
1307 3608 1347 3648 5.
1403 3607 1538 3649 lumin.
1585 3607 1774 3649 Franzius
1819 3615 1951 3650 tamen
1993 3608 2122 3651 Codd.

158 3667 287 3716 Voss„
319 3658 467 3708 σύνδε
497 3676 590 3723 μσς
615 3661 706 3705 CL.
1171 3665 1395 3717 scripturae
1412 3676 1492 3704 non
1524 3663 1807 3708 confidendum
1829 3677 1918 3707 esse
1943 3665 2122 3720 putabat.
