2340 3900
222 170 301 210 x11
978 142 1406 193 PRoLEcouENA.

224 295 338 360 IX),
386 292 467 359 qui
515 307 541 340 e
587 283 879 339 monasterio
933 277 1214 330 Corbeiensi
1258 280 1568 343 provenerat,
1628 274 1802 339 Hugo
1847 272 2184 332 Menai-dus,

226 358 623 428 Congregationis
659 356 707 405 S.
743 351 894 403 Mauri
932 347 1211 407 monachuS,
1245 351 1359 412 post
1392 345 1663 411 Epistolam
1699 341 1980 393 Tertulliani
2016 342 2076 390 de
2113 341 2186 390 ci-

225 434 300 484 bis
347 429 568 488 iudaicis,
614 422 856 475 Barnabae
900 417 1100 468 nomine
1142 415 1396 480 insignitae
1443 413 1688 479 Epistolae
1722 409 2040 476 deprehendit
2074 408 2185 458 lati-

227 518 339 552 nam
386 498 658 549 versionem
710 496 934 540 veterem.
1005 487 1097 536 Iac.
1133 484 1420 535 Sirmondus
1457 482 1687 533 Menardo
1725 481 1944 544 evulgare
1981 493 2086 527 eam
2121 476 2185 528 oh

226 571 509 621 innumeros
544 577 719 614 naevos
754 556 1008 608 haesitanti
1041 569 1263 620 graecum
1295 552 1468 603 obtulit
1500 550 1842 617 apographum,
1879 548 2006 597 inter
2042 547 2185 598 sche-

227 640 312 689 das
345 634 567 688 Turriani
602 635 868 695 repertum,
923 641 1018 691 quo
1069 623 1257 674 adiutus
1293 627 1474 672 textum
1511 619 1828 670 constitueret
1864 615 2186 666 emendatum.

229 709 362 758 Mors
393 700 647 770 praevenit,
683 705 730 748 et
765 712 856 762 pro
891 695 1001 760 ipso
1037 693 1150 743 fecit
1184 692 1380 742 Lucas
1415 687 1773 746 DacheriuS,
1811 684 2030 735 eiusdem
2065 700 2186 734 con-

227 772 517 842 gregationis
537 810 548 831 ,
586 768 666 833 qui
703 764 918 816 Menardi
953 762 1215 813 editionem
1250 777 1291 810 a.
1331 760 1462 810 1645
1496 755 1695 807 Parisiis
1732 755 1784 803 in
1819 754 1976 803 lucem
2011 753 2186 814 emisit,

227 859 396 909 graeco
440 837 660 888 Turriani
705 833 984 901 apographo
1032 836 1191 881 vetere
1237 828 1458 879 versione
1496 823 1802 883 Corbeiensi,
1850 828 1899 872 et
1933 821 2046 873 inde
2081 838 2108 872 a
2144 839 2186 873 c.

234 913 307 971 18,
344 910 423 959 ubi
456 907 535 956 illa
572 904 763 965 desinit,
797 902 950 968 ipsius
985 898 1200 950 Menardi
1235 898 1432 947 adiecta.

362 979 483 1027 Post
515 973 827 1025 Sirmondum
870 971 922 1020 in
956 969 1108 1019 tribus
1146 968 1284 1017 Mss.:
1331 963 1656 1014 Bibliothecae
1692 960 1968 1022 Vaticanae,
2016 959 2186 1010 Cardi-

224 1046 346 1097 nalis
390 1045 653 1096 Columnae
699 1047 746 1092 et
791 1039 1010 1090 Andreae
1062 1036 1249 1086 Schotti
1297 1034 1463 1084 eadem
1499 1031 1717 1096 Epistola
1751 1046 1924 1095 graeco
1961 1045 2187 1080 sermone

225 1115 499 1180 conscripta
533 1109 869 1178 quaerentibus
908 1123 1014 1158 sese
1052 1105 1237 1164 obtulit,
1274 1103 1382 1153 heic
1418 1116 1622 1167 quoque,
1658 1106 1711 1150 ut
1742 1099 1793 1149 in
1818 1098 2043 1150 Turriani
2065 1115 2186 1165 apo-

223 1185 441 1250 grapho,
479 1197 588 1231 cum
640 1178 857 1244 Epistola
904 1174 1154 1241 Polycarpi
1187 1173 1246 1222 ad
1281 1171 1642 1235 Philippenses,
1681 1184 1801 1236 quae
1836 1168 2014 1234 praeit,
2065 1183 2186 1218 con-

223 1254 406 1311 iuncta,
453 1256 501 1299 et
543 1247 781 1314 acephala.
867 1243 1133 1296 Schottiani
1183 1241 1375 1291 Codicis
1423 1238 1580 1303 graeci
1630 1245 1679 1288 et
1726 1237 1964 1289 versionis
2006 1237 2185 1288 veteris

224 1319 554 1385 apographum
590 1333 617 1367 a
654 1316 850 1367 Claudio
889 1312 1120 1364 Salmasio
1158 1310 1342 1375 accepit
1373 1309 1564 1358 Isaacus
1599 1307 1814 1369 Vossius,
1850 1306 1910 1358 ab
1945 1307 2042 1357 hoc
2075 1305 2187 1357 la‘c.

223 1387 535 1438 Usserius.
606 1387 654 1435 Is
707 1385 848 1435 simul
897 1398 1004 1432 cum
1053 1379 1283 1445 Epistolis
1332 1377 1506 1443 Ignatii
1555 1377 1605 1426 id
1641 1376 1971 1427 excudendum
2006 1376 2191 1427 curavit

225 1455 397 1508 Oxonii
434 1472 475 1505 a.
518 1455 663 1506 1643.
735 1453 907 1504 Omnia
951 1458 1110 1500 tamen
1146 1448 1287 1498 huius
1323 1447 1552 1497 editionis
1587 1445 1876 1512 exemplaria
1910 1460 2022 1496 cum
2060 1446 2187 1499 haud

224 1525 389 1590 exigua
433 1530 568 1590 parte
615 1522 768 1588 ipsius
823 1520 985 1586 oppidi
1032 1517 1211 1582 ingenti
1259 1515 1636 1581 conflagratione
1682 1515 1948 1581 perierunt.
2019 1515 2185 1582 Itaque

225 1610 333 1644 cum
369 1593 584 1643 Menardi
628 1592 773 1642 editio
812 1607 868 1640 ex
903 1605 999 1639 uno
1040 1593 1222 1636 tantum
1259 1586 1438 1637 Codice
1470 1584 1716 1650 prodisset
1750 1600 1921 1651 parum
1957 1591 2188 1646 correcta,

224 1662 493 1728 Epistolam
550 1661 793 1710 Barnabae
840 1660 875 1708 Ι.
923 1656 1190 1707 Vossius
1243 1655 1624 1707 emendatiorem
1681 1653 1861 1720 publici
1908 1653 2028 1704 iuris
2076 1655 2190 1706 fecit

222 1730 569 1781 Amstelodami
610 1746 649 1779 a.
690 1729 841 1787 1646,
891 1725 1197 1786 Florentino,
1234 1725 1460 1775 Vaticano
1497 1729 1545 1773 et
1579 1724 1799 1774 Romano
1836 1722 2187 1775 Theatinorum

225 1800 401 1850 Codice
444 1816 585 1858 usus,
633 1798 716 1847 sed
764 1797 923 1846 minus
972 1802 1214 1855 accurate,
1261 1810 1323 1844 ne
1360 1794 1516 1844 dicam
1554 1792 1730 1854 obiter,
1781 1798 1834 1842 ut
1867 1792 1972 1858 ipse
2007 1793 2188 1858 pluries

225 1874 525 1934 compertum
572 1867 746 1932 habui..
797 1867 896 1916 Hac
942 1864 1098 1930 prima
1146 1863 1301 1914 Vossii
1338 1862 1550 1913 editione
1588 1862 1639 1912 in
1675 1861 2039 1912 commentariis
2072 1878 2188 1913 usus

224 1955 346 1988 sum.
417 1938 600 1987 Recusa
651 1942 725 1986 est
770 1934 978 1985 Londini
1015 1949 1056 1982 a.
1098 1934 1245 1984 1680.
1313 1933 1432 1983 Post
1466 1931 1691 1982 Vossium
1725 1947 1816 1997 pro
1853 1937 1984 1981 textu
2019 1947 2186 1982 emen-

224 2007 380 2056 dando
433 2011 715 2056 meruerunt
761 2003 1002 2070 imprimis
1050 2003 1087 2052 F
1102 2002 1264 2052 ellus
1323 2001 1521 2067 (Oxonii
1574 1999 1755 2064 1685),
1815 2000 2187 2052 Cotelerius

223 2074 468 2138 (Luteciae
515 2073 815 2124 Parisiorum
867 2070 1048 2135 1672),
1101 2071 1387 2121 Clericus
1437 2069 1747 2135 (Antverpiae
1786 2069 1918 2121 1698
1954 2075 2003 2120 et
2041 2070 2187 2132 1700,

220 2143 589 2194 Amstelaedami
650 2141 837 2205 1724),
896 2141 1232 2192 Russelius
1287 2139 1520 2204 (Londini
1572 2136 1752 2203 1746),
1819 2138 2187 2191 Gallandius

223 2210 363 2275 (Bibl.
419 2214 538 2262 Vett.
579 2212 707 2261 Patr.
765 2212 902 2260 Tom.
949 2210 984 2258 Ι.
1032 2209 1243 2258 Venetiis
1295 2207 1465 2272 1765).
1535 2209 1609 2258 Ad
1655 2208 1847 2258 illorum
1897 2207 2006 2258 edd.
2042 2209 2186 2260 fidem

223 2280 508 2329 Hefelius
568 2286 615 2328 et
663 2279 1098 2342 Reithmayrus
1151 2293 1261 2327 suas
1311 2277 1686 2336 concinnarunt,
1734 2275 1991 2327 Codicibus
2043 2293 2188 2330 manu

224 2347 418 2412 scriptis
475 2353 674 2411 uterque
718 2346 991 2396 destitutus
1076 2346 1146 2395 Ex
1193 2345 1451 2396 Hefelianis
1486 2347 1578 2396 ΡΡ.
1625 2346 1746 2411 App.
1794 2344 1999 2396 maxime
2046 2346 2186 2397 adhi-

222 2416 413 2466 buimus
458 2416 720 2466 editionem
770 2415 985 2474 tertiam,
1034 2414 1216 2478 passim
1263 2419 1495 2479 quartam.
1564 2415 1741 2465 Nostra
1789 2413 1918 2464 enim
1963 2414 2058 2465 iam
2097 2415 2187 2466 sub

222 2485 358 2550 prelo
397 2490 520 2544 erat,
558 2483 839 2549 priusquam
872 2483 949 2532 illa
985 2483 1080 2532 huc
1116 2489 1245 2532 esset
1281 2482 1430 2531 allata.

362 2555 418 2604 In
463 2553 593 2603 notis
639 2552 820 2602 nostris
868 2551 1219 2601 nominabitur:
1267 2551 1458 2600 Lettera
1504 2550 1779 2602 Universale
1826 2551 1874 2601 di
1924 2552 2018 2603 San
2064 2554 2185 2604 Bar-

223 2622 345 2672 naba
392 2622 642 2688 Apostolo.
717 2620 1016 2670 Traduzione
1063 2620 1138 2669 dal
1189 2620 1344 2670 Greco
1392 2620 1440 2669 di
1488 2620 1595 2670 Don
1633 2619 1737 2671 Gio.
1771 2621 1974 2673 Battista
2011 2622 2186 2674 Gallic-

225 2691 367 2741 ciolli.
438 2692 494 2741 In
527 2690 729 2741 Venezia
770 2690 916 2740 1797.

1164 2926 1244 2985 ΙΙ.

1022 3050 1388 3100 CLEMENS.

368 3178 410 3225 1.
456 3177 565 3225 Non
599 3176 870 3240 ambigitur,
905 3191 931 3223 a
972 3190 1064 3238 quo
1102 3173 1267 3238 prima,
1306 3188 1424 3237 quae
1462 3172 1722 3223 Clementis
1758 3173 2183 3235 nominecircum-

225 3246 374 3294 fertur
409 3244 651 3308 Epistola,
702 3260 792 3294 nec
827 3243 886 3292 ad
923 3259 1045 3308 quos
1080 3242 1223 3291 fuerit
1258 3241 1376 3301 data,
1415 3241 1513 3290 sive
1549 3243 1754 3307 expetita
1766 3242 1818 3306 ¹),
1857 3242 1980 3303 sive,
2015 3249 2069 3292 ut
2101 3261 2184 3295 ve-

224 3312 472 3362 risimilius
521 3319 646 3373 est„
673 3319 930 3379 postquam
983 3310 1344 3361 Corinthiorum
1392 3309 1590 3359 dissidia
1623 3311 1958 3371 innotuerant,
2012 3320 2185 3377 sponte

226 3381 519 3430 transmissa.
586 3383 655 3432 Ex
691 3382 830 3432 initio
868 3380 1043 3446 quippe
1079 3378 1360 3444 colligimuS,
1395 3378 1640 3430 Romanos
1675 3380 1734 3429 ad
1771 3374 2064 3442 CorinthioS,
2103 3382 2183 3448 qui

310 3541 431 3582 Clem.
476 3542 516 3594 1)
548 3544 646 3582 Tum
677 3544 815 3584 saltem
847 3541 1058 3591 legendum
1089 3539 1198 3598 περὶ
1241 3541 1336 3583 τῶν
1377 3537 1695 3599 ἐξῃτουμένων
1725 3553 1765 3593 p.
1801 3539 1911 3598 περὶ
1946 3542 2043 3584 τῶν
2077 3537 2185 3583 ἔπι-

228 3597 517 3653 ζητουμένων
547 3597 599 3651 (c.
635 3598 689 3651 1).
2046 3630 2050 3633 -
