2340 3900
722 609 1562 688 PROLEGOMENA.

1115 819 1165 883 Ι.

937 959 1347 1014 BARNABAs

290 1113 744 1180 Quomodocunque
797 1113 1126 1165 definiendum
1174 1115 1268 1166 erit
1315 1116 1375 1166 de
1426 1122 1622 1168 auctore
1671 1116 1866 1182 scripti,
1921 1118 1995 1168 cui
2046 1134 2128 1168 ve-

153 1190 230 1233 tus
267 1182 498 1249 quaedam
534 1182 731 1233 traditio
766 1182 1012 1233 Barnabae
1046 1198 1228 1234 nomen
1262 1184 1515 1251 praefixit,
1552 1191 1684 1235 certe
1719 1185 1768 1234 id
1805 1185 1963 1250 ipsum
2002 1187 2130 1236 haud

151 1251 285 1319 parvi
330 1251 565 1303 momenti
614 1251 818 1303 hahetur
853 1251 982 1302 inter
1017 1252 1308 1305 christianae
1343 1253 1646 1320 antiquitatis
1681 1253 1908 1320 reliquias
1949 1254 2012 1303 ob
2049 1271 2128 1304 ra-

152 1321 336 1371 tionem
372 1337 517 1388 quam
550 1327 685 1372 tenet
721 1336 887 1371 sacrae
922 1321 1190 1387 scripturae
1225 1323 1279 1373 V.
1314 1323 1369 1373 T.
1408 1322 1756 1382 diiudicandae,
1794 1329 1843 1372 et
1877 1323 2040 1372 locum
2078 1323 2128 1372 in

151 1389 422 1441 definienda
473 1390 759 1441 oeconomia
803 1389 973 1440 salutis
1018 1391 1063 1440 ei
1119 1391 1413 1457 assignandi.
1504 1391 1638 1442 Pauli
1685 1391 1908 1456 Apostoli
1952 1391 2130 1458 quippe

152 1459 275 1510 viam
311 1466 502 1520 tenenS‚
547 1459 697 1510 modo
731 1459 860 1510 ultro
892 1460 1239 1526 progredienS,
1285 1477 1415 1512 nunc
1449 1467 1796 1526 retrogressuS,
1829 1461 1888 1510 ad
1925 1461 2129 1510 Alexan-

151 1529 407 1579 drinorum
441 1529 751 1595 allegoricum
786 1529 1002 1580 veritatis
1037 1530 1267 1582 Iudaismi
1303 1531 1609 1597 explicandae
1635 1529 1851 1589 modum,
1889 1529 2130 1595 simulque

151 1598 212 1648 ad
260 1598 544 1650 solidiorem
581 1598 967 1649 Gnosticismum
1003 1599 1203 1664 praebet
1239 1600 1512 1661 transitum.
1585 1598 1736 1648 Huius
1774 1598 1875 1648 viae
1913 1598 2128 1648 auctori-

152 1674 226 1718 tas
261 1667 413 1734 pluris
447 1674 589 1728 osset,
625 1667 668 1718 si
703 1667 870 1718 inclito
904 1667 973 1718 illi
995 1668 1128 1718 Pauli
1151 1668 1375 1735 Apostoli
1412 1669 1547 1720 socio
1584 1667 1893 1733 impigreque
1929 1667 2127 1717 coadiu-

149 1737 246 1787 tori
297 1736 655 1788 attribuendum
702 1743 858 1799 esset,
897 1737 979 1803 qui
1014 1737 1170 1788 ubivis
1207 1738 1280 1788 sui
1314 1739 1435 1789 iuris
1471 1736 1753 1803 apparebat,
1798 1742 1931 1786 recta
1966 1742 2128 1786 mente

149 1812 291 1873 atque
339 1806 503 1856 indole
546 1806 810 1857 excellens:
859 1806 908 1857 id
959 1807 1090 1872 quod
1138 1807 1262 1858 infra
1297 1807 1574 1858 videndum.
1645 1806 1745 1856 lam
1781 1821 1893 1856 vero
1933 1806 1992 1856 de
2029 1821 2123 1873 quo

149 1875 201 1926 in
235 1875 342 1942 ipsa
376 1875 592 1942 Epistola
629 1875 806 1943 agitur,
842 1875 893 1926 id
923 1875 1191 1926 accuratius
1224 1883 1599 1942 perscrutemur.

292 1946 338 1995 1.
385 1945 507 1995 Cum
543 1945 657 1995 filiis
691 1943 974 2011 filiabusque
1009 1951 1178 1994 auctor
1212 1946 1382 2012 partiri
1418 1946 1517 1996 vult
1553 1962 1609 1995 ex
1645 1961 1718 2006 e0,
1757 1945 1887 2012 quod
1914 1945 2020 2010 ipse
2044 1961 2126 1995 ac-

150 2014 357 2080 ceperit,
392 2020 446 2063 ut
479 2014 624 2065 tidem
659 2020 802 2080 atque
840 2013 1091 2064 scientiam
1130 2014 1339 2065 habeant
1361 2021 1761 2075 consummatam,
1799 2013 2127 2079 spiritualibus

151 2082 382 2133 nimimm
438 2082 582 2133 donis
642 2081 831 2132 abunde
886 2082 1051 2132 donati
1115 2080 1179 2147 (c.
1228 2082 1295 2147 1).
1378 2084 1433 2133 ld
1486 2099 1539 2132 se
1586 2083 1822 2132 facturum
1869 2099 1977 2132 esse
2024 2099 2125 2133 non

150 2151 371 2202 doctoris
413 2151 698 2203 auctoritate
747 2150 1043 2218 praeditum,
1094 2151 1178 2201 sed
1214 2159 1268 2201 ut
1301 2167 1467 2218 parem
1505 2151 1631 2201 inter
1667 2166 1834 2216 pares,
1886 2157 1939 2200 ut
1975 2167 2124 2204 unum

150 2236 208 2271 ex
243 2220 391 2288 ipsis:
428 2221 579 2271 immo
616 2236 671 2271 se
704 2218 970 2287 περίψημα
1005 2236 1115 2270 esse
1148 2219 1272 2271 bene
1308 2221 1414 2282 scit,
1451 2220 1630 2272 cuimet
1664 2220 1866 2270 fratrum
1903 2220 2125 2270 dilectio-

149 2305 262 2341 nem
310 2290 522 2341 mercedi
569 2290 675 2340 fore
721 2295 884 2356 sperat
930 2287 992 2355 (c.
1027 2289 1075 2340 6.
1117 2287 1183 2354 1).
1268 2290 1445 2344 Rerum
1493 2289 1638 2355 igitur
1687 2288 1933 2339 cardinem
1979 2287 2030 2338 in
2067 2306 2124 2339 eo

149 2358 294 2419 verti,
339 2358 468 2426 quod
516 2374 626 2409 mm
675 2358 772 2409 fide
815 2359 1027 2424 perfecta
1071 2357 1219 2408 etiam
1268 2358 1523 2417 scientiae,
1560 2359 1588 2408 i.
1628 2374 1668 2408 e.
1703 2356 1796 2424 τῆς
1830 2352 2073 2423 γνώσεως
2086 2357 2123 2424 ¹)

147 2434 402 2495 compotes
448 2428 635 2478 flerent.
704 2426 893 2479 Idcirco
942 2426 1307 2493 intelligendum
1357 2443 1490 2488 esse,
1540 2443 1634 2495 quo
1686 2427 1835 2479 modo
1872 2427 2126 2487 veteribus

147 2496 249 2548 Deo
285 2496 349 2547 ita
386 2496 666 2558 ordinante,
710 2511 813 2547 non
861 2495 956 2547 nisi
991 2494 1115 2547 vitae
1152 2513 1264 2563 spes
1301 2496 1555 2564 proposita
1588 2496 1757 2557 fuerit,
1803 2497 1965 2562 ipsum
2002 2497 2125 2549 vitae

147 2565 398 2617 exordium
435 2565 595 2634 primo
627 2564 813 2618 Christi
847 2565 1054 2616 adventu
1090 2564 1142 2616 in
1178 2566 1337 2627 terriS‚
1372 2565 1496 2616 vitae
1533 2566 1890 2632 consummatio
1928 2567 1979 2621 in
2014 2582 2123 2617 cae-

148 2634 210 2686 lis
255 2632 320 2700 (c.
369 2635 440 2701 2).
508 2634 610 2685 lam
661 2651 778 2686 vero
826 2650 1143 2703 progressum
1190 2635 1419 2686 divinitus
1456 2635 1507 2686 in
1544 2634 1921 2686 Christianismo
1961 2636 2125 2686 datum

148 2704 394 2773 ipsiusque
499 2704 784 2758 rrectionem
831 2711 1117 2756 ostensurus
1169 2711 1245 2754 est
1295 2703 1636 2757 insufficientia
1683 2704 1862 2755 veteris
1899 2705 2126 2765 foederiS‚

147 2788 273 2826 novo
332 2773 410 2824 vid
460 2773 554 2826 ’oet
609 2774 855 2843 adimpleti
912 2773 1109 2845 »serique
1165 2774 1359 2824 redditi.
1457 2774 1585 2826 Deus
1644 2789 1758 2827 sane
1819 2789 1907 2840 per
1954 2775 2007 2823 V.
2068 2774 2123 2823 T.

145 2841 414 2910 Prophetas
458 2841 731 2910 adaperuit,
778 2859 832 2895 se
880 2858 982 2894 non
1037 2841 1253 2910 indigere
1312 2843 1562 2895 hircorum
1619 2859 1675 2894 ac
1736 2849 1984 2902 taurorum
2046 2859 2124 2897 sa-

146 2911 368 2973 crificiis,
414 2927 506 2963 nec
553 2911 804 2979 despicere
848 2928 936 2964 cor
983 2912 1263 2963 contritum.
1349 2913 1450 2963 Hac
1494 2912 1704 2963 humana
1748 2911 1990 2962 oblatione
2044 2912 2123 2962 Iu-

146 2982 378 3033 daeorum
420 2980 607 3033 hostias
652 2981 854 3034 indicari
892 2981 1158 3049 abrogatas
1233 2982 1467 3034 ieiunium
1517 2998 1681 3033 verum
1734 2980 2123 3032 misericordiam

148 3066 261 3116 eiga
296 3066 476 3117 egenos
509 3066 635 3103 esse.
705 3050 759 3103 ld
794 3058 1053 3120 postquam
1091 3051 1217 3103 Deus
1254 3051 1460 3103 dilucide
1498 3049 1887 3110 manifestaverit,
1922 3065 2009 3116 per
2046 3049 2122 3099 di-

147 3121 321 3171 lectum
359 3135 499 3172 suum
536 3119 588 3171 in
622 3119 931 3188 simplicitate
968 3121 1150 3173 vocatis
1198 3121 1258 3172 ad
1298 3122 1491 3172 illorum
1528 3120 1707 3187 legem,
1757 3126 1809 3169 ut
1852 3118 2123 3185 proselytiS,

150 3188 274 3243 haud
310 3204 547 3259 quaquam
582 3189 922 3242 accedendum.

286 3258 430 3328 Atqui
482 3257 627 3311 nobis
675 3275 869 3312 morum
911 3260 1096 3339 puritas
1148 3260 1350 3311 omnino
1398 3259 1621 3318 colenda,
1674 3274 1779 3309 curn
1833 3257 1927 3308 iam
1976 3256 2125 3320 instet

151 3328 386 3379 terminus
429 3328 660 3380 adventus
711 3328 796 3380 filii
843 3330 928 3381 Dei
979 3327 1043 3393 (c.
1077 3330 1268 3395 2—4).
1340 3330 1678 3380 Verumtamen
1729 3333 1778 3378 et
1814 3326 2120 3378 consortium

149 3397 383 3463 fugiamus
417 3397 571 3464 legem
607 3398 878 3449 nullatenus
913 3400 973 3450 ad
1010 3416 1103 3451 nos
1139 3399 1384 3466 pertinere
1425 3398 1700 3449 dicentium.

237 3576 280 3631 l)
307 3577 433 3634 clem.
471 3578 579 3621 Alex.
621 3579 771 3624 Sttom.
808 3577 855 3621 ΙΙ.
894 3592 929 3620 c.
970 3578 1011 3623 6.
1052 3591 1094 3632 p.
1130 3578 1228 3619 455.
1259 3576 1323 3618 ed.
1358 3576 1464 3617 l'ott.
1507 3629 1510 3632 ,
