2340 3900
242 136 342 185 470
550 135 773 189 HERMAE
811 134 1041 183 PASTOR.
1111 134 1271 186 LIBER
1307 136 1357 187 ll.
1428 134 1669 185 MANDAT.
1706 133 1756 179 X.
1794 127 1864 188 (A)

240 280 352 335 quot
388 263 559 321 autem²
596 268 718 316 dubii
751 274 869 325 sunt,
908 274 955 314 et
973 269 1163 316 subinde
1187 273 1511 331 poenitentiam
1531 277 1682 331 agunt,
1720 267 1965 316 consulunt
1981 272 2194 328 tanquam

241 340 424 395 ethnici,
463 344 507 384 et
543 351 838 398 permagnum
875 337 962 383 sibi
999 345 1237 398 peccatum
1276 347 1542 401 congerunt,
1581 339 1715 385 idolis
1754 337 2020 387 servientes.
2090 336 2194 392 Qui-

241 421 419 467 cunque
458 420 567 466 ergo
616 406 729 452 tales
781 412 913 461 sunt,
959 405 1240 467 interrogant
1289 423 1371 470 pro
1421 410 1604 468 negotio
1657 406 1887 467 quolibet,
1936 397 2194 455 simulacra³

242 476 411 531 colunt,
451 480 497 521 et
532 474 657 520 stulti
703 480 808 519 sunt
845 480 891 519 et
925 475 1083 520 inanes
1120 490 1144 521 a
1175 477 1378 525 veritate.
1453 478 1606 522 Omnis
1645 468 1785 521 enim⁴
1821 474 2006 534 spiritus
2043 487 2068 518 a
2104 473 2195 518 Deo

241 546 371 590 datus
396 557 486 588 non
504 543 834 602 interrogatur3
875 542 961 589 sed
983 542 1155 590 babens
1176 545 1384 591 virtutem
1407 545 1662 600 divinitatis,
1692 558 1716 590 a
1735 558 1782 589 se
1805 543 1952 590 omnia
1978 541 2196 601 loquitur,

243 613 347 672 quia
395 612 634 658 desursum
681 616 750 656 est
799 624 824 655 a
864 612 1029 657 virtute
1079 613 1213 659 divini
1268 614 1468 674 spiritus.
1552 613 1635 669 Qui
1678 618 1826 658 autem
1877 613 2196 669 interrogatus,

239 680 441 740 loquitur
476 679 726 725 secundum
751 677 1066 738 desiderium‚]
1106 688 1152 727 et
1183 675 1299 729 aliis⁵
1336 682 1488 728 multis
1514 681 1652 727 rebus
1675 681 1808 726 huius
1834 679 1987 725 seculi.
2037 678 2197 726 Huius-

243 741 389 794 modi⁶
427 761 519 793 non
556 747 814 806 intelligunt
852 749 1142 807 quaestiones
1181 750 1451 804 divinitatis3
1503 749 1807 795 obscurantur
1857 748 1976 792 enim
2012 741 2087 791 iis⁷
2124 759 2197 791 ne-

241 817 390 877 gotiis,
424 821 470 862 et
508 822 873 876 corrumpuntur,
911 822 957 861 et
992 818 1354 879 confringuntur.
1405 817 1530 863 Sicut
1565 817 1678 861 vites
1719 815 1879 870 bonae,
1918 828 2031 874 quae
2060 813 2198 874 negli-

241 891 428 971 guntur,
460 883 513 929 ab
549 884 701 929 herbis
740 889 786 930 et
809 884 965 961 spinis
1001 895 1269 946 premuntur
1297 893 1341 932 et
1379 878 1642 939 necantur-3⁸
1679 883 1745 927 sic
1783 889 1828 927 et
1867 882 2087 938 homines,
2121 881 2200 951 qui

241 944 428 998 talibus⁹
466 952 771 1009 crediderunt,
806 953 838 998 ii
874 955 1071 1012 negotiis
1109 963 1154 1001 et
1191 955 1445 1000 actionibus
1481 952 1633 998 multis
1670 951 1957 1007 inciderunt,
2005 957 2050 996 et
2099 965 2201 997 eva-

246 1027 438 1067 cuantur
474 1034 499 1066 a
537 1035 675 1067 sensu
711 1035 810 1078 suo,
849 1028 895 1067 et
931 1023 1043 1068 nihil
1079 1023 1263 1068 omnino
1302 1022 1572 1081 intelligunt,
1613 1020 1668 1065 de
1706 1019 1868 1065 divitiis
1897 1012 2200 1106 cogitantes:

245 1089 336 1135 Sed
374 1090 411 1134 si
451 1090 631 1148 quando
668 1089 895 1136 audierint
933 1090 988 1136 de
1025 1092 1228 1145 Domin0,
1267 1105 1432 1136 sensus
1470 1103 1627 1134 eorum
1662 1089 1706 1133 in
1735 1087 1929 1148 negotiis
1959 1080 2200 1157 ipsorum¹¹

247 1164 327 1203 est.
363 1150 484 1214 *Qui
520 1165 669 1204 autem
706 1159 913 1204 timorem
951 1159 1128 1204 Domini
1155 1159 1336 1214 habent,
1376 1164 1421 1203 et
1457 1163 1718 1202 scrutantur
1751 1158 1806 1202 de
1827 1155 1919 1202 Deo
1954 1153 2202 1212 veritatem,

247 1226 565 1286 cogitationem
616 1240 794 1272 omnem
847 1226 1016 1271 habent
1063 1227 1119 1272 ad
1169 1227 1419 1272 Dominum.
1491 1226 1671 1281 Omnia,
1718 1239 1832 1285 quae
1868 1225 2082 1271 dicuntur
2118 1225 2201 1286 eis,

246 1294 517 1355 percipiunt
521 1287 559 1313 ¹²
596 1300 641 1340 et
675 1295 823 1340 statim
871 1295 1148 1356 intelligunt,
1201 1288 1343 1355 quia¹³
1392 1295 1557 1340 habent
1606 1294 1815 1341 timorem
1848 1292 2025 1339 Domini
2059 1293 2103 1338 in
2139 1307 2203 1349 se.

246 1362 327 1408 Ubi
376 1364 495 1408 enim
544 1361 738 1422 Spiritus
788 1362 962 1408 Domini
1010 1364 1250 1420 inhabitat,
1299 1363 1360 1408 ibi
1409 1371 1454 1409 et
1500 1377 1664 1413 sensus
1713 1362 1880 1407 multus
1929 1361 2202 1426 adiungitur.

247 1431 450 1491 Adiunge
486 1444 595 1491 ergo
633 1437 677 1476 te
704 1431 921 1487 Domin03
957 1438 1001 1477 et
1038 1433 1189 1478 omnia
1226 1432 1449 1492 intelliges
1488 1425 1579 1477 ac¹4
1616 1428 1817 1476 senties}

387 1549 564 1611 (A).lll.
636 1548 802 1609 †,Audi
851 1568 986 1611 nunc,
1035 1555 1285 1615 insipiens,
1339 1555 1717 1615 quemadmodum
1769 1555 1950 1601 tristitia
2013 1548 2203 1601 cruciat¹

249 1623 465 1682 Spiritum
505 1628 724 1677 sanctum,
762 1629 807 1667 et
852 1636 941 1681 quo
978 1623 1114 1669 modo
1156 1624 1323 1669 salvum
1360 1624 1481 1669 facit
1557 1623 1666 1669 Cum
1713 1623 1874 1669 dubius
1912 1623 2122 1677 inciderit
2157 1624 2203 1668 in

247 1691 476 1750 negotium
515 1683 737 1749 aliquod,²
786 1697 831 1736 et
881 1704 971 1736 non
1019 1685 1246 1752 provenit³
1293 1693 1356 1737 illi
1409 1699 1599 1753 propter
1637 1691 1986 1748 dubitationem3
2023 1692 2204 1738 tristitia

247 1759 360 1803 haec
395 1758 531 1803 intrat
567 1758 612 1801 in
651 1751 914 1813 Ιιοιιιίιιιιιιι,4
951 1766 997 1806 et
1029 1761 1204 1805 tristem
1233 1761 1339 1806 facit
1361 1759 1577 1820 Spiritum
1596 1767 1812 1816 sanctum,
1850 1767 1896 1806 et
1920 1768 2049 1807 vexat
2085 1775 2202 1806 eum.

253 1826 424 1871 Deinde
462 1819 645 1870 iterum⁵
681 1826 916 1871 iracundia
954 1841 1054 1873 cum
1090 1828 1523 1874 accesserithommi
1544 1843 1627 1888 pro
1660 1829 1842 1888 negotio
1872 1829 2036 1889 aliquo,
2072 1830 2204 1874 vehe-

248 1899 426 1939 menter
461 1893 700 1951 irascitur,
735 1900 780 1939 et
818 1895 929 1940 haec
966 1896 1035 1941 ira
1070 1896 1208 1940 intrat
1242 1898 1287 1941 in
1326 1897 1596 1957 praecordia
1634 1896 1886 1952 irascentis,
1923 1903 1969 1942 et
1997 1890 2202 1943 vexatur²

247 1963 293 2008 in
329 1961 512 2021 negotio
551 1975 650 2017 suo,
689 1963 812 2021 quod
848 1964 952 2023 agit,
991 1971 1035 2010 et
1070 1970 1230 2025 postea
1265 1964 1480 2025 poenitet,
1520 1965 1642 2024 quod
1678 1965 1792 2010 male
1829 1964 2003 2011 fecerit
2052 1964 2204 2013 Utrae-

249 2044 336 2090 que
374 2044 483 2090 ergo
520 2024 614 2076 res*
650 2030 833 2077 laedunt
869 2031 1087 2093 Spiritum
1124 2041 1344 2089 sanctum,
1382 2032 1600 2079 dubitatio
1642 2040 1688 2079 et
1725 2034 1934 2080 tristitia.
1972 2032 2204 2090 dubitatio,

250 2098 355 2159 quia
392 2112 483 2143 non
522 2100 745 2144 successit
782 2105 909 2147 actus
947 2102 1069 2158 eius3
1104 2107 1149 2147 et
1185 2095 1401 2158 tristitia,8
1437 2103 1540 2162 quia
1564 2102 1668 2148 fecit
1690 2102 1969 2149 iracundiam
2000 2101 2204 2163 Spiritui.

393 2187 500 2240 *Oi
532 2186 585 2240 δὲ
602 2186 832 2276 φόβον’
816 2190 999 2257 ἔχοντες
1033 2193 1184 2280 Θεοῦ,
1221 2191 1304 2243 καὶ
1335 2192 1628 2278 ἐρευνῶντες
1648 2190 1756 2277 περὶ
1778 2193 1906 2244 Θεοῦ
1943 2191 2093 2276 ἔργων
2124 2191 2208 2247 καὶ

248 2253 500 2321 ἀληθείας,
538 2257 619 2308 καὶ
652 2279 741 2324 την
774 2261 980 2327 καρδίαν
1031 2260 1215 2325 ἔχοντες
1259 2258 1392 2347 πρὸς
1418 2259 1612 2329 κύριον,
1659 2280 1815 2311 παντα
1866 2258 1926 2314 τὰ
1973 2257 2210 2330 λεγόμενοι

249 2322 415 2385 αὐτοῖς
458 2323 620 2392 τάχιον
666 2334 866 2380 νοοῦσιν
911 2329 994 2379 καὶ
1044 2335 1317 2392 συνιοῦσιν,
1363 2329 1439 2386 ότι
1488 2360 1557 2367 —-
1592 2326 1677 2381 τὸν
1724 2327 1883 2396 φόβον
1932 2335 2020 2384 τοῦ,
2077 2333 2205 2382 Θεοῦ

1172 2397 1187 2416 ,-

249 2393 438 2458 ἔχουσιν
475 2395 526 2445 ἐν
561 2395 761 2457 ἑαυτοῖς.
817 2396 984 2449 Ὀπου
1019 2396 1110 2466 γὰρ
1158 2420 1185 2450 o
1231 2397 1400 2467 κύριος
1443 2405 1682 2462 κατοικεῖ,
1736 2399 1839 2453 ἐκεῖ
1881 2421 1963 2452 και
2017 2396 2206 2463 σύνεσις

248 2459 414 2527 πολλή.
485 2462 767 2529 Κολληθητι
804 2460 893 2516 οὐν
923 2472 1011 2517 τοῦ
1046 2469 1236 2535 κυρίου,
1272 2470 1356 2520 καὶ
1386 2465 1580 2520 πάντων
1613 2483 1818 2533 νοησεις.

389 2561 417 2616 †
433 2555 615 2611 ’Ἀκουε
651 2552 756 2626 οὗν,
791 2566 895 2621 πῶς
924 2559 960 2626 ἦ
995 2559 1123 2627 λύπη
1156 2563 1375 2630 ’ἔκτρίβει
1421 2561 1474 2615 τὸ
1490 2568 1727 2649 πνεῦμα,
1765 2564 1849 2614 καὶ
1874 2560 2018 2615 πάλιν
2054 2561 2202 2626 σωζει.

234 2625 394 2684 'Ovem
428 2624 456 2677 ὁ
487 2629 701 2713 δίψυχος
735 2605 1020 2695 ἐπιβάληται
1054 2633 1234 2717 πρᾶξαί
1268 2652 1326 2693 τι,
1363 2632 1445 2682 καὶ
1479 2629 1692 2719 ἀποτύχῃ
1729 2630 1810 2682 διὰ
1844 2630 1932 2698 τὴν
1946 2635 2203 2719 διψυχίαν

251 2693 431 2758 αὐτοῦ,
468 2717 498 2760 η
538 2694 666 2763 λύπη
715 2696 1022 2765 ἐκπορεύεται
1057 2701 1126 2759 εἰς
1161 2697 1244 2752 τὸν
1280 2698 1570 2786 ανθρωπον,
1607 2701 1690 2751 καὶ
1735 2706 1880 2752 λυπεῖ
1909 2699 1963 2752 τὸ
2011 2708 2204 2769 πνεῦμα

248 2762 302 2814 τὸ
341 2762 511 2832 ἅγιον,
557 2767 640 2816 καὶ
675 2774 956 2836 στενοχωρεῖ
986 2766 1120 2819 αὐτό.
1193 2766 1317 2851 Εἶτα
1363 2767 1510 2821 παλιν
1561 2769 1782 2835 ὀξυχολία
1832 2769 1948 2822 όταν
1982 2777 2203 2844 κολληθῇ

337 2957 385 3011 2)
414 2961 517 3000 enim
546 2961 653 3010 Vat„
693 2960 734 3000 in
773 2974 852 3013 quo
882 2974 956 3001 vox
1000 2964 1195 3004 subeunde
1341 2963 1386 3014 3)
1423 2965 1676 3004 simulacrum
1704 2964 1787 3005 Vat.

256 3014 354 3066 (sic)
382 3015 542 3067 punctis
579 3017 801 3067 suppositis
843 3018 1065 3058 excluditur
1107 3025 1196 3059 ante
1338 3020 1386 3069 4)
1417 3021 1519 3059 enim
1565 3032 1640 3059 om.
1672 3020 1755 3060 Vat.
1772 3051 1782 3070 ‚
1822 3021 2039 3072 postmodo
2084 3023 2200 3062 datur

256 3072 444 3119 submdu,
481 3071 572 3113 dein
603 3085 782 3123 maynum
811 3085 851 3124 p.
880 3086 1130 3125 pei-maynum
1161 3081 1199 3114 et
1254 3088 1293 3126 p
1326 3077 1454 3116 datus.
1497 3075 1760 3116 Gallicciolli:
1805 3077 1955 3117 Perche
1988 3077 2079 3140 ogni
2114 3077 2199 3128 spi-

253 3128 429 3177 inserunt
457 3138 497 3176 p.
528 3133 751 3178 congerunt.
780 3129 904 3168 Vertit
933 3129 1196 3170 Gallicciolli:
1253 3131 1331 3170 rito
1375 3131 1467 3170 dato
1514 3131 1562 3170 da
1594 3131 1667 3171 Dio
1710 3144 1789 3171 non
1820 3132 1854 3171 si
1890 3132 2086 3173 esamina:
2133 3145 2198 3173 ma

254 3181 518 3221 Ciascheduni
558 3182 717 3234 dunque
763 3185 835 3224 che
878 3197 978 3225 sono
1024 3186 1118 3225 forti
1156 3186 1196 3225 in
1259 3184 1399 3227 avend'
1443 3199 1534 3226 esso
1584 3186 1620 3225 13
1654 3186 1755 3226 virtu
1794 3187 1900 3226 della
1941 3187 2115 3237 divinita,
2158 3188 2197 3228 di

250 3238 341 3276 fede
374 3237 436 3276 del
460 3237 642 3287 Signore‚
674 3251 694 3278 e
718 3240 847 3279 vestiti
882 3241 920 3279 di
950 3241 1086 3291 verita,
1116 3255 1196 3281 non
1253 3255 1327 3292 per
1365 3255 1409 3281 se
1446 3242 1665 3282 medesimo
1706 3243 1819 3292 parla
1869 3247 1996 3291 tutto,
2046 3244 2196 3293 perche

250 3294 371 3332 fanno
394 3292 624 3343 collegana
658 3295 894 3346 conispiriti
918 3297 956 3335 di
986 3296 1040 3335 tal
1068 3297 1194 3347 genia,
1252 3297 1364 3336 tiene
1398 3296 1492 3337 dall'
1524 3297 1604 3336 alto
1637 3297 1742 3336 dalla
1771 3303 1941 3348 potenza
1964 3297 2071 3339 dello
2100 3299 2195 3350 Spi—

250 3360 312 3387 ma
345 3348 394 3386 da
428 3348 507 3387 essi
540 3348 781 3399 diloggiano.
821 3351 963 3398 Quanti
992 3353 1062 3403 poi
1092 3365 1193 3392 sono
1249 3352 1327 3391 rito
1365 3352 1510 3392 divino.

253 3402 410 3451 duhbii,
453 3415 477 3442 c
506 3403 545 3443 di
580 3405 739 3455 quando
770 3406 812 3445 in
841 3407 1001 3458 quando
1033 3414 1193 3447 mutauo
1335 3407 1378 3458 5)
1409 3408 1617 3447 Fortasse:
1651 3409 1696 3447 de
1730 3409 1833 3449 aliis.
1861 3408 1957 3449 Fell.
2000 3410 2058 3449 Ita
2078 3409 2196 3451 vertit

251 3464 458 3506 sentenza,
497 3458 524 3496 li
557 3460 793 3500 consultano
825 3475 936 3502 come
967 3463 1021 3512 gli
1050 3462 1192 3510 Etnici‚
1253 3462 1507 3502 Gallicciolli.

253 3523 273 3549 e
304 3512 430 3553 titano
461 3514 609 3554 adosso
642 3515 680 3554 di
701 3528 744 3556 se
766 3530 818 3556 un
837 3518 985 3568 grande
1010 3523 1190 3571 peccam,
1333 3517 1376 3567 6)
1405 3517 1639 3558 Huiusmodi
1671 3530 1747 3558 om.
1778 3520 1862 3560 Vat.

251 3568 443 3609 servendo
477 3582 498 3608 a
527 3569 640 3612 idoli.
1336 3572 1380 3623 7)
1411 3574 1640 3614 obscuratur
1681 3587 1731 3614 ex
1768 3575 1830 3616 Iti-s
1861 3589 1901 3630 p.
1935 3578 2192 3621 obscuramur
