2340 3900
1052 168 1326 216 CLEMENS.
1575 174 1577 177 ’
2086 183 2193 221 xm

200 300 263 350 oh
299 315 476 350 munus
514 298 894 351 ecclesiasticum
929 301 1365 365 tumultuabantur,
1417 303 1807 354 reconciliandos
1843 303 2057 355 animum
2102 307 2190 356 ad-

200 369 428 430 vertisse,
476 369 663 420 tardius
713 368 934 435 quidem,
991 369 1102 435 quia
1150 376 1198 421 et
1246 371 1340 437 ipsi
1379 379 1658 439 temporum
1695 373 2046 425 calamitatibus
2082 377 2190 426 fue-

198 445 307 488 rant
341 439 521 489 afssicti.
592 438 781 488 Idcirco
815 443 916 489 tres
952 439 1138 505 legatos
1175 440 1415 492 miserunt
1451 443 1616 493 literas
1652 443 1927 509 perlaturos
1978 443 2041 510 (c.
2078 443 2186 510 59).

338 509 522 559 Seditio
560 507 687 557 inter
714 507 1001 559 Corinthios
1040 508 1210 560 oborta
1247 511 1483 562 Romanis
1519 529 1578 563 eo
1616 513 1770 579 magis
1808 513 2014 564 dolenda
2052 515 2186 564 vide-

196 584 299 637 tur,
349 595 445 644 quo
489 577 602 628 fidei
650 592 706 627 ac
754 576 947 629 virtutis
996 594 1167 629 eorum
1220 580 1425 645 gloriam
1476 582 1632 633 ubivis
1670 582 1961 648 divulgatam
1999 584 2188 635 foedius

195 647 439 708 obfuscet,
493 646 779 713 nominique
832 647 1225 699 Christianorum
1273 651 1398 715 apud
1445 651 1567 702 alios
1616 652 1902 719 (Ethnicos)
1950 653 2014 703 sit
2061 670 2184 705 con-

194 717 399 785 temptui
452 716 518 782 (c.
569 719 614 767 1.
661 718 708 768 2.
755 714 862 782 47).
934 718 1018 768 Illa
1066 719 1243 784 quippe
1293 720 1458 782 laude,
1515 738 1658 787 quam
1708 722 1844 788 prius
1890 732 2186 785 meruerunt,

191 787 415 837 nonnulli
453 792 807 847 tumescenteS‚
857 794 906 838 et
958 787 1204 838 discordia
1240 788 1510 855 invidiaque
1550 793 1712 842 omnia
1748 792 2102 857 permiscentes
2137 794 2186 844 id

193 857 426 917 fecerunt,
462 862 517 906 ut
552 856 647 906 iam
685 857 866 908 misera
903 857 967 908 sit
1000 858 1233 908 ecclesiae
1271 858 1646 910 Corinthiorum
1684 862 1914 912 conditio,
1969 863 2032 914 At
2068 880 2183 914 vero

193 932 241 975 et
275 926 441 991 prisco
479 932 528 977 et
568 926 753 976 recenti
790 931 1012 993 tempore
1048 928 1252 978 nefanda
1296 928 1564 994 impiorum
1605 931 1783 981 invidia
1822 939 2056 998 quantum
2095 934 2182 984 de-

190 995 406 1045 trimenti
453 995 698 1056 adtulerit,
746 995 966 1062 pluribus
1015 997 1251 1063 exemplis
1284 998 1520 1063 probatur
1557 998 1621 1064 (c.
1660 999 1858 1064 3—6).
1930 1003 2032 1053 Iam
2067 1019 2182 1054 vero

191 1065 326 1115 vanis
364 1065 759 1116 contentionibus
795 1067 1004 1128 relictiS,
1040 1067 1100 1117 ad
1135 1067 1486 1132 poenitentiam
1524 1076 1572 1118 et
1609 1070 1668 1119 ad
1704 1070 1858 1120 Deum
1894 1079 2183 1124 converten-

190 1135 322 1185 dum.
395 1136 468 1186 Eo
516 1141 736 1202 spectant
770 1136 1064 1202 multiplices
1119 1137 1398 1203 Scripturae
1434 1138 1823 1198 admonitiones3
1869 1141 1918 1191 id
1957 1141 2048 1191 sihi
2085 1144 2184 1193 vult

190 1205 375 1255 Christi
433 1206 630 1271 sanguis
688 1221 781 1271 pro
830 1206 1050 1257 onmium
1099 1213 1413 1272 peccatorum
1459 1208 1610 1258 salute
1662 1210 1844 1260 effusus
1899 1209 1964 1274 (c.
2014 1213 2059 1262 7.
2109 1212 2180 1276 8).

188 1273 432 1325 Laudibus
470 1277 748 1337 efferuntur,
785 1276 867 1343 qui
906 1275 970 1326 ob
1007 1276 1300 1342 singularem
1338 1277 1664 1328 obedientiam
1701 1284 1846 1345 atque
1881 1279 2030 1329 fidem
2069 1297 2180 1347 erga

188 1344 343 1394 Deum
398 1361 457 1395 ex
499 1345 744 1396 veteribus
791 1345 1001 1397 aeternis
1044 1346 1278 1412 praemiis
1327 1347 1460 1413 digni
1499 1354 1612 1398 sunt
1647 1348 1797 1398 habiti
1835 1348 1901 1414 (c.
1940 1350 1971 1399 9
1989 1379 2055 1387 -
2076 1350 2180 1414 12).

186 1413 377 1464 Idcirco
427 1416 554 1465 fastu
606 1416 926 1483 superbiaque
973 1416 1212 1483 depositis
1261 1433 1354 1467 nos
1401 1417 1556 1483 magis
1603 1419 1732 1468 iuvat
1770 1418 2042 1470 obedientia
2077 1420 2178 1476 Dei,

188 1499 333 1549 quam
384 1500 526 1534 aures
571 1485 806 1551 praebere
855 1485 940 1548 iis,
981 1486 1062 1553 qui
1109 1486 1432 1537 aemulatione
1471 1488 1604 1538 ducti
1642 1488 1800 1538 turbis
1838 1489 2179 1556 intestinisque

186 1553 508 1604 seditionibus
543 1563 790 1620 praesunt.
860 1555 1085 1607 Christus
1121 1557 1425 1623 praeclarum
1464 1558 1750 1608 humilitatis
1789 1559 2060 1624 exemplum
2097 1576 2179 1610 re-

183 1623 326 1689 liquit
361 1623 673 1686 imitandum,
713 1625 892 1692 quippe
925 1626 1006 1693 qui
1041 1643 1133 1692 pro
1171 1627 1382 1692 peccatis
1418 1628 1604 1678 nostris
1640 1628 1925 1694 gravissima
1964 1645 2180 1697 quaeque

183 1692 454 1758 pertulerit.
526 1694 714 1744 Summi
751 1696 802 1745 V.
840 1696 896 1745 T.
933 1695 1038 1757 viri,
1075 1697 1157 1764 qui
1193 1696 1369 1761 pietate
1409 1714 1521 1764 erga
1557 1699 1711 1748 Deum
1748 1698 2056 1760 excellebant,
2095 1699 2178 1749 iti-

185 1763 297 1813 dem
332 1763 632 1828 Prophetae,
670 1764 751 1830 qui
800 1765 1032 1816 divinitus
1068 1766 1215 1816 afflati
1254 1766 1386 1832 digni
1424 1768 1578 1817 habiti
1619 1774 1730 1818 sunt
1781 1769 1862 1835 qui
1901 1769 1961 1818 de
1999 1769 2177 1819 Messia

182 1831 540 1897 praedicerent,
578 1833 880 1885 humillimos
914 1851 1022 1887 sese
1059 1836 1302 1902 gerebant.
1374 1837 1569 1888 Davidis
1608 1854 1800 1904 quoque
1837 1838 2046 1903 insignia
2082 1840 2174 1888 hu-

182 1901 402 1952 militatis
454 1903 746 1954 documenta
794 1911 983 1955 exstant
1032 1905 1097 1970 (c.
1141 1904 1404 1971 13—18).
1478 1908 1574 1957 Tot
1610 1907 1822 1958 modesti
1860 1914 1908 1958 et
1944 1907 2175 1958 submissi

183 1971 332 2021 animi
381 1973 598 2038 exempla
645 1972 919 2035 imitemur,
964 1992 1231 2042 pacemque
1281 1993 1567 2042 quaeramus
1616 1977 1702 2027 Dei
1748 1977 1997 2042 splendida
2048 1979 2175 2028 dona

183 2047 325 2107 atque
360 2041 595 2092 beneficia
630 2045 1028 2109 contemplantes,
1068 2045 1241 2111 quibus
1280 2062 1332 2095 se
1367 2047 1656 2096 clementem
1697 2046 1918 2111 praebuit
1959 2062 2072 2112 erga
2117 2064 2174 2096 o—

184 2126 348 2160 mnem
369 2118 655 2161 creaturam.
704 2112 815 2178 Ipse
851 2113 1085 2163 nimirum
1122 2120 1319 2165 naturae
1355 2115 1579 2165 ordinem
1602 2115 1829 2176 fundavit,
1867 2116 2174 2183 aeternisque

183 2179 411 2230 stabilivit
455 2180 657 2246 legibus.
735 2182 902 2250 Itaque
952 2199 1075 2245 nos,
1124 2184 1348 2234 maximis
1385 2185 1473 2234 Dei
1510 2185 1761 2235 beneficiis
1797 2201 1886 2250 per
1922 2186 2171 2236 Christum

182 2250 349 2299 donati
398 2250 651 2316 ornatique
699 2253 963 2302 secundum
1012 2253 1208 2303 easdem
1251 2254 1381 2318 leges
1435 2254 1584 2304 vitam
1621 2254 1958 2315 instituamUS,
2007 2255 2173 2305 turbas

181 2319 543 2386 seditionesque
592 2320 1011 2371 abhorrescentes
1083 2322 1183 2372 Soli
1219 2323 1347 2383 Deo,
1386 2339 1477 2373 nec
1512 2324 1803 2374 tumultuum
1841 2324 2044 2374 ducibus
2083 2325 2172 2374 ob-

182 2391 566 2454 temperandum.
639 2389 890 2440 Christum
938 2408 1251 2452 veneremur,
1309 2393 1446 2443 cuius
1491 2393 1686 2458 sanguis
1721 2409 1812 2458 pro
1850 2393 1994 2443 nobis
2032 2395 2172 2444 datus

181 2465 280 2519 est,
329 2459 626 2526 praepositis
661 2475 762 2509 non
799 2456 1160 2527 obstrepentes,
1210 2462 1427 2512 iuniores
1464 2463 1523 2513 ad
1561 2463 1808 2528 pietatem,
1845 2463 2075 2514 mulieres
2112 2463 2171 2513 ad

181 2527 452 2579 castitatem
488 2535 630 2595 atque
666 2531 1036 2595 temperantiam
1073 2532 1402 2582 cohortantes,
1460 2533 1514 2581 Id
1552 2532 1697 2582 nobis
1733 2533 2007 2583 faciendum
2046 2533 2170 2583 scri-

179 2604 319 2663 ptura
355 2598 512 2659 iubet,
565 2598 640 2648 cui
690 2599 837 2648 fidem
874 2600 924 2650 in
960 2601 1169 2659 Christo
1197 2602 1431 2651 habemus
1470 2600 1535 2665 (c.
1576 2602 1715 2652 19-
1737 2603 1844 2667 22).
1917 2602 2010 2663 Qui
2048 2602 2170 2653 sim-

179 2668 291 2733 plici
362 2675 523 2719 mente
577 2668 637 2717 ad
687 2668 840 2718 Deum
894 2670 1205 2735 perveniunt,
1257 2671 1471 2736 praemia
1521 2671 1772 2736 splendida
1818 2672 1879 2722 iis
1925 2672 2171 2738 promisit.

179 2738 309 2788 Deus
358 2743 519 2788 autem
567 2753 709 2788 verax
758 2744 855 2800 est,
904 2739 983 2806 qui
1019 2740 1282 2805 promissis
1317 2740 1480 2791 stabit.
1552 2741 1622 2791 Ne
1658 2741 2013 2804 addubitemus,
2050 2758 2171 2809 quae

179 2823 281 2857 non
340 2808 435 2857 iam
497 2807 734 2858 visuntur.
827 2809 979 2859 Sicuti
1038 2809 1088 2858 in
1133 2810 1437 2860 absconditis
1496 2816 1694 2860 naturae
1753 2811 2030 2862 recessibus
2081 2812 2168 2862 Dei

185 2877 538 2943 omnipotentia
574 2875 856 2928 indefessim
890 2885 1040 2941 creat,
1092 2880 1221 2945 quod
1267 2880 1453 2930 tardius
1491 2880 1541 2929 in
1575 2881 1732 2930 lucem
1769 2881 2046 2942 emittatur,
2104 2882 2167 2930 ita

183 2953 381 2996 nosmet
416 2946 624 2996 erimus:
662 2947 912 3012 plenitudo
949 2948 1130 3014 gloriae
1166 2956 1362 3000 nostrae
1399 2949 1709 3000 resurrectio.
1761 2950 1971 3014 Pignora
2007 2957 2166 3001 autem

183 3015 557 3066 resurrectionis
603 3031 659 3066 ac
705 3016 829 3067 vitae
874 3018 1061 3068 suturae
1100 3019 1271 3068 multa:
1322 3020 1547 3069 Christus
1584 3035 1611 3069 a
1649 3019 1858 3070 mortuis
1894 3020 2168 3079 suscitatuS,

184 3085 281 3135 diei
320 3091 370 3134 et
401 3085 560 3135 noctis
593 3085 892 3147 vicissitudo,
930 3104 1097 3138 semen
1134 3088 1183 3138 in
1221 3089 1423 3138 humum
1462 3090 1757 3149 demissum,
1794 3089 2013 3138 Phoenix
2051 3089 2167 3139 aviS.

183 3153 573 3206 Resurrectionis
618 3155 884 3220 promissio
917 3157 1015 3207 iam
1053 3158 1103 3207 in
1139 3158 1192 3208 V.
1231 3159 1285 3208 T.
1323 3165 1491 3209 exstat.
1563 3159 1696 3208 Hanc
1734 3158 1880 3223 igitur
1917 3173 2055 3223 spem
2091 3159 2167 3207 fu—

184 3230 318 3275 turae
365 3224 489 3274 vitae
538 3224 625 3275 Dei
672 3226 905 3277 veracitas
953 3243 1053 3278 non
1101 3227 1218 3278 sinit
1262 3244 1431 3278 vanam
1479 3228 1618 3278 reddi
1656 3235 1736 3278 aut
1772 3227 1958 3276 irritam
1997 3226 2062 3291 (c.
2101 3228 2166 3278 23

182 3292 366 3357 —27).
447 3294 613 3361 Itaque
660 3310 770 3344 cum
813 3295 898 3346 Dei
946 3297 1162 3363 potentia
1211 3298 1374 3347 omnia
1421 3298 1789 3363 complectatur,
1840 3296 1961 3345 nihil
2010 3297 2166 3346 facere

184 3369 448 3425 tentemuS‚
498 3365 629 3430 quod
678 3363 720 3414 ei
776 3364 839 3414 sit
885 3366 1197 3417 contrarium.
1272 3368 1325 3416 ln
1380 3367 1545 3416 cordis
1595 3365 1901 3431 simplicitate
1946 3366 2004 3415 ad
2055 3382 2163 3416 euin

183 3433 405 3482 conversi
443 3433 565 3483 nihil
596 3448 809 3499 agamuS‚
843 3435 935 3485 nisi
977 3437 1104 3502 quod
1143 3438 1328 3502 placcat
1361 3436 1485 3501 patri
1524 3436 1747 3500 benigno,
1785 3435 1863 3500 qui
1902 3451 1995 3485 nos
2022 3435 2165 3500 elegit

182 3500 362 3568 absque
408 3502 584 3552 merito
622 3503 687 3569 (c.
727 3503 996 3568 28—30).
1070 3506 1328 3565 Quomodo
1367 3505 1575 3554 divinam
1618 3503 2000 3555 benedictionem
2042 3520 2162 3554 con—

184 3570 318 3635 sequi
371 3570 680 3636 possumus‘?
751 3572 1061 3624 Patriarchae
1108 3574 1347 3624 benedicti
1390 3580 1501 3622 sunt
1538 3580 1738 3638 propter
1776 3573 1946 3635 tidem,
1994 3574 2162 3623 itidem

183 3654 347 3704 reges,
382 3641 676 3707 Prophetae,
724 3643 1019 3694 sacerdotes.
1090 3644 1183 3694 Sed
1222 3661 1282 3693 ne
1319 3643 1428 3708 quis
1466 3641 1715 3705 opinetur,
1755 3642 1897 3692 bonis
1936 3642 2164 3708 operibus
