2340 3900
1056 142 2167 191 HERMAS.x1,111

196 279 481 332 intermedia
515 278 637 339 duo,
685 292 835 327 unum
882 283 998 341 post
1032 277 1256 328 ultimum
1301 278 1471 329 folium
1517 277 1649 344 Lips
1683 276 1925 344 positum,
1976 277 2026 327 in
2070 294 2165 344 quo

194 350 287 410 illa,
321 364 441 415 quae
477 362 607 398 nunc
640 344 882 407 deficiunt,
916 346 1186 412 perscripta
1222 355 1398 409 essent,
1431 347 1507 398 vix
1532 347 1676 398 unius
1710 345 1791 397 illa
1824 345 2027 412 paginae
2055 363 2168 413 spa-

197 418 318 470 tium
351 415 667 467 excedentiaf‘

330 486 470 548 „lam
490 499 605 535 vero
627 484 720 536 tria
742 485 823 536 illa
840 483 953 536 folia
973 484 1118 551 (quae
1142 485 1356 548 „codicis
1376 485 1675 552 Lipsiensis“
1699 483 1931 536 vocabulo
1955 485 2167 551 appella-

193 553 376 619 bimus)
421 555 669 605 chartacea
715 561 855 614 sunt,
901 555 1056 613 forma
1109 555 1357 605 octonaria
1392 571 1541 621 eaque
1590 553 1776 606 maiore
1813 560 2001 605 exarata
2047 571 2170 606 saec.

194 626 288 677 XV.
322 625 519 675 ineunte
551 623 624 674 vel
660 623 870 675 medio.“

330 693 427 744 Sed
461 692 522 744 de
556 692 728 743 critico
763 692 981 743 eiusdem
1008 691 1136 743 Msti.
1172 692 1333 743 valore
1355 694 1410 743 G.
1446 694 1726 746 Diudorfius
1762 693 1813 744 in
1837 693 1986 744 altera
2020 693 2170 745 Prae-

192 763 378 841 satione·
407 761 478 828 (p.
513 759 682 826 XXVI)
717 762 786 813 ita
819 761 1021 823 iudicat,
1069 767 1122 811 ut
1167 761 1274 812 eius
1310 764 1571 814 auctoritas
1606 778 1907 842 nequaquam
1944 763 2170 814 omnibus

190 831 408 884 numeris
433 831 654 882 absoluta
683 830 904 883 habenda
942 830 1030 892 sit,
1080 830 1123 881 si
1171 846 1283 881 cum
1316 831 1444 881 intei
1444 833 1719 897 pretatione
1752 832 1899 883 latina
1934 833 2169 894 conferaS,

193 902 268 954 vel
300 901 451 953 altera
485 900 689 952 alteram
722 899 1093 952 mensuraveris
1161 901 1310 979 „Nam
1349 900 1555 968 (inquit)
1604 901 1697 951 etsi
1748 908 1906 953 textus
1959 902 2171 954 Graecus

192 986 336 1050 quem
368 986 498 1021 nunc
529 969 744 1049 primum
787 969 976 1021 edImus
1010 969 1196 1035 passim
1231 969 1469 1035 integrior
1516 977 1593 1021 est
1637 987 1780 1037 quam
1834 971 2169 1038 interpretatio

190 1040 376 1102 Latina,
410 1040 554 1106 longe
586 1039 744 1091 maior
778 1045 941 1090 tamen
975 1054 1146 1089 eorum
1180 1039 1403 1090 locorum
1427 1055 1658 1090 numerus
1696 1046 1784 1102 est,
1820 1041 1899 1106 qui
1930 1041 1980 1091 in
2005 1041 2172 1093 codice

192 1110 378 1162 Graeco
411 1109 486 1160 vel
520 1109 739 1176 corrupti
783 1109 858 1160 ve]
893 1108 1066 1160 defecti
1102 1108 1220 1171 sint,
1271 1109 1357 1160 sed
1407 1109 1690 1175 interpretis
1726 1109 1885 1160 Latini
1922 1127 2035 1177 ope,
2091 1112 2172 1178 qui

190 1163 452 1258 exemplari
497 1178 682 1230 Graeco
727 1178 895 1230 multis
940 1194 1085 1244 quam
1130 1184 1356 1229 nostrum
1408 1178 1584 1230 seculis
1620 1179 1894 1246 antiquioie
1929 1196 2048 1231 usus
2085 1186 2171 1243 est,

191 1249 244 1300 in
277 1248 519 1315 integrum
559 1248 751 1300 restitui
786 1247 995 1315 possint.
998 1248 1024 1270 “

326 1318 456 1370 Haec
490 1317 636 1390 igitur
669 1317 898 1370 editionis
935 1316 1171 1384 principis
1206 1318 1414 1370 Hermae
1452 1318 1624 1370 Graeci
1660 1325 1898 1369 auctores,
1949 1319 2168 1370 Iamvero

191 1389 246 1441 C.
281 1387 626 1445 Tischendorf.
674 1388 735 1440 de
778 1387 1113 1454 promovendo
1159 1387 1285 1438 libro
1334 1395 1508 1439 nostro
1561 1388 1746 1455 optime
1792 1388 2021 1450 merituS‚
2068 1405 2170 1440 ιιοιι

191 1458 341 1510 modo
377 1464 536 1509 totum
568 1463 751 1510 textum
767 1457 1006 1509 Graecum
1041 1456 1194 1521 ipsius
1232 1471 1380 1521 opera
1416 1475 1474 1509 ex
1508 1458 1723 1509 fontibus
1741 1457 1953 1509 scienter
1981 1466 2172 1510 erutum

188 1527 375 1580 Latinis
413 1527 621 1579 textibus
654 1527 842 1579 nostris
876 1526 1117 1593 adiunget,
1154 1527 1241 1578 sed
1273 1528 1420 1578 etiam
1456 1527 1571 1594 quid
1605 1529 1665 1579 de
1687 1527 1975 1579 auctoritate
2002 1529 2172 1580 Graeci

193 1597 336 1649 huius
373 1603 531 1648 textus
549 1614 576 1648 a
601 1596 853 1649 Simonide
886 1596 1070 1661 reperti
1107 1598 1416 1648 statuendum
1451 1598 1531 1660 sit,
1566 1598 1807 1649 luculenta
1831 1597 2174 1649 dissertatione

191 1666 560 1720 demonstrabit.

469 1752 638 1803 Versio
684 1751 871 1803 Italica:
924 1751 962 1802 11
1008 1751 1213 1802 Pastore
1263 1752 1312 1803 di
1371 1750 1501 1804 Sant'
1548 1752 1694 1801 Erina
1742 1751 2060 1816 volgarizzato
2111 1752 2171 1802 da

469 1821 580 1873 Don
614 1820 722 1872 Gio.
756 1821 960 1873 Battista
997 1821 1293 1873 Gallicciolli.
1363 1822 1419 1873 In
1454 1822 1657 1874 Venezia
1701 1821 1844 1872 1796.
