2340 3900
634 155 775 201 ACTA
811 152 1082 201 MARTYRH
1118 153 1449 201 POLYCARPL
1518 154 1758 215 HERMAS.
2001 164 2184 204 XXXIX

202 293 419 347 visuntur
453 290 574 340 duae
609 288 817 355 aquilae,
852 288 1187 340 Romanorum
1221 289 1443 356 insignia,
1478 290 1794 357 largiusculae
1830 295 1880 340 et
1911 290 2052 340 belle*
2073 291 2183 357 qui-

203 361 316 413 dem
351 359 628 411 delineatae.
698 358 824 409 Hinc
859 358 988 409 inter
1023 359 1414 411 descendendum
1451 362 1666 428 amplum
1709 360 2084 426 amphiteatrum
2122 362 2182 413 ad

200 429 573 496 Notapeliotem,
625 444 721 495 quo
759 428 807 479 S.
838 428 1134 495 Polycarpus
1184 431 1421 496 martyrio
1460 436 1723 483 coronatus
1759 436 1847 491 est,
1883 430 2184 493 intravimuS,

200 500 428 568 gradibus
474 498 630 550 saxeis
675 514 703 548 a
738 498 911 549 Turcis
946 498 1007 548 ad
1043 499 1286 549 ornandas
1322 501 1467 551 aedes
1502 501 1635 551 illinc
1671 499 1887 551 sublatis
1957 499 2013 550 In
2046 499 2184 551 cuius

199 569 428 622 lateribus
464 569 585 619 duae
622 583 875 628 cavernae,
914 568 1089 634 quibus
1125 568 1466 621 claudebantur
1498 571 1680 632 leones,
1718 570 1811 621 sibi
1847 569 2055 620 invicem
2090 586 2182 637 op-

199 644 458 706 ponuntur.
529 637 816 704 Sepulcrum
862 638 909 689 S.
953 637 1230 704 Polycarpi,
1274 640 1405 705 quod
1453 641 1504 690 in
1540 641 1691 691 latere
1727 639 1912 691 montis
1949 640 2182 691 adversus

198 710 546 760 Euroaustrum
603 708 761 758 adhuc
806 714 1147 768 conservatur,
1184 708 1354 758 Graeci
1403 710 1481 760 die
1525 711 1678 772 festo,
1722 710 1878 776 ipsius
1914 709 2183 761 memoriae

198 784 508 839 consecrato,
554 793 645 844 pro
689 793 852 842 more,
903 778 985 846 qui
1021 778 1147 844 apud
1183 779 1321 844 ipsos
1360 778 1571 841 obtinet,
1626 781 1911 832 solemniter
1955 779 2183 830 invisunt.

198 849 356 900 Situm
384 855 461 900 est
494 849 546 898 in
581 848 786 914 quadam
821 848 1060 909 aedicula,
1098 848 1331 899 ecclesiae
1369 849 1496 899 forte
1533 851 1733 911 sacello,
1770 850 1874 913 alii,
1909 865 1998 916 per
2035 865 2182 916 quam

197 920 310 970 illuc
345 918 691 970 transeundum
726 924 822 980 est,
860 918 1098 984 contigua.
1169 919 1226 968 ln
1260 919 1356 968 hoc
1390 925 1710 969 monumento
1747 919 2088 980 instaurando,
2116 918 2182 969 si
2252 962 2256 967 ,

195 988 256 1040 ab
290 987 696 1055 impressionibus
731 988 900 1052 aeriis,
950 988 993 1039 si
1029 1005 1058 1039 a
1094 989 1280 1050 TurciS,
1317 989 1358 1039 si
1395 1003 1423 1038 a
1459 988 1749 1039 Christianis
1786 988 2180 1048 occidentalibuS‚

196 1058 277 1126 qui
326 1059 591 1125 fragmenta
634 1059 897 1110 marmoris
945 1059 1084 1125 quasi
1129 1064 1203 1109 tot
1238 1058 1469 1126 reliquias
1506 1058 1678 1108 exinde
1711 1059 1906 1122 tollunt,
1964 1059 2181 1109 laedatur

194 1136 579 1208 temereturque3
625 1128 876 1181 laudabilis
923 1129 1120 1180 illorum
1170 1129 1436 1179 collocatur
1472 1144 1642 1194 opera,
1682 1128 1775 1179 olla
1811 1129 1947 1179 fictili
1986 1144 2181 1211 quoque

194 1198 291 1250 illic
324 1200 571 1280 apposita,
618 1198 671 1249 in
706 1215 850 1267 quam
887 1199 1092 1267 quisque
1127 1199 1230 1249 fere
1271 1215 1387 1278 prae
1424 1198 1757 1260 veneratione,
1806 1214 1899 1277 qua
1935 1214 2050 1263 erga
2085 1192 2181 1256 τὸν

193 1264 650 1336 Μεγαλομάρτυρα
685 1285 778 1336 pro
816 1269 1015 1321 Christo
1047 1268 1230 1320 invicta
1266 1269 1417 1320 animi
1453 1269 1750 1348 praesentia
1764 1268 1893 1319 mori
1931 1269 2180 1319 sustinen-

194 1346 294 1391 tem
341 1341 519 1403 fertur,
567 1340 665 1391 illic
700 1340 873 1391 ductus
905 1340 1137 1406 pauculos
1174 1355 1349 1407 aspros
1387 1339 1601 1401 coniicit,
1648 1345 1702 1389 ut
1738 1338 1789 1390 in
1827 1354 1973 1389 omne
2009 1354 2181 1389 aevum

191 1412 467 1477 perennet.“

331 1481 405 1532 Ex
431 1481 619 1532 nostris
656 1481 826 1532 Const.
864 1480 1238 1531 Tischendorf
1225 1496 1277 1532 m
1313 1479 1528 1530 Asiatico
1568 1496 1656 1531 suo
1696 1479 1870 1530 itinere
1882 1476 1926 1543 ⁹)
1982 1478 2043 1529 ad
2077 1477 2177 1528 Po-

195 1549 375 1618 lycarpi
414 1551 691 1630 sepulcrum
723 1551 983 1602 videndum
1021 1551 1121 1602 ivit.
1193 1551 1304 1618 Ipse
1346 1555 1573 1613 testatur,
1610 1566 1719 1600 esse
1755 1549 1805 1599 id
1841 1549 1971 1599 haud
2006 1548 2180 1616 procul

192 1620 252 1671 ab
287 1621 467 1687 oppido
506 1621 557 1672 in
591 1621 741 1672 latere
776 1621 974 1683 montiS,
1010 1621 1138 1689 qui,
1141 1620 1415 1683 ,Mustasia“
1451 1627 1663 1671 vocatur.

331 1694 377 1743 5.
419 1691 666 1758 Epistulae
702 1691 1071 1758 Smyrnensium
1119 1691 1352 1743 ecclesiae
1390 1690 1540 1741 editio
1577 1707 1637 1756 pi
1639 1706 1807 1757 inceps
1843 1705 2016 1756 graece
2053 1687 2179 1755 (non

194 1760 403 1827 integra)
455 1767 504 1812 et
550 1761 696 1812 latine
744 1768 821 1812 est
853 1761 1043 1812 Petri
1090 1760 1433 1813 Halloixii
1447 1760 1498 1810 in
1545 1761 1658 1811 vitis
1704 1761 1904 1811 Patrum
1957 1759 2178 1809 oriental.

193 1831 247 1883 T.
282 1831 317 1893 Ι,
351 1831 499 1882 Duaci
533 1847 574 1881 a.
614 1832 763 1883 1633.
834 1832 872 1882 E
912 1832 1118 1894 duabuS,
1173 1848 1292 1898 quae
1331 1837 1615 1896 supersunt,
1654 1830 1897 1881 veteribus
1934 1828 2177 1880 versioni—

192 1901 283 1952 bus
328 1901 528 1952 alteram
571 1902 882 1968 periphrasin
926 1908 1082 1968 putes,
1155 1902 1275 1952 Iac.
1325 1901 1635 1952 Usserius
1682 1900 1923 1965 integram
1958 1900 2048 1966 Ep.
2089 1914 2177 1948 en-

193 1971 307 2038 cycl.
355 1971 568 2022 Londini
615 1988 658 2022 a.
709 1972 842 2023 1647
891 1988 948 2022 ex
997 1972 1177 2022 Codice
1232 1971 1442 2038 quodam
1479 1970 1799 2031 Barocciano,
1849 1968 2179 2034 Menologium

192 2057 418 2108 graecum
470 2041 750 2092 continente
793 2041 959 2091 edidit.
1031 2041 1398 2090 Cotelerius
1448 2040 1650 2090 editioni
1703 2055 1817 2089 suae
1852 2039 1946 2088 ΡΡ.
1981 2038 2103 2103 App.
2138 2054 2178 2087 a.

199 2112 357 2171 1672,
407 2110 508 2160 Th.
553 2110 898 2160 Ruinartus
947 2109 1084 2159 Actis
1134 2110 1398 2176 Martyrum
1451 2109 1656 2159 sinceris
1707 2125 1746 2158 a.
1798 2108 1955 2170 1689,
2005 2107 2177 2157 Smi-

196 2179 368 2229 thius
416 2179 618 2229 editioni
667 2180 787 2245 Epp.
832 2179 1003 2245 Ignatii
1052 2185 1096 2229 et
1149 2179 1401 2246 Polycarpi
1450 2196 1489 2229 a.
1535 2179 1666 2229 1709
1706 2194 1813 2228 eam
1849 2178 2177 2227 inseruerunt.

197 2249 251 2298 G.
286 2249 678 2299 lacobsonus
715 2249 867 2299 Codd.
905 2249 1200 2299 Barocciano
1240 2250 1354 2300 238.
1392 2249 1472 2299 fol.
1509 2247 1727 2310 membr„
1764 2246 1988 2297 Parisino
2026 2247 2175 2297 1452.

194 2318 397 2369 membr.
443 2325 493 2368 et
539 2318 1197 2368 Caesareo-vindobonensi
1245 2318 1323 2368 III.
1393 2319 1519 2368 Hist.
1571 2318 1736 2367 Graec.
1790 2316 1919 2366 Eccl.
1972 2315 2176 2365 membr.

193 2394 469 2453 pervetusto
518 2395 568 2437 et
616 2388 828 2453 optimae
863 2394 1007 2438 notae
1043 2387 1258 2448 adiutus,
1309 2388 1432 2439 bene
1468 2388 1528 2438 de
1564 2393 1696 2437 textu
1732 2386 1837 2436 eius
1873 2384 2176 2436 emendando

192 2457 370 2507 meruit
404 2457 455 2507 in
491 2457 564 2507 ed.
600 2457 691 2508 ΡΡ.
726 2457 845 2524 App.
882 2474 922 2508 a.
963 2457 1110 2519 1838,
1148 2464 1197 2508 et
1231 2473 1337 2524 sqq.

936 2671 1423 2680 ——-·———-.-—.—.—.—.-—a

1148 2880 1225 2941 V.

963 3023 1403 3074 HERMAS.

337 3163 378 3211 1.
422 3162 515 3222 Qui
552 3162 678 3212 inter
713 3168 901 3212 veteres
937 3162 997 3212 de
1033 3163 1307 3225 „Pastoris‘
1343 3169 1567 3222 auctor,e
1606 3160 1686 3210 hic
1722 3159 1819 3209 illic
1853 3160 2083 3209 Hermam
2123 3176 2175 3208 se

192 3231 474 3296 appellante,
511 3231 658 3297 primi
696 3232 1014 3292 tradiderunt,
1051 3235 1276 3284 Clemens
1314 3202 1665 3283 Alexandiinus
1703 3235 1751 3279 et
1786 3221 2026 3288 Irenaeus,
2065 3228 2174 3294 quis

194 3300 272 3350 ille
306 3300 463 3361 suerit,
500 3316 599 3351 non
634 3301 831 3351 addunt.
894 3301 1130 3366 Origenes
1143 3302 1182 3367 1)
1220 3319 1333 3352 vero
1373 3317 1485 3352 eum
1523 3300 1764 3350 coniectat
1799 3314 1908 3348 esse
1944 3297 2042 3347 Ile1
2045 3314 2175 3347 mam

195 3370 343 3428 illum,
379 3370 462 3436 qui
499 3386 526 3420 a
562 3370 710 3422 Paulo
751 3370 800 3419 in
837 3370 1054 3436 Epistola
1093 3373 1152 3423 ad
1190 3374 1437 3422 Romanos
1475 3370 1583 3419 data
1620 3369 1881 3428 c.16,14
1921 3382 2031 3416 cum
2068 3366 2174 3417 aliis

195 3439 449 3499 salutatur,
496 3440 560 3489 ita
599 3439 846 3514 scribens:
915 3441 1067 3501 ,P,uto
1105 3448 1290 3503 tamen,
1331 3441 1460 3507 quod
1498 3439 1701 3487 H‹rmas
1737 3436 1826 3486 iste
1865 3435 1929 3486 sit
1964 3435 2176 3502 scriptor

281 3602 327 3653 9)
356 3603 472 3646 Reice
500 3605 541 3644 in
572 3603 649 3645 den
680 3603 822 3644 Orient
851 3602 1002 3657 (1846)
1041 3605 1086 3645 Τ.
1106 3605 1154 3645 11.
1189 3616 1228 3656 p.
1259 3604 1355 3646 248.

284 3659 418 3701 Herm.
478 3660 521 3714 1)
554 3660 643 3702 Lib.
673 3660 707 3700 Χ
735 3660 931 3713 Explicat.
962 3660 1002 3701 in
1034 3661 1108 3713 Ep.
1141 3661 1191 3701 ad
1228 3661 1340 3701 Rom.
1377 3660 1439 3710 16,
1475 3659 1538 3701 14.
