2340 3900
269 207 301 247 1.
810 195 879 242 DE
916 194 1142 240 HERMAE
1181 195 1266 242 GR.
1301 195 1441 243 LlPS.
1478 197 1674 244 FONTE.

269 326 534 396 σταμένων
576 327 664 394 τῆς
713 322 994 392 ἐκκλησίας.
1069 327 1261 378 Graecis
1305 328 1415 379 istis
1463 330 1586 379 mira
1623 336 1697 379 est
1732 344 1841 378 cum
1875 329 2047 380 Latino
2084 338 2215 382 textu

268 416 420 466 eoque
457 399 642 461 vulgato
680 395 1023 457 convenientia,
1060 395 1111 446 in
1148 412 1241 462 quo
1279 413 1424 464 quum
1461 398 1580 448 nihil
1615 413 1834 464 prorsus
1854 397 2043 449 differat
2071 416 2214 465 prae-

266 475 341 517 ter
393 484 538 517 unum
585 466 700 515 illud
744 465 878 530 prius
925 466 1150 527 „autem“‚
1200 466 1334 515 cuius
1378 467 1486 516 loco
1538 467 1714 516 Graece
1767 464 1868 516 οὐν
1916 467 2110 532 legitur,
2159 486 2216 519 ex

263 536 545 586 auctoritate
579 533 790 584 Vaticani
827 533 1008 583 codicis
1042 534 1213 599 ,‚ergo“
1246 535 1578 600 reponendum
1615 541 1701 584 est.
1770 536 1842 584 Ab
1883 535 2057 586 iisdem
2098 554 2212 588 vero

265 604 458 654 Graecis
503 603 545 653 is
592 602 671 668 qui
719 602 843 667 apud
890 601 1147 667 Origenem
1192 609 1349 653 textus
1399 610 1473 652 est
1507 602 1684 652 mirum
1719 603 1771 653 in
1805 604 2005 655 modum
2041 606 2214 656 differt.

261 672 331 721 Ibi
371 679 445 722 est
495 672 652 721 enim:
702 666 928 735 Γράψεις
963 667 1063 721 δύο
1098 670 1280 737 βιβλία,
1317 668 1404 722 καὶ
1439 666 1617 730 δώσεις
1647 669 1706 722 ἓν
1743 667 2001 738 Κλήμεντι
2035 671 2124 725 καὶ
2155 672 2215 725 ἓν

263 739 505 807 Γραπτῇ.
553 736 641 789 καὶ
689 733 903 807 Γραπτὴ
956 735 1049 805 μὲν
1096 735 1402 806 νουθετήσει
1446 735 1539 799 τὰς
1573 732 1734 806 χήρας
1769 739 1858 792 καὶ
1891 736 2018 802 τοὺς
2050 737 2211 810 ὀρφα-

265 808 406 872 νούς,
445 804 659 875 Κλήμης
694 804 749 859 δὲ
782 803 966 875 πέμψει
1000 807 1071 868 εἰς
1099 804 1193 869 τὰς
1226 805 1320 871 ἔξω
1355 806 1550 868 πόλεις·
1589 805 1656 860 σὺ
1697 806 1753 860 δὲ
1788 805 2079 877 ἀναγγελεῖς
2105 815 2214 872 τοῖς

260 872 619 944 πρεσβυτέροις
654 877 744 942 τῆς
776 874 1055 945 ἐκκλησίας.
1127 880 1200 929 An
1235 879 1380 944 igitur
1414 879 1628 928 dicamus
1665 880 1924 945 Origenem
1959 882 2213 948 scripsisse

259 945 582 998 memoriter?
652 947 848 998 Minime
884 964 1026 999 vero:
1079 955 1337 1014 postquam
1374 947 1502 997 enim
1538 947 1596 997 de
1631 949 1833 999 Pastore
1868 949 2097 1013 Hermae,
2151 951 2212 1000 li-

258 1016 348 1066 bro
398 1033 426 1066 a
472 1016 714 1066 nonnullis
759 1017 1012 1083 despecto,
1059 1018 1213 1082 deque
1260 1016 1367 1080 ipso
1408 1032 1549 1081 quem
1585 1016 1696 1066 inde
1731 1018 1958 1068 allaturus
1993 1026 2070 1069 est
2101 1020 2210 1070 loco

255 1086 393 1150 plura
427 1085 558 1147 dixit,
594 1085 721 1135 hunc
755 1085 806 1135 in
839 1086 1038 1136 modum
1073 1085 1253 1151 pergit:
1290 1081 1393 1135 ἔστι
1426 1080 1480 1134 δὲ
1514 1078 1547 1151 ἡ
1582 1080 1712 1146 λέξις
1747 1082 1898 1153 αὕτη,
1936 1087 2211 1153 significans

259 1154 319 1203 ad
357 1154 553 1204 verbum
592 1170 644 1204 se
681 1170 818 1204 suum
856 1155 1097 1220 exemplar
1133 1154 1494 1219 exscripturum.
1554 1155 1880 1206 Nihilominus
1914 1172 2007 1223 pro
2040 1157 2211 1207 arche-

256 1229 369 1287 typo
416 1229 598 1272 textum
645 1230 869 1273 nostrum
915 1223 1268 1272 venditantibus
1317 1229 1446 1273 certe
1491 1239 1638 1273 unum
1683 1225 1923 1291 reliquum
1967 1231 2044 1276 est
2091 1227 2210 1276 effu-

255 1291 410 1356 gium:
461 1291 621 1342 dicere
666 1292 795 1341 enim
840 1291 1004 1341 licebit
1047 1320 1115 1327 —-
1149 1291 1295 1343 Paulo
1329 1293 1550 1357 apostolo
1590 1299 1714 1343 teste
1752 1295 1914 1344 omnia
1944 1294 2091 1345 licent
2127 1295 2211 1344 sed

253 1375 353 1409 non
390 1359 551 1410 omnia
588 1360 748 1410 iuvant
781 1389 850 1396 —
899 1360 1111 1410 diversas
1146 1360 1294 1409 fuisse
1331 1376 1506 1427 easque
1546 1362 1751 1412 Graecas
1787 1363 1884 1412 iam
1922 1363 2066 1414 tertio
2104 1379 2210 1413 sae-

254 1429 361 1478 culo
408 1429 625 1479 Pastoris
672 1430 879 1479 Hermae
929 1429 1252 1479 recensiones,
1324 1431 1463 1490 Quod
1501 1430 1541 1480 si
1579 1431 1654 1480 cui
1690 1431 1951 1494 videbitur,
1987 1432 2211 1498 equidem

251 1513 423 1547 vereor
467 1513 528 1547 ne
578 1498 799 1563 Origenis
850 1499 1072 1548 recensio
1107 1498 1398 1548 immensum
1436 1507 1663 1565 quantum
1695 1507 1940 1565 praestare
1975 1500 2213 1551 iudicetur

251 1566 416 1627 alteri,
452 1566 662 1629 etiamsi,
706 1567 833 1633 quod
865 1583 1031 1617 revera
1066 1583 1166 1617 non
1202 1573 1300 1629 est,
1336 1568 1411 1617 vel
1446 1569 1651 1618 maxime
1688 1585 1797 1619 cum
1835 1569 2059 1620 omnibus
2091 1585 2211 1620 con-

249 1635 407 1684 veniat
443 1651 560 1700 quae
596 1635 647 1684 in
682 1635 805 1685 libro
842 1636 1193 1686 incertissimae
1228 1637 1422 1699 aetatiS,
1475 1638 1554 1703 qui
1591 1638 1870 1689 inscribitur
1905 1636 2211 1689 διδασκαλία

250 1698 382 1767 πρὸς
410 1697 672 1769 Ἀντίοχον
697 1703 992 1768 Λοῦκαν,8)
1030 1705 1147 1754 item
1182 1705 1233 1754 in
1266 1705 1483 1755 homiliis
1520 1706 1747 1756 Antiochi
1786 1708 1865 1774 qui
1903 1708 2093 1759 saeculo
2131 1724 2210 1758 se-

249 1774 405 1838 ptimo
443 1773 567 1835 vixit,
603 1780 651 1824 et
685 1773 796 1823 alibi
835 1791 891 1823 ex
925 1774 1103 1823 Herma
1139 1774 1375 1841 exscripta
1415 1775 1652 1841 leguntur.

363 1969 407 2022 8)
445 1967 645 2009 Addamus
690 1967 868 2018 exempla
907 1967 985 2007 duo
1028 1972 1155 2006 textus
1187 1965 1327 2007 Graeci
1373 1981 1418 2009 ex
1460 1969 1535 2008 hac
1574 1969 1662 2020 ipsa
1693 1969 1883 2010 Doctrina
1912 1970 2060 2022 petita,
2101 1971 2207 2012 unde

249 2025 374 2066 multo
404 2024 653 2076 probabilius
688 2025 732 2062 fit
762 2023 992 2074 fragmentis
1021 2021 1297 2073 Lipsiensihus
1326 2023 1694 2075 interpretationem
1724 2025 1853 2065 Latini
1883 2032 2031 2077 textus,
2064 2028 2206 2068 factam

246 2082 357 2121 illam
403 2081 561 2133 quidem
602 2078 789 2119 adhibitis
829 2085 1006 2118 veterum
1048 2076 1265 2128 excerptiS,
1309 2091 1426 2131 quam
1462 2080 1589 2131 ipsius
1629 2081 1798 2121 Hermae
1829 2082 2033 2134 antiquum
2060 2089 2206 2123 textum

249 2137 442 2177 Graecum
473 2136 680 2176 contineri.
739 2134 869 2176 Mand.
899 2135 979 2184 XII,
1010 2134 1049 2174 4.
1083 2132 1190 2184 apud
1219 2145 1293 2174 nos
1324 2135 1383 2175 sie
1413 2135 1583 2186 legitur:
1627 2135 1685 2177 Οἱ
1716 2134 1769 2179 δὲ
1806 2134 1885 2178 ἐπὶ
1926 2139 2025 2185 τοῖς
2051 2139 2207 2194 χείλε-

249 2203 326 2235 σιν
357 2191 538 2247 ἔχοντες
572 2189 654 2234 τὸν
685 2186 857 2248 κύριον,
891 2188 974 2243 τὴν
1004 2187 1056 2231 δὲ
1089 2186 1292 2245 καρδίαν
1322 2189 1481 2244 αρτιῦν
1510 2193 1887 2250 πεπωρωμένην,
1917 2193 1995 2235 καὶ
2013 2192 2209 2263 μακρὰν

244 2243 378 2297 ὄντες
410 2246 504 2289 ἀπὸ
535 2249 615 2289 τοῦ
646 2249 787 2299 θεοῦ,
814 2244 1006 2293 ἐκείνοις
1035 2244 1083 2286 αἱ
1110 2243 1293 2287 ἐντολαὶ
1322 2245 1461 2288 αὗται
1490 2249 1689 2305 σκληραί
1715 2250 1809 2291 εἰσι
1847 2249 1926 2290 καὶ
1966 2247 2205 2304 δυσβατοι.

250 2304 404 2345 Θέσθε
440 2295 522 2346 οὖν
560 2301 719 2360 ὑμεῖς,
765 2302 808 2343 οἱ
857 2302 979 2344 κενοὶ
1021 2301 1099 2342 καὶ
1127 2298 1320 2360 ἐλαφροὶ
1356 2299 1491 2351 ὄντες
1532 2302 1583 2347 ἐν
1620 2306 1677 2361 τῇ
1719 2306 1903 2356 πίστει,
1935 2303 2019 2350 τὸν
2046 2302 2222 2360 κύριον-

244 2357 380 2413 ὐμῶν
419 2360 486 2406 εἰς
531 2356 614 2412 τὴν
654 2356 876 2415 καρδίαν,
907 2358 983 2398 καὶ
1013 2353 1260 2412 γνώσεσθε
1288 2355 1364 2401 ὅτι
1398 2366 1471 2400 616.
1529 2360 1678 2400 Eadem
1707 2360 1760 2400 ita
1790 2362 1957 2412 praebet
1987 2363 2203 2403 Doctrina:

246 2414 305 2456 Οἱ
335 2412 388 2456 δὲ
427 2413 506 2456 ἐπὶ
545 2413 605 2455 τὰ
631 2414 788 2468 χείλη1
830 2412 1012 2468 ἔχοντες
1048 2412 1131 2456 τὸν
1168 2410 1351 2468 κύριον,
1382 2415 1466 2468 τὴν
1496 2413 1548 2458 δὲ
1577 2414 1800 2472 καρδίαν2
1832 2419 2200 2475 πεπωρωμένην,

245 2471 324 2511 καὶ
353 2468 540 2527 μακρᾲν
575 2465 710 2516 ὄντες
739 2467 833 2510 ἀπὸ
866 2472 947 2511 τοῦ
975 2469 1179 2526 κυρίουῖῐ)
1214 2468 1296 2512 διὰ
1317 2469 1400 2524 τὴν
1420 2470 1600 2514 ἑαυτῶν
1621 2470 1746 2530 ῥαθυ
1786 2473 1900 2524 ίαν,3
1927 2471 2120 2521 ἐκείνοις
2155 2474 2204 2515 αἱ

244 2525 427 2568 ἐντολαὶ
443 2524 580 2568 αὗται
608 2526 804 2580 σκληραί
821 2525 941 2566 εἰσιν
963 2527 1039 2566 καὶ
1058 2524 1482 2582 δυσκατόρθωτοι.4
1522 2528 1677 2570 Θέσθε
1693 2541 1777 2570 ουν
1804 2526 1953 2585 ὑμεῖς,
1973 2529 2018 2570 οἱ
2044 2527 2202 2586 ὀλιγό-

244 2582 412 2678 ἔξυχοῶ
450 2581 528 2622 καὶ
562 2580 777 2638 ἐλαφροὶῦ
818 2581 896 2636 τῇ7
941 2584 1117 2633 πίστει,
1158 2582 1241 2626 τὸν
1279 2580 1460 2640 κύριον8
1499 2581 1838 2631 ἀδιαλείπτως9
1881 2586 1949 2632 εἰς
1980 2583 2064 2633 τὰς
2092 2599 2202 2642 καρ-

277 2636 396 2684 ίας10
423 2635 614 2694 ὑμῶν,11
643 2638 720 2677 καὶ
747 2633 994 2691 γνώσεσθε
1023 2634 1097 2679 ὅτι
1128 2647 1203 2680 etc.
1259 2640 1481 2680 Duodecim
1506 2646 1597 2680 sunt
1620 2653 1720 2693 quae
1750 2640 1828 2680 hoc
1857 2641 1967 2681 brevi
1997 2642 2090 2682 loco
2122 2642 2200 2682 ‹lir-

243 2695 394 2742 l'erunt,
429 2693 468 2733 in
500 2693 628 2744 iisque
658 2693 774 2743 plura
803 2706 882 2732 non
910 2693 1007 2733 levis
1038 2695 1240 2736 momenti.
1297 2696 1420 2738 κενοὶ
1450 2708 1526 2747 pro
1573 2692 1850 2751 ὀλιγόψυχοι
1892 2703 1930 2736 61
1973 2693 2200 2751 δύσβατοι

242 2761 318 2799 pro
361 2746 747 2806 ὃυσκατόρθωτοι
786 2748 910 2788 11111110
956 2750 1080 2800 magis
1118 2751 1487 2803 interpretationem
1517 2753 1747 2792 Latinorum
1776 2753 1953 2803 produnt
1983 2766 2099 2805 quam
2129 2766 2198 2794 va-

240 2805 422 2844 rietatem
449 2805 626 2845 eiusdem
657 2804 796 2844 Graeci
825 2810 963 2844 textus.
1023 2806 1093 2845 Cui
1124 2808 1227 2847 enim
1258 2808 1417 2848 tandem
1446 2809 1485 2847 in
1515 2814 1685 2848 mentem
1726 2808 1860 2848 venire
1899 2815 2059 2860 poterat
2097 2810 2198 2850 alte—

241 2872 328 2899 rum
359 2873 434 2912 pro
464 2860 590 2900 altero
623 2857 833 2900 scribere?
885 2861 981 2899 Tum
1011 2874 1104 2902 vero
1140 2861 1220 2903 ἐπὶ
1249 2866 1346 2910 τοῖς
1367 2864 1576 2918 χείλεσιν
1603 2864 1826 2904 accuratius
1870 2877 1987 2916 quam
2029 2862 2110 2906 ἐπὶ
2140 2864 2198 2906 τὰ

269 2916 370 2969 ,είλη
391 2916 540 2956 Latinis
570 2916 637 2966 „in
667 2916 784 2955 labiis
814 2915 924 2955 suis“
952 2919 1210 2968 respondent.
1270 2920 1419 2960 Eadem
1438 2920 1540 2960 ratio
1573 2926 1633 2960 est
1655 2920 1866 2960 verborum
1886 2921 1954 2966 εἰς
1981 2920 2065 2973 τὴν
2084 2934 2197 2978 καρ-

234 2929 352 3014 {liam
391 2971 548 3023 (Latine
590 2971 658 3021 „in
703 2972 872 3024 601116“)
917 2984 991 3022 pro
1032 2973 1098 3019 εἰς
1139 2972 1221 3021 τὰς
1261 2973 1457 3030 καρδίας
1496 2972 1644 3032 ὑμῶν,
1674 2974 1866 3032 ἐλαφροὶ
1896 2970 2030 3023 ὄντες
2059 2974 2110 3019 ἐν
2139 2979 2195 3034 τῇ

239 3027 353 3078 („qui
383 3026 491 3067 leves
522 3027 617 3067 estis
646 3027 687 3067 in
717 3026 840 3078 fide“)
873 3039 948 3078 pro
983 3025 1174 3084 ἐλαφροὶ
1206 3033 1271 3087 τῇ,
1309 3029 1393 3082 τὴν
1434 3029 1486 3072 δὲ
1526 3029 1726 3089 καρδίαν
1761 3033 1917 3074 αὐτῶν
1952 3030 2072 3084 (,,601·
2099 3032 2195 3072 1110-

237 3082 373 3134 111111“)
403 3095 478 3134 pro
511 3081 593 3135 τὴν
622 3080 675 3125 δὲ
705 3079 908 3139 καρδίαν
940 3089 1013 3122 616.
1073 3086 1208 3136 Neque
1239 3086 1504 3127 additamenta
1534 3087 1603 3127 illa
1631 3087 1732 3128 duo:
1785 3084 1866 3128 διὰ
1891 3084 1974 3140 τὴν
2015 3085 2195 3130 ἑαυτῶν

241 3137 482 3195 ῥαθυμίαν
511 3144 550 3179 61
577 3136 895 3185 ἀδιαλείπτως
924 3139 974 3178 ad
1003 3138 1203 3179 licentiam
1235 3143 1482 3192 excerpentis
1513 3144 1725 3184 reserenda
1755 3143 1950 3192 videntur,
1980 3143 2021 3182 in
2050 3143 2192 3184 Latino

239 3207 333 3234 vero
364 3200 470 3234 textu
499 3194 649 3246 pariter
679 3201 797 3247 atque
826 3195 865 3234 in
913 3194 1064 3234 Graeco
1095 3195 1294 3246 Lipsiensi
1334 3198 1488 3238 desunt.
1545 3199 1728 3239 Ceterum
1757 3198 1959 3238 Palatinus
1998 3199 2123 3239 codex
2152 3200 2191 3239 h.

239 3249 263 3289 Ι.
297 3249 450 3299 deficit,
489 3263 534 3289 ac
573 3257 743 3301 possunt
781 3250 898 3290 facile
936 3262 1063 3301 pauca
1105 3251 1174 3289 illa
1207 3264 1330 3303 eaque
1363 3254 1462 3293 levia
1495 3268 1595 3306 quae
1626 3255 1730 3294 inter
1756 3260 1966 3306 utrumque
1999 3254 2191 3295 Graecum

237 3310 382 3344 textum
415 3305 537 3345 invito
567 3306 726 3357 vulgato
757 3306 898 3346 Latino
930 3306 1189 3355 conveniunt,
1223 3320 1266 3346 ex
1296 3309 1483 3349 varietate
1514 3310 1652 3351 Latina
1685 3310 1867 3350 derivari.

348 3360 523 3400 Alterum
552 3362 773 3413 exemplum
801 3361 967 3412 praebet
996 3361 1123 3400 Mand.
1154 3362 1196 3401 V.
1237 3375 1311 3413 per
1348 3369 1471 3403 totum
1501 3366 1584 3405 fere
1626 3372 1744 3417 caput
1775 3366 2007 3406 secundum.
2056 3367 2112 3406 Ex
2141 3366 2190 3406 iis

239 3415 381 3465 quibus
417 3416 520 3456 alter
559 3422 686 3457 textus
730 3418 779 3456 ab
810 3417 936 3456 altero
969 3416 1100 3456 differt
1127 3429 1254 3467 pauca
1283 3424 1431 3458 tantum
1478 3421 1764 3461 adscribamus.
1826 3422 1933 3462 Text.
1963 3422 2071 3473 Lips.
2113 3422 2190 3462 καὶ

236 3469 286 3511 ἐκ
317 3472 396 3535 τοῦ
426 3469 631 3525 μηδενὸς
667 3471 694 3525 ἡ
721 3470 836 3526 γυνὴ
862 3468 892 3523 ἢ
926 3468 950 3512 ὁ
985 3469 1098 3526 ἀνὴρ
1127 3471 1178 3513 ἐν
1210 3474 1373 3530 πικρία
1404 3476 1584 3539 γίνεται
1625 3474 1779 3518 ἕνεκεν
1805 3479 2038 3529 βιωτικῶν
2070 3491 2187 3534 πρα-

234 3538 429 3579 γματων
486 3533 560 3566 616.
621 3529 755 3568 Doctr.
785 3527 862 3568 καὶ
892 3523 1037 3573 οὕτως
1068 3529 1366 3584 πικραίνεται
1399 3526 1652 3586 α’νθρωπος
1683 3530 1837 3573 ἕνεκεν
1875 3535 1934 3584 βι.
1970 3546 2048 3590 πρ.
2079 3533 2188 3573 Text.

232 3580 340 3631 Lips.
371 3577 396 3634 ἡ
442 3579 494 3622 δὲ
532 3585 839 3642 μακροθυμία
864 3578 1044 3638 μεγάλη
1076 3581 1174 3624 ἐστὶ
1203 3583 1279 3623 καὶ
1323 3581 1520 3641 ἰσχυρὰν
1547 3581 1751 3642 δύναμιν
1780 3585 1948 3639 ἔχουσα
1978 3588 2056 3629 καὶ
2087 3599 2187 3629 στι-

1627 3636 1637 3651 Ι
1710 3639 1720 3653 Ι

230 3633 352 3692 βαρὰ
390 3635 464 3676 καὶ
507 3637 823 3697 εὐθυνουμένη
854 3639 911 3682 4ἓν
949 3639 1207 3695 πλατυσμῷ
1242 3635 1454 3696 μεγάλῳ,
1501 3640 1663 3697 ἱλαρα,
1697 3642 2041 3700 αγαλλιωμένη,
2073 3641 2186 3700 ἀμέ-
