2340 3900
236 172 354 211 an
959 157 1206 204 CODICUM
1242 159 1484 207 NOTITIA.

234 300 288 345 ad
329 300 574 344 Tarsenses
620 297 800 352 attinet,
848 297 951 358 plus
1005 298 1136 343 solito
1185 302 1365 342 coeunt.
1439 295 1558 351 Quae
1598 310 1700 341 cum
1736 297 1795 341 ita
1846 295 1962 349 sint,
2001 296 2189 344 Casana-

235 368 349 414 tensi
389 367 432 411 in
470 366 619 412 multis
658 364 774 410 locis
810 366 910 425 plus
950 365 1232 412 auctoritatis
1268 364 1557 410 tribuendum
1594 372 1729 425 puto,
1768 378 1901 424 quam
1936 364 2156 413 Mediceo.

370 436 492 481 Inest
540 447 719 494 quoque
755 434 1017 496 ,Polycarpi
1051 435 1132 496 Ep.
1183 434 1239 479 ad
1274 431 1622 493 Philippenses.‘
1695 433 1802 478 Cum
1841 447 1894 479 ea
1945 436 2187 482 contextim

233 511 348 550 extat
396 505 439 548 in
475 503 537 548 22
588 503 707 548 soliis
758 516 859 549 cum
907 504 1091 550 dimidio
1132 503 1227 564 ,Ep.
1266 502 1493 548 Barnabae
1509 502 1539 558 ,‘
1575 516 1707 562 quam
1761 502 1944 561 quidem
1979 506 2188 563 praevius

232 573 304 619 ille
352 572 575 617 indiculus
621 572 808 631 ignorat.
895 572 989 618 Una
1038 574 1284 632 eademque
1331 585 1489 617 manus
1544 577 1784 630 utramque
1836 571 2021 631 scripsit
2071 587 2188 620 saec.

229 642 315 697 XV,
364 641 538 687 diversa
592 641 772 699 quidem
821 642 876 688 ab
923 656 1004 699 ea,
1057 657 1189 703 quam
1244 642 1288 686 in
1326 639 1443 701 Epp.
1475 639 1633 699 Ignatii
1683 640 1890 685 vidimus.
1959 640 2041 686 Hic
2080 641 2186 688 Cod.

230 711 315 756 crit
353 711 399 756 C.

1005 802 1051 868 β.
1113 808 1389 854 Florentiae.

369 916 443 962 16.
515 916 623 962 Cod.
681 916 908 964 Mediceus
946 914 1081 975 (Plut.
1122 917 1231 962 LV11
1269 930 1388 962 num.
1429 912 1476 973 7)
1514 915 1846 974 membraneus,
1886 917 1929 963 in
1965 913 2027 964 4⁰
2061 921 2180 977 mai„

227 985 374 1032 iudice
411 986 627 1032 Bandinio
666 987 834 1033 saeculi
858 988 913 1033 Xl
938 982 1099 1047 (Catal.
1123 986 1255 1031 codd.
1282 1001 1347 1046 gr.
1384 984 1688 1031 Bibliothecae
1709 986 2033 1036 Laurentianae
2073 997 2181 1035 tom.

225 1054 263 1099 11
300 1070 344 1115 p.
382 1053 495 1112 347,
532 1055 786 1102 Florentiae
829 1054 1006 1115 1768).
1076 1056 1153 1101 Est
1198 1055 1525 1100 miscellaneus.
1595 1053 1705 1100 Post
1753 1055 1838 1101 alia
1895 1057 2183 1104 inveniuntur

226 1123 403 1184 ‚Ignatii
441 1123 552 1185 Epp.
590 1138 748 1170 novem
766 1122 794 1182 ,‘
834 1126 989 1185 quales
1029 1123 1211 1171 exhibet
1248 1124 1355 1169 Cod.
1396 1123 1724 1169 Casanatensis.
1797 1125 2062 1187 Descriptus
2098 1127 2184 1174 fuit

222 1206 307 1253 per
352 1192 596 1239 Salvinium
643 1194 689 1239 in
739 1208 871 1240 usum
907 1194 1126 1241 Aldrichii
1176 1199 1221 1238 et
1268 1192 1322 1238 ab
1371 1192 1632 1249 Holstenio,
1683 1193 1855 1253 pluries
1903 1196 2008 1242 inde
2046 1197 2100 1243 ab
2149 1197 2180 1242 I.

224 1261 381 1307 Vossio
420 1276 565 1322 usque
606 1263 661 1308 ad
699 1262 998 1310 Iacobsonum
1047 1262 1251 1308 collatus.
1320 1261 1476 1321 Neque
1512 1275 1597 1321 ego
1635 1261 1778 1307 labori
1813 1266 2009 1325 peperci,
2034 1279 2180 1326 neque

221 1344 306 1391 pro
343 1344 413 1376 me
449 1330 496 1378 C
535 1332 862 1389 Tischendorf,
899 1334 978 1378 Th.
1014 1333 1187 1391 Heyse,
1224 1329 1273 1374 P.
1311 1330 1383 1376 del
1418 1331 1574 1385 Furia,
1626 1331 1848 1391 siquidem
1895 1334 2028 1379 etiam
2075 1341 2181 1395 post

222 1399 411 1445 aliorum
461 1414 614 1446 curam
663 1401 1028 1463 diligentiamque
1072 1399 1307 1461 probatam
1356 1399 1602 1460 praecipua
1639 1399 1742 1446 loca
1779 1401 1929 1448 denuo
1965 1403 2212 1463 religiose·

222 1468 507 1515 contulimus.
577 1469 758 1530 Signavi
795 1473 849 1518 L.

362 1538 436 1582 17.
506 1538 612 1583 Cod.
650 1538 877 1586 Mediceus
924 1535 1057 1595 (Plut.
1093 1537 1168 1583 Vll
1215 1552 1335 1583 num
1374 1534 1457 1595 21)
1508 1537 1798 1592 chartaceUS‚
1853 1554 1974 1587 saec.
2009 1505 2084 1586 XV
2131 1542 2177 1588 in

221 1600 282 1652 4⁰
316 1606 422 1651 min.
491 1606 645 1652 Insunt
673 1602 779 1667 (cl'r.
815 1606 1124 1654 Bandiniusl.
1160 1620 1197 1652 c.
1232 1612 1340 1652 tom.
1379 1606 1472 1666 lp.
1508 1604 1671 1664 269),
1680 1607 1770 1653 Divi
1807 1608 1964 1668 Ignatii
2000 1609 2177 1671 Episto-

219 1674 286 1720 lae
323 1675 618 1735 interpolatae
642 1676 713 1733 XI,
741 1677 980 1738 Polycarpi
1017 1691 1119 1732 una,
1157 1682 1202 1721 et
1240 1674 1467 1735 Hippolyti
1508 1675 1562 1720 de
1593 1679 1979 1725 consummatione
2010 1678 2176 1736 Mundi,

219 1750 266 1789 et
299 1743 602 1800 Antichristo,
653 1752 697 1791 et
744 1747 798 1792 de
853 1746 1055 1792 secundo
1094 1745 1287 1790 adventu
1322 1745 1371 1789 D.
1408 1743 1461 1789 N.
1502 1743 1604 1790 Iesu
1643 1745 1781 1791 Chriti
1821 1745 1996 1794 oratio.‘
2067 1749 2175 1795 Cum

217 1812 294 1872 Ep.
333 1812 574 1873 Polycarpi
614 1815 855 1860 coniuncta
891 1821 1010 1860 extat
1044 1812 1288 1871 ,Barnabae
1324 1810 1564 1872 Epistola‘,
1604 1815 1727 1874 quod
1763 1814 2029 1863 Bandinium
2066 1818 2176 1864 effu-

218 1882 294 1941 git.
365 1881 493 1926 Hunc
530 1896 713 1941 quoque
753 1884 962 1929 Codicem
1000 1897 1084 1944 ego
1125 1889 1168 1927 et
1203 1882 1332 1927 amici
1368 1895 1452 1941 pro
1490 1895 1560 1927 me
1600 1884 1644 1928 in
1683 1884 1893 1931 omnihus
1930 1886 2059 1943 locis,
2099 1888 2175 1947 qui

217 1949 406 1994 alicuius
457 1953 671 1996 momenti
720 1952 1011 2007 videbantur,
1063 1958 1164 2012 post
1215 1950 1326 1996 alios
1374 1951 1536 1996 iterum
1586 1952 1838 2014 iterumque
1886 1955 2175 2016 inspeximus.

216 2017 392 2077 Signavi
429 2019 481 2066 F.
2041 2053 2045 2057 -

256 2139 261 2143 .
353 2086 435 2142 Qui
484 2094 664 2147 praeter
706 2090 846 2135 hosce
893 2089 939 2134 in
978 2089 1320 2136 Commentariis
1360 2087 1551 2134 Codices
1584 2090 1755 2149 passim
1804 2091 2172 2150 nominabuntur,

216 2169 375 2201 eorum
419 2157 578 2202 notitia
621 2158 864 2218 perfalios
900 2157 987 2207 ΡΡ.
1025 2158 1229 2220 Apostol.
1276 2157 1476 2203 editores
1512 2158 1601 2204 iam
1639 2159 1807 2205 dudum
1855 2160 2026 2221 publici
2061 2162 2172 2208 iuris

213 2224 330 2269 facta
367 2231 450 2269 est.
519 2225 694 2273 Idcirco
731 2233 886 2273 nostra
931 2228 1230 2274 illustratione
1277 2241 1371 2273 non
1418 2226 1622 2287 indigere
1656 2228 1936 2276 videbantur.
2006 2230 2175 2278 Confer

214 2306 323 2338 vero
361 2307 477 2352 quae
517 2308 653 2354 supra
689 2297 735 2342 in
770 2298 1066 2343 recensendis
1118 2295 1401 2356 singulorum
1439 2293 1619 2342 Patrum
1657 2297 1930 2345 editionibus
1969 2299 2088 2346 hanc
2123 2301 2168 2346 in

215 2375 312 2406 rem
349 2375 374 2406 a
411 2361 542 2407 nobis
581 2364 699 2410 dicta
736 2371 856 2412 sunt.

717 2643 886 2708 Index
927 2646 1166 2712 tabulae
1208 2647 1389 2731 lapidi
1431 2647 1663 2712 incisae.

414 2786 449 2827 1.
479 2785 577 2825 Cod.
607 2784 747 2825 Casan.
776 2786 849 2837 Ep.
881 2787 921 2826 S.
950 2788 1031 2838 Ign.
1062 2789 1112 2829 ad
1145 2791 1299 2842 Smyrn.
1334 2790 1406 2841 [C]

408 2855 447 2896 2.
477 2854 575 2894 Cod.
604 2854 687 2897 Vat.
718 2855 812 2896 866.
844 2857 931 2897 Fol.
970 2858 1060 2898 186.
1092 2872 1126 2898 a.
1158 2860 1283 2910 [Vat.]

411 2925 449 2964 3.
481 2925 579 2964 Cod.
608 2923 691 2963 Vat.
724 2924 818 2965 813.
850 2925 936 2965 Fol.
966 2926 1062 2967 305.
1094 2940 1128 2966 a.
1155 2928 1226 2978 [E]

408 2994 448 3034 4.
479 2993 577 3034 Cod.
606 2994 690 3034 Vat.
723 2994 818 3035 815.
847 2995 935 3035 Fol.
965 2995 1032 3035 41.
1066 3009 1100 3035 a.
1135 2995 1209 3047 [N]

409 3063 446 3103 5.
479 3062 577 3103 Cod.
611 3063 692 3102 Vat.
722 3062 820 3105 859.
852 3064 940 3106 Fol.
975 3064 1066 3104 167.
1101 3077 1134 3104 a.
1164 3063 1232 3116 [V]

409 3132 447 3172 6.
479 3131 577 3173 Cod.
600 3131 739 3172 Casan.
761 3131 868 3172 Finis
889 3133 962 3183 Ep.
985 3132 1025 3172 S.
1049 3132 1184 3182 Polyc.
1206 3132 1255 3171 ad
1277 3133 1377 3173 Phil.
1401 3145 1488 3174 cum
1507 3135 1580 3186 Ep.
1604 3135 1644 3175 S.
1668 3135 1784 3176 Barn.
1807 3136 2008 3177 coniunct.
2031 3136 2103 3190 [C]

406 3202 445 3242 7.
477 3201 574 3244 Cod.
607 3202 739 3243 Ottoh.
770 3201 867 3243 348.
894 3201 981 3241 Fol.
1012 3201 1078 3241 64.
1112 3213 1146 3240 a.
1174 3198 1246 3253 [0]

410 3271 449 3311 8.
480 3270 580 3311 cod.
611 3272 704 3322 Reg.
737 3271 804 3311 30.
833 3270 920 3310 Fol.
957 3270 1048 3310 161.
1079 3269 1118 3309 b.
1151 3269 1224 3319 [R]

406 3342 445 3381 9.
477 3340 577 3380 Cod.
612 3340 735 3380 Palat.
769 3339 861 3381 150.
892 3338 980 3378 Fol.
1013 3338 1105 3379 134.
1134 3338 1174 3378 b.
1205 3338 1330 3389 [Pal.]

381 3410 445 3450 10.
477 3409 575 3450 Cod.
607 3410 691 3450 Vat.
721 3409 844 3450 3848.
874 3407 962 3448 Fol.
992 3407 1030 3448 9.
1061 3420 1096 3447 a.
1125 3407 1249 3457 [Vat.]

381 3478 444 3519 11.
476 3478 573 3522 Cod.
604 3480 698 3529 Reg.
729 3478 797 3520 81.
827 3476 915 3518 Fol.
945 3476 1011 3518 89.
1043 3489 1077 3516 a.
1109 3476 1244 3526 [Reg]
