2340 3900
296 190 396 241 468
563 187 786 235 HERMAE
824 186 1055 233 PASTOR.
1105 184 1267 232 LIBER
1297 186 1348 233 11.
1409 185 1646 233 MANDAT.
1686 182 1844 230 lx.·x.
1881 179 1950 240 (A)

299 330 342 374 in
382 326 501 372 omni
565 339 627 370 re.
702 323 840 370 Indue
871 323 1069 369 ¹firmam
1115 322 1250 369 fidem
1299 329 1342 368 et
1391 329 1634 383 potentem.
1705 314 1876 367 Fides¹⁸
1929 319 2047 364 enim
2095 319 2244 363 omnia

298 388 584 454 repromittit,
623 398 669 438 et
706 393 854 437 omnia
891 398 1196 448 consummat3
1236 391 1451 437 dubitatio
1493 399 1641 437 autem
1678 404 1770 435 non
1795 388 1952 444 credit,
1991 401 2040 432 se
2077 386 2245 446 aliquid

299 464 636 522 impetraturam
687 460 894 506 omnibus
942 459 1158 520 operibus
1203 454 1352 515 suis‚¹⁹
1400 474 1513 519 quae
1564 461 1667 519 agit.
1741 458 1871 503 Vides
1911 469 2049 515 ergo,
2087 454 2245 514 inquit,

300 531 422 591 quod
458 529 568 576 fides
607 529 846 574 desursum
885 534 956 574 est
992 543 1016 574 a
1052 528 1156 584 Deo,
1194 534 1238 574 et
1273 528 1408 574 habet
1443 529 1649 573 virtutem
1683 517 1949 587 magnam.²⁰
2021 522 2244 569 Dubitatio

297 606 443 645 autem
480 605 691 644 terrenus
741 597 926 657 spiritus
975 603 1045 642 est
1082 603 1127 643 et
1163 612 1186 642 a
1226 597 1430 652 diabolo,
1487 597 1694 642 virtutem
1744 609 1835 641 non
1884 593 2069 640 habens.
2141 587 2247 636 *Tu

297 668 433 727 igitur
469 680 598 712 serva
634 657 881 711 virtutem²¹
920 664 1039 722 fidei,
1078 679 1102 710 a
1139 665 1414 711 dubitatione
1452 671 1599 710 autem
1635 664 1814 719 recede,
1855 676 1969 723 quae
1994 675 2085 707 non
2110 659 2249 705 hahet

295 736 531 795 virtutem5
569 741 613 781 et
648 734 768 780 vives
806 734 911 790 Deo,
950 740 992 780 et
1029 747 1186 780 omnes
1222 735 1369 780 vivent
1403 733 1517 789 Deo,
1567 733 1826 792 quicunque
1880 732 1994 776 haec
2043 725 2248 790 egerint.‘

1029 849 1406 904 MANDATUM
1441 848 1500 900 X.

298 955 369 1002 De
405 955 550 1001 animi
586 954 795 1006 tristitia,
833 959 874 999 et
908 967 1000 999 non
1037 954 1349 999 contristando
1385 950 1607 1010 Spiritum
1643 950 1759 1001 Dei,
1796 950 1878 1007 qui
1918 950 1970 995 in
2002 948 2135 993 nobis
2171 954 2248 993 est.

437 1046 502 1107 (A)
540 1049 571 1094 Ι.
642 1043 875 1109 †,Longe¹
913 1047 982 1094 fac
1020 1062 1043 1093 a
1079 1054 1123 1092 te
1160 1061 1338 1092 omnem
1376 1046 1630 1101 tristitiam3
1670 1045 1833 1090 etenim
1861 1045 1971 1090 haec
2011 1057 2145 1090 soror
2181 1050 2250 1089 est

299 1118 588 1166 dubitationis
640 1123 686 1163 et
733 1113 1019 1163 iracundiae.‘
1089 1115 1201 1170 ,Quo
1255 1112 1425 1167 modo,‘
1474 1114 1683 1172 inquam,
1733 1113 1958 1168 ,domine,
2008 1126 2143 1158 soror
2180 1119 2251 1158 est

297 1186 492 1233 harum?
526 1185 656 1231 Aliud
692 1185 801 1231 mihi
837 1185 1013 1230 videtur
1052 1183 1242 1237 tristitia,
1282 1182 1401 1227 aliud
1438 1181 1682 1235 iracundia,
1721 1181 1843 1227 aliud
1880 1179 2127 1227 dubitatio.‘
2197 1180 2251 1225 Et

299 1257 383 1302 ait:
421 1255 534 1309 ,sine
573 1268 713 1300 sensu
748 1267 840 1298 non
877 1243 1122 1311 intelligis?
1194 1251 1390 1295 Tristitia
1428 1250 1548 1295 enim
1585 1251 1783 1295 omnium
1808 1250 2047 1310 spirituum
2066 1250 2248 1308 nequis·

298 1316 458 1370 simus³
496 1329 589 1378 est,
628 1329 673 1368 et
706 1323 902 1382 pessima
940 1321 1083 1366 servis
1130 1319 1235 1376 Dei3
1288 1324 1333 1364 et
1382 1319 1580 1364 omnium
1631 1318 1818 1379 spiritus
1868 1311 2165 1373 exterminat,⁴
2207 1323 2252 1363 et

301 1385 488 1438 cruciat⁵
510 1390 724 1450 Spiritum
745 1396 972 1444 sanctum3
1011 1388 1236 1434 etiterum
1260 1387 1428 1432 salvum
1450 1384 1587 1431 facit.‘
1659 1385 1800 1447 ‚Ego,‘
1818 1388 2015 1447 inquam,
2035 1386 2250 1442 ,domine,

300 1460 519 1519 insipiens
557 1473 670 1514 sum,
709 1464 754 1503 et
789 1472 883 1502 non
921 1456 1121 1515 intelligo
1160 1455 1451 1516 quaestiones
1486 1455 1593 1500 istas
1609 1449 1642 1500 :⁶
1680 1469 1770 1514 quo
1793 1456 1928 1501 modo
1965 1455 2113 1516 possit
2149 1468 2250 1499 cru·

301 1529 436 1581 ciare,
474 1533 519 1571 et
543 1527 704 1572 iterum
729 1525 898 1571 salvum
934 1525 1097 1579 facere,
1134 1537 1223 1569 non
1262 1520 1491 1583 intelligo.‘
1559 1521 1722 1579 ‚Audi,‘
1759 1524 1914 1583 inquit,
1953 1529 2015 1578 ‚et
2037 1522 2251 1582 intellige.

302 1596 369 1651 Hi,
410 1588 505 1655 qui⁷
543 1608 772 1654 nunquam
809 1593 1119 1652 exquisierunt
1137 1593 1378 1647 veritatem,
1416 1605 1563 1651 neque
1589 1592 1893 1652 inquisierunt
1924 1592 1977 1638 de
2004 1592 2248 1646 maiestate,

301 1664 382 1710 sed
418 1670 587 1708 tantum
626 1662 937 1717 crediderunt,
976 1667 1083 1705 sunt
1116 1660 1301 1705 involuti
1337 1660 1380 1705 in
1430 1660 1624 1720 negotiis
1672 1661 1904 1706 hominum
1951 1659 2251 1706 ethnicorum.

301 1729 378 1788 [Et
413 1731 526 1776 alius
563 1730 752 1775 mendax
788 1722 1184 1788 Prophetes⁸·est,
1224 1729 1299 1787 qui
1327 1727 1476 1788 perdit
1515 1741 1676 1774 sensus
1714 1742 1945 1774 servorum
1985 1729 2087 1783 Dei,
2125 1727 2251 1773 dubi-

301 1813 429 1845 orum
468 1804 645 1852 autem,
683 1811 775 1841 non
813 1797 990 1841 illorum
1038 1797 1115 1854 qui
1152 1795 1297 1841 fidunt
1332 1797 1377 1840 in
1414 1796 1602 1841 Domino
1639 1796 1786 1856 plene.
1859 1796 1927 1842 llli
1976 1810 2086 1857 ergo
2127 1795 2252 1841 dubii

302 1867 433 1926 quasi
470 1866 526 1910 ad
563 1865 756 1910 divinum
797 1857 1034 1923 Spiritum⁹
1072 1864 1278 1918 veniunt,
1322 1868 1367 1909 et
1402 1863 1681 1923 interrogant
1718 1864 1870 1919 illum,
1905 1865 2014 1924 quid
2046 1864 2133 1910 illis
2187 1863 2253 1910 fu·

298 1941 448 1980 turum
487 1933 558 1978 sit.
627 1933 681 1978 Et
717 1925 829 1977 ille¹⁰
865 1932 1058 1978 mendax
1104 1932 1380 1991 Prophetes,
1419 1930 1584 1976 nullam
1633 1932 1803 1977 habens
1855 1933 1902 1978 in
1939 1946 1988 1978 se
2046 1933 2253 1978 virtutem

299 2002 494 2063 Spiritus
533 2002 681 2057 divini,
719 2001 920 2060 loquitur
958 1999 1044 2045 illis
1083 2000 1331 2045 secundum
1366 2000 1767 2059 interrogationem
1793 2000 1986 2056 illorum,
2022 2006 2068 2046 et
2102 2000 2255 2061 implet

301 2071 469 2116 animas
506 2070 685 2115 illorum
722 2069 974 2129 promissis,
1015 2069 1131 2114 sicut
1166 2068 1228 2114 illi
1266 2068 1435 2114 volunt.
1508 2068 1583 2114 Ille
1621 2075 1768 2114 autem
1818 2068 2071 2130 Prophetes
2107 2069 2253 2114 inanis

300 2146 384 2193 est,
423 2145 468 2185 et
504 2139 650 2184 inania
686 2138 937 2198 respondet
972 2137 1196 2185 inanibus.
1270 2137 1492 2197 Quicquid
1533 2130 1687 2183 enim¹¹
1727 2137 2034 2198 interrogatur
2069 2152 2094 2183 a
2130 2137 2252 2183 vanis

299 2207 584 2263 hominibus,
622 2221 733 2252 vana
767 2206 1019 2266 respondet
1055 2205 1156 2251 illis.
1228 2199 1492 2262 Quaedam¹²
1541 2213 1690 2251 autem
1726 2206 1863 2252 verba
1901 2220 2004 2252 vera
2039 2206 2254 2266 loquitur.

300 2275 511 2321 Diabolus
546 2276 664 2321 enim
701 2267 952 2335 adimplet¹³
993 2288 1094 2320 eum
1133 2275 1297 2335 spiritu
1335 2289 1434 2330 suo,
1472 2281 1524 2320 ut
1560 2275 1742 2321 deiiciat
1779 2275 1974 2336 aliquem
1994 2289 2048 2322 ex
2092 2271 2254 2321 iusti8.‘

439 2368 500 2428 (B)
539 2371 590 2415 ll.
660 2371 942 2429 ‚Quicunque
982 2384 1091 2430 ergo
1132 2371 1272 2416 sortes
1312 2377 1418 2415 sunt
1457 2371 1501 2415 in
1541 2370 1630 2416 fide
1667 2371 1856 2427 Domini,
1895 2378 1941 2417 et
1977 2371 2120 2417 induti
2152 2377 2258 2417 sunt

303 2432 521 2493 veritate,1
557 2438 722 2483 talibus
760 2438 996 2497 spiritibus
1032 2453 1124 2484 non
1162 2439 1423 2499 iunguntur,
1463 2440 1545 2485 sed
1584 2440 1822 2486 discedunt
1857 2440 1912 2486 ab
1949 2440 2050 2486 illis.
2121 2439 2254 2495 Quot·

438 2522 541 2576 *Σὺ
576 2517 667 2576 οὖν
689 2523 893 2575 δούλουε
928 2531 987 2596 τῇ
1012 2524 1126 2596 εὐχῇ
1159 2543 1277 2588 σου,
1313 2532 1372 2597 τῇ
1408 2525 1610 2593 δυνάμει
1644 2533 1731 2594 τῆς
1763 2530 1980 2595 πίστεως,
2019 2527 2102 2580 καὶ
2136 2525 2253 2598 ζήσῃ

302 2599 369 2666 τῷ
408 2597 532 2664 Θεῷ,
568 2594 650 2645 καὶ
685 2591 860 2654 πάντες
897 2595 946 2644 οἷ
972 2593 1436 2662 καταφρονήσαντες.

438 2682 625 2756 ῒῗΑρον
660 2687 756 2742 ἀπὸ
792 2694 882 2742 σοῦ
905 2685 993 2755 τὴν
1007 2686 1187 2756 λύπην·
1223 2691 1305 2742 καὶ
1328 2688 1419 2759 γὰρ
1446 2690 1566 2757 αὕτη
1588 2689 1776 2758 ἀδελφή
1802 2691 1899 2744 ἔστι
1919 2697 2006 2759 τῆς
2025 2693 2255 2759 διψυχίας

299 2759 383 2811 καὶ
420 2765 508 2826 τῆς
541 2758 802 2838 ὄξνχολίας.
876 2762 1011 2826 Πῶς,
1050 2757 1208 2827 κύριε,
1246 2757 1432 2826 ἀδελφή
1469 2760 1594 2812 ἔστιν
1631 2759 1810 2827 αὐτῆςς
1847 2757 1996 2813 ’Άλλο
2045 2759 2136 2830 γάρ
2171 2781 2254 2828 μοι

396 2899 464 2950 18)
492 2901 671 2950 fidelibus
702 2899 786 2938 Vat.
1306 2898 1461 2950 graeci,
1512 2898 1638 2939 Codd.
1678 2906 1717 2939 et
1763 2899 1860 2940 libb.
1899 2899 2015 2952 impr.
2068 2900 2187 2941 fidem
2229 2914 2251 2941 a

398 2955 468 3007 19)
505 2957 579 2995 sibi
612 2955 715 2995 omni
745 2955 936 3005 imperare
967 2966 1124 3005 operum
1155 2967 1248 2994 suo-
1304 2954 1508 2994 nonnullis
1547 2955 1650 3005 vulg.
1683 2968 1716 2995 c.
1748 2955 1842 2996 Fah.
1875 2955 1932 2996 St.
1974 2961 2166 2996 mutatum
2209 2956 2249 2996 in

302 3023 386 3051 rum
418 3023 457 3062 p.
488 3023 528 3051 se
560 3011 711 3063 aliquid
751 3011 1042 3061 impetraturam
1075 3011 1246 3050 omnibus
1301 3012 1509 3061 pessimas.

305 3068 484 3117 operibus
517 3068 602 3106 sais
631 3066 714 3106 Vat.
1388 3065 1433 3117 4)
1463 3065 1693 3106 Lectionem
1723 3066 1827 3117 vulg.
1865 3071 1900 3106 et
1931 3068 2100 3114 omnium
2125 3068 2248 3119 spiri-

389 3122 462 3171 20)
498 3123 591 3174 quia
623 3122 720 3172 fides
752 3133 776 3160 a
806 3133 961 3160 sursum
990 3125 1047 3160 est
1079 3133 1102 3160 a
1123 3122 1190 3161 deo
1211 3126 1248 3160 et
1306 3126 1367 3161 tus
1398 3124 1626 3162 exterminat
1662 3122 1840 3172 corrigas
1872 3135 1917 3162 ex
1948 3121 2047 3163 Cod.
2071 3122 2157 3162 Pal.

304 3179 397 3228 quia
426 3190 605 3227 ma-ynam
634 3178 748 3216 habet
777 3178 954 3215 virtutem
984 3176 1067 3215 Vat.
1388 3176 1431 3228 5)
1464 3178 1694 3217 contribulat
1730 3177 1809 3216 Vat.

388 3231 460 3283 21)
491 3233 647 3272 habenti
663 3231 881 3282 interponit
895 3231 977 3271 Vat.
1005 3231 1247 3270 Graecorum
1389 3232 1432 3282 6)
1465 3238 1500 3271 et
1528 3245 1607 3272 non
1637 3233 1814 3282 intelliyo
1843 3233 2119 3272 similitudines
2145 3233 2245 3273 istas

301 3287 391 3327 vbb.
422 3286 498 3326 καὶ
529 3282 704 3332 πάντες
733 3286 777 3326 οἱ
807 3282 1248 3341 καταφρονήσαντες
1303 3287 1400 3335 Pal.‚
1434 3287 1602 3326 subinde
1620 3288 1806 3338 quomodo
1835 3291 1962 3338 potest
1985 3289 2244 3328 contribulam:

303 3342 434 3381 versio
454 3342 494 3381 in
509 3342 592 3381 Pal.
624 3348 684 3381 est
700 3348 735 3382 et
752 3343 894 3381 caeteri
912 3343 977 3392 qui
998 3342 1042 3380 id
1059 3342 1243 3380 sentiunt.
1304 3341 1386 3381 Vat.
1431 3341 1509 3381 cfr.
1541 3341 1575 3380 ll
1596 3341 1687 3381 Cor.
1720 3342 1757 3389 7,
1793 3341 1854 3381 10.

385 3397 514 3436 Mand.
554 3397 596 3436 X.
659 3396 699 3446 1)
734 3396 883 3436 Graeca
925 3396 974 3435 ad
1004 3396 1082 3435 hoc
1113 3395 1244 3435 Mand.
1387 3396 1429 3446 7)
1462 3398 1529 3446 qui
1561 3396 1705 3436 excidit
1732 3396 1837 3445 Vat.,
1879 3395 1946 3435 ubi
1975 3409 2066 3437 mox
2093 3399 2161 3437 sed
2192 3394 2244 3437 ιῑῆ

305 3451 380 3501 leg.
416 3452 551 3491 Doctr.
583 3451 633 3491 ad
665 3451 846 3491 Antioch.
875 3464 914 3490 n.
950 3451 1012 3491 11.
1041 3463 1081 3502 p.
1113 3451 1207 3490 257».
1300 3452 1543 3490 crediderunt
1582 3456 1617 3489 et
1648 3455 1736 3490 sunt
1764 3452 1888 3491 voluti
1923 3453 1964 3491 in
1991 3453 2169 3504 neyociis
2206 3455 2240 3488 et

387 3506 430 3555 2)
464 3508 655 3556 intelliyes
688 3507 769 3546 Vat.
808 3508 822 3544 i
854 3518 990 3557 supra.
1096 3506 1105 3513 ”
1301 3506 1455 3544 diviciis
1487 3507 1563 3544 omi
1594 3506 1786 3545 homin-um
1816 3507 2061 3547 ethnicorum.

387 3560 431 3610 3)
462 3562 723 3612 nequiorVat.
753 3561 852 3601 Dein
873 3561 1241 3611 revocavipessima
1385 3559 1428 3610 8)
1460 3559 1539 3598 Csr.
1587 3560 1716 3600 Mand.
1764 3561 1850 3611 ll.;
1904 3561 2026 3602 Clem.
2075 3561 2240 3601 Romani

305 3614 390 3653 sine
421 3615 503 3654 ulla
532 3628 628 3655 sana
657 3616 813 3656 ratione
859 3621 899 3655 et
944 3621 1082 3655 contra
1113 3620 1239 3654 textus
1298 3615 1412 3654 Hom.
1444 3613 1496 3663 2,
1531 3614 1592 3655 15.
1623 3620 1662 3654 et
1693 3615 1740 3664 3,
1783 3616 1834 3656 23
1859 3629 1919 3668 sq.
1979 3617 2087 3664 Quae
2125 3616 2239 3656 uncis
