2340 3900
193 157 416 198 xxxvm
968 141 1393 191 PROLEGOMENA.

197 289 411 334 veterem
445 281 640 332 latinam
677 277 931 329 exhibente
968 292 1099 338 usus,
1134 293 1240 328 eam
1274 277 1497 343 repetivit
1524 281 1792 326 correctam
1828 278 1971 338 atque
1992 286 2162 322 emen-

197 353 357 402 datam
396 349 568 401 Oxonii
604 364 644 397 a.
686 346 831 403 1838,
872 346 1018 406 1840,
1059 345 1205 397 1847.

339 421 409 470 De
456 416 707 482 Polycarpi
758 415 1006 480 Epistolae
1040 421 1089 466 et
1119 415 1352 466 Actorum
1388 414 1601 481 Martyrii
1637 409 1942 463 versionibus
1979 407 2163 460 Italicis

203 490 286 539 cfr.
319 504 463 554 supra
499 486 558 536 ad
594 484 923 551 Ignatiu2m.

622 831 820 883 ACTA
872 831 1247 883 MARTYRII
1299 829 1746 882 POLYCARPI.

348 977 392 1025 1.
439 974 572 1034 Quae
608 972 667 1023 de
700 971 964 1038 Polycarpo
1001 987 1090 1037 per
1124 971 1430 1036 Anonymum
1466 985 1523 1018 ex
1557 968 1757 1018 Irenaeo
1794 974 1842 1018 et
1872 966 2168 1032 Hieronymo

203 1049 434 1109 congesta
481 1057 624 1108 supra
672 1041 1012 1107 apposuimuS‚
1067 1039 1280 1106 martyrii
1328 1039 1430 1088 eius
1476 1037 1775 1087 mentionem
1810 1036 2003 1087 faciunt.
2073 1034 2168 1086 Sed

201 1111 493 1180 praeclarius
530 1110 862 1160 testimonium
898 1115 1167 1159 asservatur
1202 1109 1252 1158 in
1279 1107 1494 1173 Epistola
1518 1107 1755 1172 encyclica
1782 1105 1981 1157 nomine
2001 1104 2168 1170 Smyr-

204 1181 429 1234 nensium
466 1179 693 1230 ecclesiae
730 1179 789 1229 de
826 1179 993 1228 eadem
1029 1194 1082 1228 re
1119 1178 1311 1243 scripta.
1361 1176 1597 1226 Eusebius
1631 1176 1791 1241 magni
1828 1191 1934 1226 eam
1957 1172 2172 1233 faciebat,

198 1251 445 1308 ‚maiorem
492 1248 595 1298 eius
639 1254 829 1313 partem
879 1263 991 1297 suae
1036 1247 1278 1296 Historiae
1313 1245 1679 1296 Ecclesiasticae
1715 1245 1950 1295 inserenS.
1963 1241 2004 1308 ¹)
2074 1243 2171 1293 Ne-

207 1335 300 1386 que
349 1333 493 1384 parca
539 1316 667 1366 illius
712 1316 1013 1366 monumenti
1058 1316 1196 1365 laude
1232 1314 1537 1380 sequioribus
1573 1313 1874 1380 temporibus
1907 1317 2176 1380 personant

205 1389 420 1438 virorum
455 1386 712 1436 doctorum
748 1385 935 1446 iudicia,
972 1392 1026 1435 ut
1058 1384 1230 1435 Valesii
1267 1383 1568 1449 (interpretis
1594 1382 1814 1448 Eusebii)
1828 1380 1887 1447 ²),
1923 1378 2175 1444 smithii⁸)

209 1463 259 1507 et
292 1456 513 1506 aliorum.

347 1526 394 1575 2.
443 1523 679 1588 Scriptam
717 1539 822 1572 eam
861 1539 969 1573 esse
1003 1523 1162 1589 primo
1198 1538 1324 1572 anno
1361 1527 1474 1587 post
1508 1521 1756 1588 Polycarpi
1792 1519 2099 1587 martyrium,
2134 1535 2173 1570 c.

213 1594 276 1646 18
311 1609 404 1643 nos
441 1593 624 1642 edocet.
695 1591 766 1643 Ibi
807 1592 935 1642 enim
972 1592 1158 1658 primus
1198 1592 1300 1642 dies
1334 1590 1516 1642 Natalis
1553 1591 1777 1659 martyris
1812 1606 1914 1641 non
1949 1595 2058 1640 ante
2094 1604 2175 1639 ce-

209 1662 422 1714 lebratus
473 1667 686 1726 apparet.
757 1661 939 1711 Auctor
990 1661 1093 1711 eius
1143 1661 1232 1710 sub
1284 1661 1431 1711 finem
1480 1675 1520 1709 c.
1558 1662 1623 1711 20
1662 1678 1714 1711 se
1751 1676 1859 1711 esse
1894 1660 2176 1710 Evarestum

209 1731 351 1791 dicit3
388 1730 567 1780 ibidem
602 1730 791 1780 Marcus
829 1730 1023 1796 quidam
1060 1729 1345 1794 (Martianus
1380 1745 1455 1794 ap.
1490 1730 1711 1780 Veterem
1737 1728 1940 1795 Interp.)
1976 1727 2176 1793 Episto-

211 1801 308 1850 lam
344 1800 404 1849 ad
439 1798 839 1848 Philomelienses
874 1799 1133 1864 pertulisse
1170 1799 1420 1849 indicatur.
1472 1798 1611 1858 Quod
1647 1800 1871 1849 Irenaeus
1906 1797 2051 1848 huius
2089 1811 2175 1847 en-

212 1868 416 1934 cyclicae
460 1868 731 1932 exemplum
779 1883 944 1917 secum
990 1867 1214 1928 habebat,
1270 1867 1442 1927 GaiuS‚
1491 1867 1756 1933 discipulus
1807 1867 1934 1928 eiuS‚
1993 1866 2043 1916 id
2091 1865 2178 1916 de-

212 1937 422 2003 scripsit,
455 1942 625 2000 postea
661 1936 886 1986 Socrates
928 1936 1233 1995 Corinthius,
1272 1943 1320 1986 et
1353 1935 1610 2000 Pionius⁴)
1649 1938 1855 2004 quidam.

351 2005 398 2055 3.
445 2003 689 2068 Epistolae
725 2005 1090 2069 Smyrnensium
1128 2005 1356 2054 ecclesiae
1392 2005 1613 2054 nucleum
1650 2006 1754 2056 sine
1791 2005 2181 2071 interpolationis

211 2074 316 2124 labe
367 2078 573 2132 exstare,
620 2072 669 2122 id
719 2088 829 2122 cum
874 2073 957 2134 iis,
1004 2072 1086 2138 qui
1132 2073 1443 2123 traditionem
1478 2074 1557 2139 pie
1592 2081 1902 2135 venerantur,
1949 2081 2051 2124 tum
2086 2073 2182 2124 illis

211 2149 497 2210 persuasum
540 2146 638 2202 est,
689 2142 769 2207 qui
818 2157 917 2191 non
956 2141 1052 2191 nisi
1089 2157 1204 2192 sana
1238 2143 1427 2192 ratione
1459 2144 1580 2193 duce
1618 2144 1668 2193 in
1705 2143 2001 2193 eiuscemodi
2036 2141 2182 2192 rebus

214 2210 497 2272 decidendis
532 2210 764 2261 utendum
800 2217 985 2276 putant.
1001 2209 1043 2275 ⁵)
1099 2211 1162 2261 At
1196 2211 1365 2261 breves
1402 2213 1632 2278 quasdam
1669 2212 1894 2273 laciniaS‚
1940 2210 2182 2278 imprimis

218 2279 624 2329 narratiunculam
649 2279 778 2328 illam
797 2279 856 2329 de
893 2278 1179 2344 columba⁶),
1216 2281 1480 2346 posteriori
1519 2288 1737 2347 tempore
1763 2281 2011 2332 adiunctas
2034 2280 2184 2331 fuisse

216 2349 499 2398 Heumanno
538 2354 586 2396 et
619 2347 725 2397 aliis
760 2348 916 2397 visum
953 2354 1041 2398 est.
1100 2350 1198 2400 Nec
1233 2349 1447 2413 Herelir)
1485 2350 1765 2415 opinionem
1800 2349 2066 2409 reiecerim‚
2104 2349 2185 2415 qui

218 2417 278 2467 de
325 2416 418 2466 alio
469 2417 578 2466 loco
632 2417 696 2466 ita
750 2423 940 2466 censet:
1011 2418 1277 2484 „Equidem
1325 2418 1543 2469 ultimam
1579 2419 1750 2485 capitis
1786 2420 1852 2469 22
1884 2418 2184 2484 particulam,

219 2500 341 2551 quae
386 2485 446 2534 de
492 2484 666 2534 Pionio
717 2485 950 2550 loquitur,
1000 2487 1212 2551 spuriam
1251 2502 1425 2537 censeo
1466 2494 1515 2537 et
1552 2488 1611 2538 ab
1647 2488 1728 2537 illo
1764 2488 2058 2550 confectam,
2104 2486 2185 2554 qui

220 2553 527 2619 supposititia
574 2554 664 2603 ista
713 2553 760 2602 S.
806 2554 1054 2620 Polycarpi
1100 2562 1228 2617 acta,
1282 2572 1402 2622 quae
1446 2557 1620 2607 Pionio
1665 2557 1780 2608 false
1831 2555 2186 2616 adscribuntur,

219 2622 454 2688 genuinae
503 2622 882 2687 Smyrnaeorum
927 2624 1158 2688 epistolae
1193 2626 1318 2675 mala
1352 2626 1517 2676 fraude
1553 2626 1782 2676 adiunxit.
1851 2625 2020 2675 Verbis
2058 2625 2188 2676 enim

224 2686 407 2750 καθώς
441 2685 658 2756 δηλώσω
692 2685 749 2740 ἐν
782 2691 855 2759 τῷ
890 2690 1114 2758 καθεξῆς
1136 2694 1557 2745 Pseudo-Pionius
1594 2695 1784 2755 indicat,
1819 2694 2191 2760 „sequentibus“

219 2760 274 2825 (i.
292 2776 333 2809 e.
351 2759 486 2810 Actis
521 2759 698 2825 spuriis
732 2759 954 2824 adiectis)
991 2778 1043 2811 se
1079 2763 1428 2813 declaraturum
1465 2780 1587 2826 esse,
1624 2779 1744 2831 quae
1777 2763 2068 2829 Polycarpus
2103 2778 2193 2829 per

219 2829 559 2878 revelationem
597 2828 689 2894 ipsi
728 2829 1144 2880 manifestaverit.“

358 2899 406 2947 4.
453 2898 667 2947 Thomas
704 2897 952 2958 Smithius,
989 2915 1097 2948 cum
1133 2900 1387 2966 Smyrnam
1425 2902 1654 2962 visitaret,
1691 2900 1750 2950 de
1774 2900 1856 2951 illo
1883 2899 2188 2966 amphithea-

220 2971 322 3026 tro,
370 2965 452 3015 ubi
487 2966 780 3032 Polycarpus
817 2966 926 3031 igne
963 2968 1227 3018 exstinctus
1265 2978 1360 3031 est,
1413 2971 1566 3038 deque
1604 2970 1707 3020 eius
1746 2969 1968 3035 sepulcro
2004 2968 2071 3019 ita
2106 2984 2187 3020 re-

219 3036 314 3084 fert
324 3032 389 3098 8);
438 3034 541 3095 „Ad
575 3035 723 3086 latera
758 3035 955 3085 alterius
990 3043 1156 3100 portae
1194 3039 1333 3100 arciS‚
1370 3056 1490 3106 quae
1528 3041 1588 3090 ad
1626 3039 1876 3091 Orientem
1910 3045 1999 3099 est,
2034 3038 2190 3089 adhuc

309 3214 351 3266 1)
382 3215 430 3255 H.
460 3215 504 3255 E.
533 3213 594 3262 lv,
629 3213 691 3253 15.
1320 3215 1363 3267 5)
1396 3189 1550 3258 rain-102
1590 3218 1691 3258 nihi.
1732 3230 1789 3268 gr.
1829 3217 1891 3258 ed.
1924 3217 2080 3257 Harles.
2140 3217 2185 3256 r.

309 3270 353 3321 2)
384 3271 443 3310 Ad
474 3271 522 3310 H.
553 3269 597 3309 E.
630 3268 691 3318 lv,
727 3268 789 3309 15.
824 3273 908 3307 not.
940 3267 976 3308 1.
1232 3271 1308 3310 VII.
1349 3284 1389 3323 p.
1422 3274 1487 3314 51.
1548 3273 1629 3315 Cfr.
1660 3273 1846 3315 Neander
1875 3273 1976 3314 K.G.
2008 3273 2053 3314 T.
2083 3273 2113 3323 1,
2149 3273 2184 3313 1.

305 3325 353 3377 3)
385 3326 521 3366 Schol.
555 3325 597 3364 in
617 3325 690 3376 Ep.
715 3324 871 3376 Smyrn.
894 3323 1002 3364 Eccl.
1025 3323 1173 3375 p.113.
1232 3339 1273 3378 p.
1306 3328 1384 3368 186
1397 3341 1485 3381 sqq.

306 3381 352 3432 4)
382 3380 462 3445 Cir.
495 3395 528 3422 0.
563 3380 629 3444 225
679 3380 821 3421 Pionio
854 3380 949 3443 ficta
978 3379 1176 3443 quaedam
1316 3396 1359 3448 6)
1390 3410 1423 3436 0·
1459 3397 1522 3437 16,

223 3435 738 3501 PolycarprlilartyruActa
766 3442 920 3476 auctorl
938 3436 1176 3499 tribu-untur.
1317 3471 1362 3522 7)
1394 3472 1512 3512 Prole
1567 3502 1576 3512 ⁹
1637 3502 1646 3511 .
1677 3473 1869 3513 LXXXW·

225 3491 266 3532 P.
309 3492 532 3533 Hallounus
572 3505 613 3533 ln
652 3497 743 3532 vltis
788 3491 946 3531 Patrum
991 3491 1175 3531 orlental.
1516 3484 1565 3523 gg
1606 3485 1631 3523 p

225 3547 270 3586 T.
302 3547 339 3597 Ι,
377 3554 472 3599 post
511 3560 600 3588 eum
631 3547 851 3587 Bollandus
890 3559 935 3587 ea
977 3546 1103 3587 edidit
1133 3546 1173 3587 in
1318 3545 1363 3599 8)
1395 3547 1518 3586 Notit.
1547 3553 1649 3598 sept.
1679 3547 1794 3590 Asiae
1826 3549 1971 3590 eccles,
2016 3560 2056 3601 p.
2090 3548 2182 3589 164.

224 3601 331 3643 Actis
364 3603 601 3644 Sanctorum
632 3603 683 3643 ad
718 3602 823 3643 diem
852 3602 907 3644 26
935 3603 1095 3643 Januar.
1233 3601 1327 3643 edit.
1358 3602 1482 3642 Oxon.
1516 3602 1637 3644 1672.
