2340 3900
261 192 358 242 310
406 194 613 241 IGNATII
650 193 916 239 EPISTOLA
951 194 1020 239 AD
1056 193 1497 246 ANTIOCHENSES.
1545 197 1634 242 vu.
1668 196 1776 242 vlu.
1813 195 1880 270 IX.
1916 194 1966 241 X.
2004 194 2073 241 XI.
2109 195 2200 242 XII.

247 322 352 410 ἤτω
388 320 626 387 ἀνάθεμα.
689 323 918 390 Μιμηταί
950 343 1045 408 μου
1070 324 1278 392 γίνεσθε.
1329 323 1622 394 ’Λυτίψυχον
1652 323 1789 394 ὑμῶν
1804 324 2046 392 γενοίμην,
2084 322 2201 376 όταν

247 390 407 457 Ἰησοῦ
443 388 660 457 ἐπιτύχω.
726 389 1071 458 Μνημονεὺετέ
1104 413 1198 459 μου
1235 398 1331 447 τῶν
1366 397 1565 461 δεσμῶν.

389 526 642 579 V111.0i
672 524 1007 611 πρεσβύτεροι,
1028 527 1303 617 ποιμάνατε
1337 529 1390 583 τὸ
1429 531 1480 585 ἐν
1515 528 1631 616 ὑμῖν
1663 530 1914 594 ποίμνιον,
1962 524 2053 590 ἕως
2087 523 2200 581 ἀνοι-

252 596 381 666 δείξῃ
419 592 449 646 ὅ
487 591 609 656 Θεὸς
642 592 726 646 τὸν
762 595 1056 662 μέλλοντα”
1025 618 1183 667 αρχειν
1215 597 1377 666 ὑμῶν·
1417 598 1508 668 ἐγὼ
1543 597 1645 686 γὰρ
1662 595 1759 664 ἤδη
1796 593 2147 679 σπένδομαι,”
2122 616 2203 649 ινα

255 660 466 751 Χριστὸν
500 660 857 751 κερδήσω.οἷ
897 664 1116 721 διάκονοι
1160 668 1541 763 γινωσκέτωσιαν,
1593 667 1701 718 οιόυ
1754 665 1873 717 εἰσιν
1921 659 2202 749 ἀξιώματος,

251 732 334 783 καὶ
369 731 762 795 σπουδαζέτωσαν
796 729 1031 801 ἄμεμπτοι
1065 732 1265 800 εἶναι,“
1243 758 1322 788 ινα
1352 730 1456 789 ωσιι
1493 735 1690 802 μιμηταὶ
1712 737 1941 798 Χριστοῦ.
1997 729 2054 785 ‘0
2086 729 2203 795 λαὸς

250 798 599 857 ὑποτασσέσθω
636 807 738 864 τοῖς
783 804 1121 871 πρεσβυτέροις
1155 806 1237 858 καὶ
1271 812 1371 867 τοῖς
1407 803 1666 865 διακόνοις.
1727 803 1800 853 Αἰ
1849 800 2091 869 παρθένοι
2135 821 2203 871 γι-

251 869 573 932 νωσκέτωσαν,
610 870 705 922 τίνι
737 871 1101 941 καθιέρωσαν”
1078 872 1266 936 εαυτάς

389 1008 603 1063 1Χ.Οί
633 1004 804 1077 ἄνδρες
849 1008 1164 1095 στεργέτωσαν
1209 1009 1293 1071 τὰς
1339 1007 1628 1078 ὁμοζύγους,
1676 984 2078 1075 μνημονεύοντες,
2129 1027 2206 1059 οτι

250 1075 337 1140 μία
373 1075 472 1162 ἑνὶ,
527 1074 586 1128 οὑ
620 1078 792 1131 πολλαὶ
825 1077 896 1130 ἑνὶ
903 1076 1178 1163 ἐδόθησαν
1229 1080 1280 1132 ἐν
1325 1084 1382 1167 τῇ
1419 1080 1580 1131 κτίσει.
1643 1079 1716 1129 Αἱ
1746 1082 1972 1166 γυναῖκες
2004 1072 2205 1160 τιμάτω

251 1159 342 1195 σαν
377 1119 490 1206 τοὺς
525 1142 719 1214 ἄνδρας,
757 1143 823 1207 ὥς
857 1143 1010 1215 σάρκα
1047 1149 1198 1199 ἰδίαν·
1245 1148 1365 1231 μηδὲ
1400 1147 1449 1208 ἐξ
1487 1144 1722 1212 ὀνόματος
1759 1143 1938 1205 αὐτοὺς
1971 1142 2205 1211 τολμάτω-

252 1227 342 1263 σαν
375 1219 564 1265 καλεῖν·
619 1216 1038 1303 σωφρονιζέτωσαν
1074 1215 1154 1280 δὲ,
1202 1215 1382 1282 μόνους
1417 1213 1597 1299 άνδρας
1632 1214 1747 1276 τοὺς
1781 1211 2047 1282 ὁμοζύγους
2082 1210 2230 1299 εἶναι.

250 1283 556 1368 νομίζουσαι,
607 1279 682 1345 οἷς
731 1284 813 1335 καὶ
858 1282 1127 1370 ἦνώθησαν
1172 1283 1293 1337 κατὰ
1340 1282 1537 1354 γνώμην
1593 1284 1868 1337 Θεοῦ.οἰ
1910 1287 2093 1371 γονεῖς,
2147 1279 2207 1333 τὰ

250 1350 393 1401 τέκνα
427 1327 691 1404 παιδεύετει
725 1355 950 1406 παιδείαν
986 1351 1130 1422 ἱεράν.
1192 1352 1264 1405 T&
1290 1354 1448 1417 τέκνα,
1484 1359 1644 1420 τιμᾶτε
1678 1350 1793 1414 τοὺς
1825 1357 1999 1422 γονεῖς,
2032 1351 2115 1402 ινα
2151 1342 2206 1403 εὖ

251 1415 367 1484 ὑμῖν
402 1412 452 1490 ᾗ.

389 1548 579 1600 Χ.οἷ
610 1547 849 1613 δεσπόται,
886 1548 952 1617 μὴ
987 1548 1313 1634 ὑπερηφάνως
1357 1557 1456 1612 τοῖς
1493 1547 1686 1612 δούλοις
1721 1549 1990 1619 προσέχετε,
2038 1546 2207 1634 μιμού-

251 1635 387 1698 μενοι
419 1613 504 1668 τὸν
509 1616 758 1702 τλητικὸν
786 1616 897 1685 Ἰωβ
929 1618 1150 1672 εἰπόντα·
1208 1622 1277 1675 Εἰ
1310 1620 1362 1672 δὲ
1396 1620 1478 1671 καὶ
1513 1618 1750 1685 ἐφαύλισα
1785 1625 1945 1705 κρῖμα
1967 1615 2208 1704 θεράπον-

250 1682 336 1745 τός
370 1705 464 1751 μου
500 1683 534 1752 νὴ
568 1689 871 1774 θεραπαίνης
906 1709 1016 1754 μου,
1053 1690 1347 1786 κρινομένων
1373 1687 1533 1742 αὐτῶν
1550 1687 1674 1755 πρός
1707 1706 1789 1754 με·
1825 1689 1871 1739 τί
1890 1685 1983 1756 γὰρ
2002 1685 2208 1754 ποιήσω,

251 1750 338 1804 ἐὰν
371 1754 532 1805 ἔτασίν
566 1775 662 1819 μου
695 1755 725 1806 ὅ
758 1754 943 1843 Κύριος
978 1757 1283 1842 ποιήσηται,1
1319 1759 1400 1809 καὶ
1435 1755 1493 1809 τὰ
1528 1759 1639 1824 ἑξῆς
1671 1758 1944 1810 ἐπίστασθε.
2001 1758 2066 1809 Οἱ
2097 1758 2205 1810 δοῦ·

248 1826 339 1882 λοι,
375 1819 460 1917 μὴ2
476 1825 779 1911 παροργίζετε
811 1823 927 1885 τοὺς
960 1824 1196 1887 δεσπότας
1231 1827 1283 1878 ἐν
1317 1828 1500 1894 μηδενι,
1534 1827 1618 1878 ινα
1646 1824 1711 1893 μὴ
1732 1831 1897 1879 κακῶν
1936 1823 2209 1894 ἀνηκέστων

250 1889 460 1950 ἑαυτοῖς2
498 1891 643 1942 αἴτιοι
676 1891 899 1959 γένησθε.

386 2032 456 2078 XI.
530 2027 727 2092 Μηδεὶς
770 2026 916 2115 ἀργὸς
961 2030 1184 2094 ἐσθιέτω,
1253 2031 1336 2082 ινα
1384 2028 1450 2097 μὴ
1512 2028 1707 2118 ῥεμβὸς1
1740 2031 1932 2101 γένηται
1977 2032 2061 2083 καὶ
2093 2051 2210 2099 πορ-

247 2093 499 2156 νοσκόπος.
566 2095 750 2162 Μέθη,
789 2095 938 2166 ὀργὴ,
975 2097 1198 2164 φθόνος,
1223 2101 1472 2187 λοιδορία,
1510 2098 1724 2169 κραυγὴ,
1772 2102 2054 2188 βλασφημία
2090 2101 2211 2168 μηδὲ

249 2161 560 2230 ὀνομαζέσθω
596 2164 648 2216 ἐν
682 2163 812 2231 ὑμῖν.
874 2168 948 2218 Αἱ
988 2173 1132 2236 χῆραι
1176 2166 1241 2235 μὴ
1277 2166 1678 2231 σπαταλάτωσαν,
1729 2190 1808 2220 ινα
1847 2167 1913 2237 μκὴ
1948 2186 2208 2258 καταστρη-

247 2232 452 2284 νιάσωσι
485 2238 572 2284 τοῦ
606 2230 768 2319 λόγου.
835 2241 914 2306 Τῷ
918 2240 1160 2322 Καίσαρι
1193 2236 1490 2306 ὑποτάγητε,
1527 2239 1580 2290 ἐν
1616 2235 1691 2300 οἷς
1730 2236 1990 2300 ἀκίνδυνος
2022 2261 2082 2327 η
2089 2237 2208 2292 ὑπο-

250 2299 384 2386 ταγή.
445 2299 572 2362 Τοὺς
605 2323 836 2369 αρχοντας
848 2302 935 2390 μὴ
961 2306 1195 2373 ἐρεθίζετε
1232 2309 1299 2368 εἰς
1333 2304 1657 2375 παροξυσμὸν,
1695 2308 1777 2359 ι-να
1804 2305 1870 2374 μὴ
1896 2310 2018 2360 δῶτε
2055 2306 2207 2396 ἀφορ-

250 2367 347 2434 μὴν
381 2376 482 2431 τοῖς
514 2375 706 2436 ζητοῦσι
739 2370 861 2423 καθ’
898 2371 1053 2456 ὑμῶν.
1059 2376 1077 2402 ²
1139 2377 1265 2460 Περὶ
1300 2375 1352 2426 δὲ
1386 2376 1655 2443 γοητείας,
1689 2399 1722 2442 η
1760 2378 2128 2464 παιδεραστίας,
2172 2375 2207 2444 ἢ

250 2436 447 2501 φόνου,4
444 2437 700 2523 περιττὸν
733 2439 786 2492 τὸ
821 2439 1050 2529 γράφειν,
1087 2441 1232 2500 ὁπότε
1268 2449 1418 2496 ταῦτα
1454 2445 1536 2498 καὶ
1569 2451 1671 2508 τοῖς
1710 2445 1905 2503 ἔθνεσιν
1939 2443 2206 2533 ἀπηγόρευ-

248 2527 327 2557 ται
360 2503 597 2591 πράττειν.
666 2513 827 2565 Ταῢτοι
861 2508 947 2593 οὐχ
984 2509 1110 2597 ὥς
1085 2508 1352 2573 ἀπόστολος
1383 2511 1798 2581 παρακελεύομαι,
1853 2511 1956 2570 ἀλλ’
1995 2535 2060 2575 ως
2095 2531 2206 2568 συν-

251 2577 424 2636 δουλος
457 2571 595 2642 ὑμῶν
628 2573 977 2646 ὑπομιμνῄσκω
1011 2586 1152 2646 υμᾶς.

386 2717 476 2764 XII.
538 2709 835 2801 Ἀσπάζομαι
878 2714 932 2770 τὸ
962 2715 1119 2800 άγιον
1152 2716 1507 2804 πρεσβυτέριον
1568 2713 1864 2842 Ἀσπάζομαι
1898 2715 2013 2785 τοὺς
2047 2719 2206 2806 ἱεροὺς

250 2778 526 2843 διακόνους,
563 2783 646 2839 καὶ
678 2781 732 2838 τὸ
768 2783 1006 2842 ποθεινόν
1038 2807 1120 2854 μοι
1155 2783 1324 2852 ὄνομα.
1336 2783 1430 2872 Ήὸν
1445 2785 1657 2852 ἐπίδοιμι
1692 2784 1799 2841 ἀντὶ
1834 2787 1954 2854 ἐμοῦ
1989 2782 2042 2841 ἐν
2064 2786 2202 2847 πνεύ-

248 2868 358 2914 ματι
406 2847 555 2936 ἁγίῳ,
601 2849 719 2904 όταν
768 2856 980 2941 Χριστοῦ
1017 2853 1246 2922 ἐπιτύχω
1297 2847 1358 2906 οὗ
1406 2851 1675 2921 ἀντίψυχον
1719 2858 1960 2942 γενοίμην.
2012 2853 2204 2909 Ἀσπά-

247 2921 385 2982 ζομαι
415 2918 801 2986 ὑποδιακόνους,
837 2920 1169 2993 ἀναγνώστας,
1206 2921 1421 2989 ψάλτας,
1453 2929 1733 2992 πυλωρους’,
1769 2923 1884 2987 τοὺς
1918 2930 2199 2989 κοπιῶντας,

339 3113 434 3164 Cap.
468 3114 562 3154 vm.
624 3113 666 3167 1)
697 3106 815 3157 ὦσιν
846 3117 940 3156 ον.
1334 3117 1379 3170 3)
1416 3120 1607 3172 γοητιας
1637 3119 1736 3168 ov,
1777 3118 1817 3158 in
1858 3119 1937 3159 hoo
1977 3131 2082 3160 man.
2118 3132 2199 3160 see.

336 3195 431 3248 cap
462 3197 524 3242 IX
586 3195 627 3250 ¹)
660 3194 938 3246 παιδεύεται
971 3200 1014 3240 Β
1250 3175 1661 3284 γοηιῖῗίῗρξθόνουθ,
1693 3229 1743 3268 ad
1775 3240 1886 3289 oram
1902 3228 2016 3275 ἴσως
2037 3226 2198 3284 φόνου.

334 3290 429 3343 Cap.
459 3292 503 3332 X.
564 3290 604 3345 1)
637 3288 884 3360 ποιήσεται,
906 3296 992 3345 VO,
1023 3295 1064 3335 in
1083 3295 1193 3337 cuius

247 3358 370 3396 marg
402 3342 668 3415 ποιήσηται,
701 3346 920 3402 ποιήσετε
950 3351 993 3390 Β.
1338 3336 1383 3388 3)
1411 3340 1473 3378 dei
1500 3338 1584 3379 Pal·

334 3401 377 3453 2)
412 3400 572 3450 αὐτοῖς
601 3403 632 3443 0
654 3405 696 3443 V·
1333 3390 1743 3498 ggppovll‘llff'dgq'uu
1769 3447 1851 3486 Pal.
1883 3447 1941 3488 Cf.
1959 3448 1976 3488 1
1996 3448 2080 3490 Pet.
2096 3450 2134 3498 5,
2157 3455 2195 3490 2.

331 3496 425 3548 Cap.
460 3497 522 3537 XI.
582 3496 627 3550 1)
666 3496 876 3558 ῥεμπτὸς
917 3503 1027 3553 OV3
1070 3502 1191 3542 iidem
1333 3501 1377 3551 2)
1406 3502 1516 3540 vobis
1565 3503 1636 3540 erit
1672 3513 1711 3553 p.
1754 3507 1813 3542 est
1854 3505 1898 3542 in
1948 3504 2060 3545 vobis
2098 3504 2195 3554 Pal„

249 3548 552 3618 πορνοκεόπος.
1250 3557 1322 3595 orie
1350 3556 1459 3595 vobis
1491 3557 1584 3605 Reg.

333 3606 378 3657 2)
406 3603 538 3661 ἡμῶν
567 3608 598 3648 0
617 3609 658 3648 v.
876 3637 880 3640 >
1334 3609 1379 3661 3)
1409 3610 1441 3648 11
1458 3610 1555 3650 Tim.
1586 3612 1625 3661 4,
1657 3612 1694 3652 6.
1728 3612 1828 3653 Phil.
1861 3614 1902 3665 3,
1931 3613 1970 3654 ει.
