2340 3900
535 168 763 216 HERMAE
797 167 1026 214 PASTOR.
1085 166 1247 212 LIBER
1284 167 1354 212 111.
1429 164 1654 212 SlMlLlT.
1691 163 1757 210 VI.
1793 159 1863 220 (A)

462 307 729 364 Quicunque
766 304 903 364 igitur
939 304 1069 363 agitis
1106 303 1455 363 poenitentiam,
1491 302 1670 349 abiicite
1709 315 1734 346 a
1769 299 1895 344 vobis
1930 297 2176 358 nequitiam

631 373 803 418 Induite
841 365 970 417 vero⁶
1019 384 1196 416 omnem
1233 372 1440 418 virtutem
1478 378 1523 417 et
1558 371 1853 430 aequitatem,
1890 374 1933 412 et
1966 366 2176 426 poteritis

232 445 461 490 custodire
512 443 623 487 haec
669 441 900 499 mandata,
950 453 1097 499 neque
1145 440 1358 500 deinceps
1409 439 1624 501 peccetis.
1698 437 1745 483 Si
1796 436 1910 482 enim
1961 434 2177 494 deinceps

231 527 320 558 non
360 511 683 573 peccaveritis,
732 509 974 569 plurimum
1025 522 1078 553 ex
1127 509 1357 568 prioribus
1411 508 1635 554 recidetis.
1707 506 1755 551 ln
1801 503 2020 550 mandatis
2065 503 2180 548 meis

232 581 467 636 ambulate,
506 586 550 625 et
587 578 740 623 vivetis
779 577 884 622 Deo.
956 576 1075 622 Haec
1113 591 1136 622 a
1174 590 1243 622 me
1281 577 1397 622 dicta
1435 583 1539 622 sunt
1563 573 1721 621 vobiS.‘
1791 574 2035 632 Postquam
2066 571 2178 616 haec

230 663 405 694 mecum
442 649 620 694 locutus
659 640 761 701 est,⁷
801 646 860 690 ait
895 645 1027 690 mihi:
1070 659 1239 700 ,eamus
1276 647 1319 690 in
1369 659 1548 730 agrum,
1600 650 1645 689 et
1693 649 1900 719 pastores
1942 632 2180 701 pecorum⁸

231 717 311 762 tibi
350 712 619 763 ostendam.‘
690 711 900 769 ‚‘Eamus,
950 714 1144 773 inquam,
1184 712 1411 769 ,domine.‘
1481 708 1567 757 *Et
1611 713 1814 758 venimus
1862 711 1907 755 in
1958 708 2180 769 quendam

232 800 467 847 campum3
504 790 549 829 et
586 775 695 828 illic⁹
731 782 929 828 ostendit
963 783 1074 827 mihi
1126 783 1330 828 iuvenem
1368 787 1622 841 pastorem,
1673 780 1879 824 vestitum
1929 777 2179 862 synthesim

231 856 602 900 vestimentorum
654 851 808 896 colore
847 852 1078 896 coccineo.
1164 850 1381 897 pascebat
1425 856 1572 894 autem
1623 861 1792 907 pecora
1842 846 2054 905 copiosa,
2099 837 2180 889 et¹⁰

232 937 401 982 pecora
438 922 508 966 illa
547 920 668 966 velut
701 921 746 965 in
779 919 1081 980 voluptatibus
1120 925 1360 973 er·111t,et
1396 916 1600 977 plurimis
1640 915 1842 969 deliciis,
1880 920 1925 958 et
1963 912 2181 958 hilaritate

232 990 530 1044 exsultabant,
568 996 613 1034 et
651 987 919 1034 exsultantia
955 986 1274 1032 discurrebant
1309 987 1398 1030 huc
1433 992 1566 1043 atque
1606 983 1726 1031 illuc,
1798 982 1852 1027 Et
1889 982 1987 1041 ipse
2024 986 2182 1041 pastor

230 1051 575 1104 vehementem¹1
613 1072 667 1102 ex
703 1070 841 1117 grege
888 1070 970 1101 suo
1021 1053 1302 1114 percipiebat
1347 1053 1650 1112 voluptatem3
1697 1058 1742 1097 et
1788 1050 1936 1096 vultus
1983 1049 2181 1110 pastoris

230 1127 347 1173 illius
386 1127 511 1172 valde
550 1125 703 1171 hilaris
742 1132 850 1180 erat,
889 1125 1005 1170 inter
1042 1136 1212 1183 pecora
1250 1121 1563 1167 discurrentis,

369 1246 434 1308 (A)
473 1249 526 1297 11
603 1248 672 1293 Ait
708 1248 817 1293 mihi
866 1246 1077 1307 angelus:
1124 1245 1263 1301 ,vides
1302 1251 1450 1290 autem
1485 1245 1606 1290 hunc
1652 1236 1948 1305 pastorem2⁰
1995 1240 2183 1299 ,Video‚‘

235 1320 432 1379 inquam,
471 1315 698 1374 ,dominef
769 1316 823 1361 Et
870 1315 977 1361 dixit
1011 1315 1148 1360 mihi:
1202 1314 1294 1370 ,hic
1347 1313 1528 1359 nuntius
1567 1313 1820 1359 dulcedinis
1856 1326 1908 1358 ac
1944 1310 2184 1371 voluptatis

236 1395 318 1433 est.
390 1386 471 1432 Hic
510 1400 619 1445 ergo
658 1384 907 1444 corrumpit
945 1390 1119 1429 mentes
1140 1396 1372 1428 servorum
1398 1381 1489 1439 Dei,
1528 1388 1573 1427 et
1608 1374 1788 1428 avertit²
1825 1395 1906 1427 eos
1934 1380 2184 1435 averitate‚

238 1455 472 1501 oblectans
501 1453 842 1513 cupiditatibus,
880 1460 925 1498 et
960 1459 1165 1538 pereunt.
1240 1450 1574 1496 Obliviscuutur
1604 1451 1722 1496 enim
1743 1450 1951 1495 mandata
1971 1449 2048 1494 Dei
2086 1446 2184 1503 vivi,

240 1531 285 1569 et
320 1525 363 1568 in
399 1522 586 1568 luxuriis
626 1528 950 1567 conversantur
987 1527 1030 1565 et
1068 1512 1133 1564 in³
1169 1518 1342 1565 deliciis
1380 1519 1517 1574 vaniS,
1557 1525 1602 1564 et
1625 1525 1980 1579 corrumpuntur
2015 1516 2184 1562 abhoc

236 1592 394 1637 nuntio
433 1591 574 1645 malo,
611 1589 747 1649 aliqui
783 1603 941 1634 eorum
977 1602 1121 1647 usque
1158 1587 1211 1632 ad
1249 1593 1466 1643 mortem,
1505 1586 1643 1646 aliqui
1676 1601 1784 1632 vero
1822 1600 1968 1646 usque
2015 1584 2071 1630 ad
2109 1583 2184 1629 de·

232 1657 504 1706 sectionem.‘
576 1658 684 1703 Dico
723 1658 788 1703 ei:
825 1657 1045 1713 ,domine,
1086 1671 1177 1701 non
1216 1655 1442 1715 intelligo,
1480 1656 1589 1715 quid
1626 1656 1685 1701 sit
1733 1656 1803 1711 ,ad
1850 1650 2071 1710 mortemf
2120 1644 2184 1698 et⁴

235 1729 343 1787 quid
379 1728 448 1782 ,ad
488 1722 823 1772 desectionem‘
891 1722 1052 1781 ,Audif
1081 1725 1259 1799 inquit·
1307 1737 1621 1783 ,quaecunque
1671 1738 1838 1783 pecora
1873 1722 2023 1768 vidisti
2055 1719 2183 1765 valde

234 1796 348 1841 laeta
387 1802 431 1840 et
468 1794 755 1847 exsultantia,
795 1794 825 1837 ii
863 1799 968 1837 sunt
1015 1792 1092 1851 qui
1144 1793 1187 1836 in
1236 1785 1527 1850 perpetuum⁵
1579 1807 1602 1836 a
1636 1791 1729 1837 Deo
1769 1793 2102 1844 discesserunt,
2140 1794 2184 1834 et

236 1863 517 1909 tradiderunt
554 1875 602 1906 se
632 1860 869 1906 desideriis
896 1860 1030 1904 huius
1066 1859 1221 1904 seculi.
1294 1852 1375 1903 Ιίεὃ
1413 1873 1522 1917 ergo
1550 1873 1641 1904 non
1664 1866 1734 1904 est
1762 1873 1846 1918 per
1865 1858 2184 1919 poenitentiam

232 1944 473 1991 regressus
510 1929 563 1974 ad
601 1930 763 1986 vitam3
818 1929 1029 1987 quoniam
1069 1927 1253 1987 quidem
1290 1926 1553 1972 adiecerunt
1589 1926 1643 1972 ad
1677 1926 1853 1987 reliqua
1891 1925 2053 1972 delicta
2090 1939 2185 1980 sua,

234 2006 277 2044 et
320 2012 487 2043 nomen
538 1998 713 2043 Domini
763 1996 971 2043 nefandis
1019 1996 1224 2041 insectati
1275 2002 1381 2040 sunt
1423 1994 1587 2040 verbis.
1661 1994 1927 2041 Huiusmodi
1978 1993 2186 2039 homines

231 2068 367 2112 morti
405 2073 509 2113 sunt
543 2066 765 2112 destinati.
837 2065 956 2120 Quae
993 2079 1101 2110 vero
1139 2064 1287 2110 vidisti
1324 2077 1494 2124 pecora
1529 2078 1622 2110 non
1658 2064 1938 2119 exsultantia,
1977 2062 2060 2108 sed
2094 2075 2185 2107 uno

234 312 390 355 verint.

231 379 365 422 huius
404 375 560 422 seculi.

371 2149 422 2182 *ἴ
414 2159 596 2206 Ηλθον
617 2157 686 2215 εἷς
703 2155 885 2217 πεδίον,
907 2153 989 2204 καὶ
1016 2154 1255 2217 [δείκνυσί
1277 2156 1381 2219 μοι]
1410 2155 1562 2203 παῖδα
1591 2153 1846 2204 νεανίσκον
1872 2151 2189 2217 ἐνδεδυμένον

235 2221 468 2276 σύνθεσιν
514 2222 790 2294 ἐνδυμάτων
821 2224 1093 2309 κροκαίων,
1130 2221 1369 2289 βόσκοντα
1402 2221 1622 2290 πρόβατα
1656 2219 1809 2274 πολλὰ
1841 2223 1972 2273 λίαν·
2010 2241 2091 2272 και
2128 2219 2188 2270 τὰ

233 2292 453 2360 πρόβατα
488 2299 637 2345 ταῦτα
682 2294 746 2358 ἠν
796 2290 907 2344 ωσεὶ
955 2297 1214 2379 τρυφῶντα
1261 2292 1343 2343 καὶ
1390 2292 1500 2342 λίαν
1535 2297 1877 2353 σπαταλῶντα,
1913 2290 1996 2342 καὶ
2032 2288 2185 2358 ἱλαρὰ,

237 2368 501 2447 σκιρτῶντα
537 2359 631 2414 ωδε
665 2360 819 2414 κάκεῖ.
891 2361 987 2411 Και
1041 2359 1190 2422 αὐτὸς
1226 2358 1254 2412 ὁ
1285 2358 1468 2426 ποιμὴν
1501 2381 1631 2412 πανυ
1671 2358 1835 2428 ἱλαρὸς
1870 2360 1950 2411 ἐπὶ
1984 2365 2050 2430 τῷ
2083 2378 2186 2410 ποι-

236 2432 358 2517 μνίω
395 2427 525 2500 αὐτῷ
561 2435 677 2497 (lege
717 2429 885 2494 αὐτοῦ)
921 2432 1008 2496 ἠν,
1058 2431 1140 2480 καὶ
1190 2431 1451 2515 περιέ-τρεχε
1496 2427 1556 2479 τὰ
1618 2429 1851 2496 πρόβατα.
1923 2411 2030 2480 Καὶ
2069 2425 2188 2480 ἄλλα

234 2482 453 2567 προβατα
491 2504 801 2550 σπαταλῶντα
836 2499 917 2548 καὶ
947 2504 1203 2566 τρυφῶντα
1239 2499 1290 2549 ἔν
1325 2497 1457 2568 τόπῳ
1493 2498 1579 2560 ἑνὶ,
1615 2497 1675 2549 οὗ
1711 2498 1873 2563 μέντοι
1908 2502 2185 2566 σκιρτῶντα.

370 2598 398 2654 †
420 2595 519 2645 Καὶ
554 2594 677 2680 λέγει
711 2611 819 2661 μοι·
856 2593 1044 2659 βλέπεις
1074 2592 1158 2645 τὸν
1162 2594 1383 2681 ποιμένα
1413 2599 1610 2657 τοῦτον,
1647 2594 1830 2664 Βλέπω,
1854 2594 1996 2660 φημι,
2032 2590 2184 2680 κύριε.

240 2658 410 2726 Οὗτος,
447 2679 610 2729 φησιν,
640 2661 842 2749 ἄγγελος
873 2668 1062 2730 τρυφῆς
1097 2663 1178 2713 καὶ
1226 2659 1412 2728 ἆπατης
1459 2662 1609 2712 ε’στιν·
1665 2664 1806 2722 οὗτος
1853 2662 2088 2751 ἒκτρίβει
2101 2660 2188 2724 τὰς

236 2731 423 2818 ψυχας
431 2737 528 2783 τῶν
564 2730 751 2783 δουλων
785 2737 873 2783 τοῦ
914 2734 1056 2793 Θεοῦ,
1088 2753 1171 2783 και
1205 2731 1516 2798 καταστρέφει
1536 2729 1632 2782 ἀπὸ
1665 2737 1753 2817 τῆς
1775 2730 2024 2797 ἀληθείας,
2062 2729 2186 2795 ἄπα·

234 2807 331 2853 τῶν
366 2822 515 2862 αυτας
545 2807 650 2863 ταῖς
686 2801 970 2867 ἐπιθυμίαις
1004 2807 1106 2861 ταῖς
1141 2806 1401 2869 πονηραῖς,
1456 2800 1506 2851 ἐν
1543 2796 1621 2860 αἷς
1656 2797 1946 2852 ἀπόλλυνται
1997 2801 2190 2872 ἐπιλαν-

321 2942 366 2994 6)
398 2955 487 2994 erqo
521 2943 629 2991 Vat.,
672 2941 739 2993 qui
769 2940 926 2981 exhibet
966 2946 1001 2980 et
1030 2941 1180 2990 poteris

235 2998 301 3038 hec
335 2999 528 3038 custodire
557 2999 740 3037 mandata
769 3009 836 3036 nec
864 3000 993 3047 potest
1024 2997 1088 3035 hoc
1109 2997 1181 3034 ad·-

1323 2940 1365 2991 9)
1397 2941 1452 2979 ibi
1488 2941 1570 2979 Vat.
1603 2940 1752 2979 Graeca
1780 2945 1871 2978 sunt
1900 2939 1940 2979 in
1969 2940 2105 2980 Doctr.
2133 2939 2203 2983 ad'.

1238 2995 1418 3034 Antioch.
1448 3009 1485 3034 n.
1519 2995 1581 3035 18.
1611 3007 1652 3046 p.
1682 2994 1776 3035 261.
1806 2995 1902 3035 262.
1957 2995 2077 3034 Recte
2109 2994 2185 3035 Pa-

235 3053 384 3093 iciatis.
413 3052 540 3093 Nicltil
558 3066 645 3103 erqo
666 3052 966 3092 adicienoiemes
984 3049 1080 3102 (sic)
1092 3052 1181 3102 plu-

235 3109 375 3148 rimum
405 3121 453 3147 ex
480 3109 678 3159 prioribus
708 3107 900 3148 recidens.

319 3162 364 3215 7)
396 3165 548 3204 locutus
579 3169 636 3204 est
664 3174 807 3203 mecum
835 3162 918 3200 Vat.

320 3218 366 3268 8)
394 3231 576 3270 pecorum
601 3224 782 3270 pastores
822 3216 899 3256 inv.
942 3217 1022 3257 Vat.
1084 3216 1181 3263 Quia

236 3273 347 3314 hisce
377 3273 418 3313 in
450 3273 672 3313 Visionihus
699 3272 813 3313 multi
842 3272 1020 3311 Pastores
1055 3284 1181 3323 appa·

234 3335 346 3379 rent,
393 3335 609 3380 eapropter
637 3329 807 3368 Hermae
849 3339 949 3377 opus
990 3327 1180 3377 Origenes

238 3383 416 3434 appellat
445 3383 589 3423 librum
630 3384 678 3423 de
708 3381 954 3422 Pastorihus.
1008 3381 1085 3422 Cot.
1133 3381 1182 3421 At

235 3437 516 3478 Benedictinus
537 3438 679 3488 editor,
710 3437 882 3478 lectione
913 3438 988 3476 hac
1017 3436 1180 3484 reiecta,

237 3492 370 3532 locum
403 3493 584 3544 Origenis
616 3494 660 3533 T.
690 3494 718 3532 1.
747 3505 788 3544 p.
826 3493 918 3533 140.
953 3492 1032 3534 col.
1061 3492 1099 3531 2.
1133 3492 1179 3530 D.

238 3559 283 3642 gx
305 3549 404 3643 .Μέ5.
437 3547 496 3589 sic
524 3543 720 3589 restituit.
755 3549 825 3589 sed
855 3555 890 3589 el
919 3547 1094 3588 Pastoris
1128 3546 1179 3585 li-

262 3612 303 3642 er
375 3603 442 3643 all.

1239 3050 1338 3089 stori
1368 3051 1517 3100 Augelo
1547 3051 1853 3099 illecebrarum,
1884 3050 2106 3090 dulcedinis
2137 3063 2183 3090 ac

1238 3105 1455 3156 voluptatis
1477 3106 1592 3146 datur
1613 3105 1820 3157 Synthesis
1845 3105 2045 3156 coccinea,
2066 3116 2183 3156 quam

1238 3173 1354 3200 nemo
1377 3161 1505 3200 nescit
1524 3166 1673 3200 vestem
1697 3160 1819 3199 fuisse
1837 3159 2076 3210 preciosam,
2100 3159 2183 3199 ele-

1239 3221 1418 3265 gantem,
1451 3215 1742 3264 coenatoriam,
1786 3214 1959 3254 iudicem
1989 3214 2178 3264 laetitiae,

1239 3276 1356 3321 atque
1391 3284 1412 3310 a
1442 3270 1694 3310 mollioribus
1723 3269 1884 3308 solitam
1915 3268 2038 3308 indui.
2073 3269 2152 3310 Cot.

1325 3324 1398 3376 10)
1431 3325 1569 3365 Codic‘l
1598 3325 1682 3364 Vat.
1712 3323 1941 3363 exciderunt
1971 3337 2082 3364 vocc.
2108 3337 2194 3376 pe·-

1237 3392 1324 3419 cora
1359 3381 1528 3431 copiosa,
1559 3385 1610 3428 et,
1641 3378 1716 3418 sub
1747 3379 1865 3418 finem
1894 3391 1971 3420 scr.
1999 3385 2036 3420 et
2065 3381 2178 3420 exul-

1236 3438 1364 3474 tantes
1395 3435 1658 3476 discurrebant
1687 3434 1758 3474 huc
1791 3435 1895 3474 illuc.

1325 3489 1396 3539 11)
1424 3491 1660 3528 vehementer
1689 3489 1794 3538 Vat.,
1837 3489 1878 3528 in
1919 3491 1997 3530 fine
2024 3491 2179 3532 discur-

1236 3555 1338 3584 rens.
1398 3542 1478 3583 Ista
1508 3543 1704 3583 Pseudo-
1718 3520 1919 3584 Athanasii
1948 3536 2102 3602 (dossh'c
2126 3544 2177 3584 ad

1235 3597 1439 3641 Antioch.:
1473 3598 1658 3653 filiasque
1687 3601 1767 3640 vidi
1802 3612 1902 3652 oves,
1932 3595 2176 3642 luatur-tames
