2340 3900
259 173 360 224 466
604 170 829 219 HERMAE
866 169 1095 216 PASTOR.
1145 169 1308 216 LIBER
1339 169 1391 215 11.
1425 168 1665 215 MANDAT.
1702 167 1769 212 IX.
1790 162 1859 224 (A)

260 323 447 371 possum
483 307 653 367 aliquid
689 313 845 367 petere
882 320 907 351 a
930 307 1134 361 Domino,
1174 312 1219 351 et
1252 306 1472 362 obtinere,
1512 321 1613 352 cum
1636 305 1718 351 sim
1746 309 1958 363 peccator
1982 308 2208 348 tantorum

259 378 479 423 malorum
517 377 563 420 in
602 375 868 420 Dominum²
905 374 1005 419 Noli
1042 367 1151 419 hoc4
1187 375 1398 434 cogitare,
1436 375 1518 420 sed
1556 389 1610 420 ex
1645 373 1749 418 totis
1784 370 2066 431 praecordiis
2103 383 2208 415 eon·

261 452 436 490 vertere
487 445 543 489 ad
594 443 844 488 Dominum.
916 443 1025 489 Pete
1075 443 1171 488 sine
1223 442 1522 499 dubitatione,
1569 449 1614 488 et
1666 441 1783 485 scies
1829 431 2209 485 misericordiam⁶

260 513 448 567 Domini,
486 512 611 572 quod
648 525 736 556 non
774 517 818 556 te
857 510 1155 571 derelinquet,
1193 512 1274 558 sed
1309 511 1571 572 petitionem
1608 510 1780 555 animae
1806 515 1907 553 tuae
1937 507 2211 566 adimplebit.

259 582 358 626 Non
399 587 469 625 est
505 581 623 626 enim
660 580 778 625 Deus
818 580 936 625 sicut
971 579 1176 626 homines
1204 593 1429 626 memores
1452 579 1738 632 iniuriarum3
1776 577 1858 622 sed
1879 582 1950 622 est
1974 577 2211 621 immemor

260 649 553 703 iniuriarum,
616 655 661 694 et
710 648 952 693 miseretur
1003 647 1204 708 figmenti
1261 641 1366 693 sui.⁶
1453 647 1570 707 Ergo
1624 644 1816 706 purifica
1853 658 1934 690 cor
1982 651 2107 690 tuum
2157 643 2210 689 ab

262 716 470 762 omnibus
507 717 623 761 vitiis
661 717 793 761 huius
830 716 998 772 seculi,
1037 723 1083 762 et
1119 717 1308 763 observa
1344 716 1575 776 praedicta
1610 713 1746 759 verba
1781 712 1861 758 tibi
1898 727 1923 757 a
1958 713 2050 758 Deo
2094 712 2208 767 data,

260 792 303 831 et
338 785 536 845 accipies
575 785 723 830 omnia
758 785 901 840 bona,
950 798 1066 844 quae
1115 786 1255 844 petis,
1304 791 1349 829 et
1398 778 1467 829 ex⁷
1526 782 1733 828 omnihus
1778 781 2073 840 petitionibus
2122 781 2211 825 tuis

260 853 372 898 nihil
439 853 584 899 deerit
633 852 739 908 tibi,
787 854 826 898 si
873 853 969 899 sine
1018 852 1298 899 dubitatione
1349 852 1536 912 petieris
1584 864 1608 894 a
1657 841 1884 893 Domino.²3
1967 847 2051 903 Qui
2101 861 2210 907 ergo

259 921 370 967 tales
410 935 498 966 non
534 927 651 976 sunt,
689 923 872 967 omnino
909 921 1021 966 nibil
1070 922 1314 981 impetrant
1350 933 1532 973 eorum,
1569 931 1683 976 quae
1721 908 1915 976 petunt.⁹
1987 916 2097 961 Nam
2136 917 2212 975 qui

259 990 381 1050 pleni
420 996 524 1034 sunt
562 982 704 1044 fide,¹⁰
742 991 911 1036 omnia·
930 996 1086 1066 petunt
1122 990 1327 1042 fidentes,
1367 994 1409 1032 et
1433 986 1706 1046 accipiunta
1730 985 1934 1071 Domlino,
1972 985 2076 1044 quia
2113 985 2211 1030 sine

260 1058 538 1103 dubitatione
573 1064 744 1118 petunt.
816 1059 968 1104 Omnis
1006 1059 1124 1104 enim
1179 1056 1387 1102 dubitans
1427 1056 1587 1109 homo,
1634 1054 1673 1098 si
1719 1046 1846 1099 non¹¹
1891 1053 2211 1113 poenitentiam

259 1127 420 1186 egerit,
457 1125 642 1172 difficile
680 1127 771 1172 Deo
806 1128 934 1172 vivet.
1006 1120 1238 1171 *Puiifica
1282 1138 1391 1182 ergo
1442 1137 1523 1168 cor
1569 1129 1692 1167 tuum
1742 1136 1767 1166 a
1816 1121 2117 1197 dubitatione,
2169 1128 2214 1167 et

258 1195 392 1240 indue
432 1194 582 1249 fidem,
621 1201 665 1240 et
701 1195 837 1241 crede
870 1195 986 1249 Deo3
1036 1200 1080 1239 et
1131 1193 1304 1247 omnia,
1353 1205 1473 1268 quae
1510 1191 1724 1251 petieriS‚
1761 1190 1974 1249 accipies,
2044 1189 2136 1235 Sed
2173 1190 2211 1235 si

257 1269 383 1322 petas
422 1262 666 1322 aliquando
705 1263 994 1323 petitionem,
1034 1268 1080 1307 et
1123 1276 1215 1307 non
1268 1261 1488 1320 accipiaS‚
1542 1259 1636 1305 noli
1685 1258 1912 1314 dubitare,
1967 1259 2074 1318 quia
2122 1269 2212 1304 non

259 1324 390 1375 cito¹²
440 1332 670 1390 acceperis
717 1332 979 1391 petitionem
1025 1331 1197 1375 animae
1242 1336 1358 1375 tuae
1439 1328 1646 1374 Forsitan
1707 1328 1827 1373 enim
1875 1333 2066 1415 proptelr
2103 1332 2211 1373 tem·

261 1399 524 1458 ptationem,
562 1406 638 1445 aut
671 1414 755 1460 pro
793 1405 983 1459 peccato
1021 1405 1115 1454 tuo,
1154 1398 1276 1457 quod
1319 1404 1366 1443 tu
1402 1398 1601 1457 ignoraS,
1640 1393 1813 1442 tardius
1829 1389 2066 1457 accipies¹³
2100 1396 2212 1455 peti·

259 1466 430 1512 tionem
467 1474 602 1515 tuam.
675 1468 766 1513 Sed
800 1474 850 1512 tu
885 1467 977 1512 noli
1015 1467 1222 1512 desinere
1260 1466 1456 1527 petendo
1491 1465 1751 1525 petitionem
1788 1465 1963 1510 animae
2000 1470 2130 1519 tuae,
2168 1471 2213 1510 et

259 1535 470 1594 accipies.
542 1536 590 1581 Si
625 1543 773 1581 autem
812 1528 1099 1581 cessaveris¹4
1134 1535 1356 1595 petendo,
1408 1534 1463 1579 de
1499 1540 1544 1579 te
1593 1533 1822 1593 queraris,
1859 1547 1951 1578 non
2000 1532 2210 1588 de-Deo,

261 1603 384 1662 quod
420 1618 511 1649 non
548 1604 724 1650 dederit
757 1603 853 1648 tibi.
927 1603 1034 1648 Vide
1072 1617 1182 1663 ergo
1222 1603 1543 1648 dubitationem
1578 1603 1710 1657 hanc,
1743 1595 1914 1660 quam¹⁵
1951 1601 2209 1661 perniciosa

259 1673 319 1715 sit
353 1678 398 1717 et
434 1686 578 1727 saeva,
618 1679 662 1717 et
698 1673 861 1717 multos
898 1672 1113 1716 radicitus
1165 1671 1323 1716 evellat
1358 1685 1382 1715 a
1433 1669 1545 1726 fide,
1603 1670 1736 1716 etiam
1785 1670 1912 1715 valde
1960 1668 2118 1715 fideles
2169 1675 2214 1714 et

262 1737 433 1784 firmos.
506 1740 681 1785 Etenim
720 1741 831 1785 haec
870 1739 1088 1784 dubitatio
1128 1739 1218 1784 filia
1268 1745 1336 1784 est
1375 1737 1565 1794 diaboli,
1606 1745 1651 1784 et
1694 1738 1820 1783 valde
1867 1738 2077 1797 nequiter
2122 1738 2214 1823 agit

261 1819 362 1851 cum
399 1801 580 1852 servis¹⁶
618 1808 709 1852 Dei.
769 1806 1092 1866 †Conteinpne
1120 1820 1229 1866 ergo
1258 1806 1607 1860 dubitationem
1645 1812 1690 1851 et
1726 1806 2028 1852 dominaberis
2054 1799 2211 1852 illius¹⁷

257 1891 388 1960 παρὰ
423 1900 510 1946 τοῦ
557 1896 730 1960 κυρίου
779 1895 906 1959 [καὶ]
957 1897 1142 1960 λαβεῖν,
1197 1892 1486 1962 ἡμαρτηκὼς
1531 1899 1740 1945 τοσαῦτα
1791 1896 1860 1954 εἰς
1895 1892 2072 1958 αὐτόν,
2113 1892 2210 1961 Μη

257 1964 529 2030 διαλογίζου
564 1969 727 2028 ταῦτα,
766 1961 873 2014 ἀλλ’
915 1963 963 2025 ἐξ
1010 1962 1124 2028 όλης
1158 1965 1363 2031 καρδίας
1402 1979 1490 2014 σου
1498 1963 1816 2050 ἒπίστρεψον
1850 1961 1974 2030 πρὸς
2022 1959 2210 2031 κύριον,

255 2032 340 2082 καὶ
375 2033 512 2083 αἰτοῦ
558 2030 678 2119 παρ’
734 2030 886 2084 αὐτοῦ
923 2030 1244 2096 ἄδιστὰκτως,
1293 2033 1376 2084 καὶ
1391 2030 1573 2123 γνώσῃ
1610 2030 1699 2099 τὴν
1734 2033 2210 2102 πολυευσπλαγχνίαν

260 2098 429 2168 αὐτοῦ,
468 2100 543 2153 ὅτι
579 2100 638 2153 οὗ
674 2123 739 2168 μη
761 2117 812 2153 σε
834 2102 1162 2188 ἐγκαταλείπῃ,
1201 2099 1319 2153 ἀλλὰ
1356 2098 1408 2153 τὸ
1441 2103 1617 2187 αἴτημα
1652 2107 1738 2168 τῆς
1773 2106 1935 2168 ψυχῆς
1970 2119 2060 2153 σου
2096 2107 2211 2168 πλη-

257 2145 534 2257 ροφορήσει.
611 2169 716 2222 Οὐκ
753 2171 848 2223 ε’στι
878 2168 986 2255 γὰρ
1036 2169 1063 2222 ὁ
1117 2155 1239 2232 Θεὸς
1284 2192 1351 2231 ως
1397 2172 1449 2222 οἱ
1492 2167 1755 2257 ἄνθρωποι
1791 2176 2208 2237 μνησικακοῦντες,

256 2236 361 2288 ἀλλ’
409 2237 556 2310 αὐτὸς
591 2237 919 2306 ἀμνησίκακός
955 2241 1052 2291 ἐστι
1086 2241 1168 2292 καὶ
1204 2242 1558 2327 σπλαγχνίζεται
1593 2241 1671 2292 ἐπὶ
1705 2237 1794 2306 τὴν
1814 2241 2010 2330 ποίησιν
2045 2238 2210 2294 αὐτοῦ.

258 2304 335 2356 Συ
371 2310 461 2359 οὖν
495 2307 769 2375 καθαρισον
803 2307 891 2375 τὴν
924 2311 1129 2375 καρδίαν
1166 2325 1254 2361 σου
1291 2308 1388 2361 ἀπὸ
1425 2329 1620 2361 παντων
1653 2315 1750 2360 τῶν
1776 2311 1991 2375 ματαίων
2011 2308 2195 2362 τούτων

256 2375 339 2424 καὶ
382 2382 478 2427 τῶν
516 2378 882 2465 προειρημένων
917 2394 994 2429 σοι
1029 2377 1282 2462 ρημάτων,
1317 2379 1399 2431 καὶ
1435 2381 1574 2430 αἰτοῦ
1605 2376 1738 2446 παρὰ
1772 2383 1858 2430 τοῦ
1893 2381 2092 2467 κυρίου,
2128 2352 2210 2431 καί

257 2439 412 2525 λήψῃ,
449 2446 533 2496 καὶ
566 2444 662 2497 ἀπὸ
696 2444 892 2498 πάντων
924 2452 1020 2498 τῶν
1057 2446 1330 2513 αἰτημάτων
1366 2464 1455 2499 σου
1492 2446 1746 2515 αστέρητος
1809 2448 1920 2534 ε’σῃ,
1981 2446 2066 2499 ἒαν
2109 2446 2209 2498 ἄδι-

257 2510 468 2573 στάκτως
502 2512 724 2580 αἰτήσεις.
791 2513 914 2565 Ἐὰν
964 2514 1016 2565 δὲ
1053 2516 1278 2602 διστάσης
1314 2517 1366 2567 ἐν
1396 2537 1454 2586 τη
1491 2518 1668 2586 καρδία
1703 2533 1821 2577 σου,
1856 2499 2001 2567 οὐδὲν
2048 2537 2108 2567 ου
2112 2537 2210 2605 μη

256 2577 394 2651 λήψη
429 2586 525 2632 τῶν
571 2582 843 2649 αἰτηματων
890 2585 1138 2637 σου.οἷ
1177 2606 1267 2652 γαρ
1317 2567 1610 2646 διστάζοντες
1655 2587 1724 2645 εἰς
1758 2582 1843 2635 τὸν
1883 2581 2034 2668 Θεὸν,
2072 2587 2210 2637 οὑτοί

257 2633 378 2700 εἰσιν
410 2671 475 2709 ως
511 2652 733 2738 δίψυχοι,
761 2653 842 2703 καὶ
879 2649 1022 2702 οὐδὲν
1066 2651 1189 2712 όλως
1234 2650 1532 2718 λαμβανουσι
1579 2659 1675 2704 τῶν
1721 2652 1994 2719 αἰτηματων
2030 2653 2206 2706 αυτῶν.

255 2718 320 2767 Οἱ
352 2716 404 2768 δὲ
439 2716 671 2780 ὁλοτελεῖς
719 2718 854 2780 όντες
903 2721 955 2771 ἐν
983 2725 1041 2784 τῆ
1077 2723 1249 2772 πίστει.
1266 2720 1423 2772 πάντα
1470 2724 1743 2783 αἰτοῦνται,
1793 2720 2087 2784 πεπονθότες
2130 2724 2207 2775 ε’πι

255 2782 343 2836 τὸν
359 2784 500 2874 Θεὸν,
516 2789 599 2840 καὶ
626 2787 969 2875 λαμβάνουσιν,
995 2810 1071 2841 οτι
1097 2788 1391 2850 ἀδιστακτως
1414 2793 1674 2852 αἰτοῦνται,
1699 2790 1848 2856 μηδὲν
1874 2793 2206 2878 διψυχοῦντες.

258 2857 372 2915 Πᾶς
417 2877 507 2924 γαρ
557 2859 765 2924 δίψυχος
815 2855 968 2925 ἀνὴρ,
1016 2856 1100 2911 ἐὰν
1150 2857 1215 2926 μὴ
1264 2857 1568 2926 μετανοήσει,
1618 2857 1864 2920 δυσκόλως
1922 2858 2208 2928 σωθήσεται.

341 3089 385 3141 4)
416 3091 482 3131 hoe
514 3104 590 3132 om.
621 3093 705 3133 Vat.
1262 3101 1351 3135 sunt
1382 3097 1423 3135 in
1453 3096 1528 3146 fide
1553 3097 1678 3136 omnia
1708 3099 1841 3146 petunt
1868 3095 2030 3145 sidentes
2053 3106 2104 3134 ex
2124 3099 2203 3135 toto

341 3145 389 3197 5)
416 3149 508 3198 quia
540 3154 575 3188 te
611 3161 687 3188 non
717 3162 757 3200 p
793 3150 897 3201 quod
927 3163 1006 3190 mm
1037 3155 1071 3189 te
1102 3151 1200 3199 Vat„
1259 3152 1358 3190 nihil
1387 3153 1564 3203 impetrat
1593 3164 1644 3190 eoe
1669 3151 1930 3201 petitionibus
1961 3151 2058 3190 suis.

258 3198 348 3238 dein
382 3202 544 3251 replebit
576 3216 616 3254 p.
649 3206 887 3256 adimplebit.
1349 3206 1418 3257 10)
1449 3208 1493 3245 in
1519 3207 1592 3255 fide
1627 3204 1706 3244 Vat.

341 3254 383 3305 6)
417 3269 599 3297 memores
636 3261 844 3308 malorum,
889 3262 957 3300 sed
1003 3262 1199 3301 immemor
1347 3261 1416 3312 11)
1449 3264 1529 3300 sive
1561 3274 1600 3312 p.
1631 3262 1667 3300 si
1695 3273 1769 3300 non
1797 3260 1878 3299 Vat.

255 3310 442 3350 malorum
472 3317 507 3350 et
536 3316 740 3354 miseretur
767 3316 945 3366 fiymento
981 3330 1052 3356 suo
1085 3317 1168 3356 Vat.
1347 3316 1416 3368 12)
1446 3318 1548 3368 quod
1579 3317 1653 3355 cito
1684 3328 1763 3354 non
1792 3315 1876 3354 Vat.

341 3365 384 3416 7)
415 3371 449 3405 et
481 3369 527 3406 ob
558 3381 598 3418 p.
631 3382 680 3408 ese
710 3371 793 3411 vat.
826 3369 905 3409 Csr.
928 3372 1062 3410 Matth.
1074 3372 1193 3420 7‚11.
1342 3372 1414 3420 13)
1448 3373 1618 3422 accipias
1651 3370 1733 3408 Vat.

254 3417 321 3466 21,
354 3420 419 3459 22.
482 3422 643 3463 Graecis
682 3425 808 3475 magis
847 3427 1031 3465 convenit
1062 3426 1193 3465 versio
1341 3424 1414 3476 14)
1443 3426 1688 3464 cessaveritis
1719 3425 1816 3473 vat„
1850 3424 1993 3464 deinde
2024 3428 2199 3477 quereris

256 3472 414 3513 Codicis
440 3476 523 3515 Pal.
1251 3491 1291 3530 p.
1323 3481 1515 3542 queraris.

338 3528 384 3580 8)
415 3532 483 3570 deo
510 3532 593 3572 Vat.
1340 3535 1408 3585 15)
1444 3536 1539 3585 quia
1559 3535 1657 3583 Vat„
1684 3534 1751 3574 uhi
1783 3540 1838 3574 est
1868 3541 1904 3574 et
1940 3536 1992 3575 sit
2013 3547 2053 3586 p.
2074 3537 2128 3576 ait
2148 3540 2198 3590 et,

338 3583 381 3632 9)
412 3585 590 3635 languet
618 3588 700 3628 Vat.
752 3589 823 3633 Qui
854 3602 943 3640 erqo
980 3591 1081 3630 tales
1112 3600 1192 3630 non
1252 3588 1343 3629 dein
1375 3595 1410 3629 et
1440 3601 1480 3640 p.
1510 3590 1640 3629 etiam.
