2340 3900
569 198 603 244 l.
640 194 952 245 CLEMENTIS
990 197 1060 243 AD
1098 196 1222 244 COR.
1278 197 1428 245 xv111.
1467 196 1574 245 XlX.
1609 196 1698 243 XX.
2052 194 2120 245 67

149 351 248 395 ωας
294 335 509 404 quoniam
545 335 828 396 iniquitatem
864 348 1010 382 meam
1048 349 1134 396 ego
1169 350 1414 397 cognosco,
1451 342 1498 384 et
1526 342 1763 399 peccatum
1787 349 1938 382 meum
1964 347 2117 382 coram

149 420 223 454 me
258 412 330 453 est
364 418 562 466 semper.
633 403 734 451 Tibi
771 403 858 451 soli
890 405 1097 466 peccavi,
1136 412 1181 451 ct
1216 406 1380 452 malum
1418 420 1571 454 coram
1608 412 1651 454 te
1700 405 1812 462 leci,
1859 410 1910 451 ut
1956 403 2116 451 iustili-

150 476 271 523 ceris
308 475 353 521 in
390 474 680 521 sermonibus
716 474 833 531 tuis,
870 482 917 520 et
966 474 1143 529 vincas,
1177 487 1276 520 cum
1320 475 1556 534 judicaris.
1626 475 1742 523 Ecce
1779 475 1913 532 enim,
1951 474 1997 521 in
2035 474 2115 520 ini·

149 544 397 606 quitatibus
434 549 684 606 conceptus
719 557 847 600 sum,
885 549 931 590 et
965 543 1010 588 in
1047 544 1248 605 peccatis
1286 545 1497 605 concepit
1529 559 1601 592 me
1635 552 1779 592 mater
1813 558 1928 591 mea.
1998 543 2115 590 Ecce

152 615 297 671 enim,
330 613 567 660 veritatem
603 613 815 660 dilexisti.
886 612 1061 659 Incerta
1096 618 1143 658 et
1177 612 1352 659 occulta
1389 614 1635 674 sapientiae
1681 621 1784 661 tuae
1820 613 2117 661 manifestasti

147 683 272 730 mibi.
343 685 548 744 Asperge
581 696 655 730 me
692 695 816 728 nunc
851 681 1071 743 hyssopo,
1109 687 1154 727 et
1179 682 1459 738 mundabor3
1507 683 1601 730 lava
1625 698 1712 738 me,
1740 690 1947 746 etsuper
1967 683 2114 730 nivem

147 750 408 800 dealbabor.
477 752 659 799 Auditui
694 764 797 798 meo
835 751 891 798 da
929 751 1141 812 gaudium
1178 758 1224 797 et
1258 751 1483 808 laetitiam,
1521 759 1567 798 et
1586 753 1850 800 exultabunt
1881 766 1986 800 ossa
2014 766 2115 800 mea

147 821 395 869 humiliata.
469 823 631 869 Averte
666 821 827 868 faciem
875 826 996 867 tuam
1043 834 1067 867 a
1115 821 1316 881 peccatis
1365 821 1505 877 meiS,
1556 829 1599 868 et
1647 836 1804 870 omnes
1853 822 2115 884 iniquitates

145 904 270 938 meas
307 890 426 941 dele.
498 890 590 938 Cor
621 890 839 938 mundum
878 903 983 937 crea
1019 890 1066 936 in
1102 903 1200 947 me,
1239 890 1383 946 Deus,
1422 896 1466 936 et
1497 891 1704 952 spiritum
1744 899 1915 938 rectum
1953 892 2115 939 innova

148 962 195 1008 in
226 960 483 1007 visceribus
520 961 650 1007 meis.
719 959 784 1006 Ne
819 959 1035 1021 proiicias
1071 973 1144 1005 me
1180 973 1205 1005 a
1241 958 1357 1006 facie
1395 965 1483 1016 tua,
1509 967 1555 1006 et
1590 961 1799 1022 spiritum
1839 966 1965 1007 tuum
2016 975 2114 1008 san·

146 1037 267 1077 ctum
303 1043 361 1076 ne
397 1029 581 1077 auferas
614 1044 639 1076 a
674 1043 762 1076 me.
809 1028 966 1075 Redde
1001 1028 1113 1075 mihi
1150 1028 1363 1075 laetitiam
1401 1028 1611 1075 salutaris
1647 1030 1726 1087 tui,
1765 1037 1808 1076 et
1833 1031 2011 1091 spiritu,
2038 1030 2114 1092 qui

147 1099 271 1147 carni
308 1099 523 1161 imperat,
561 1098 783 1146 confirma
819 1112 905 1144 me.
975 1096 1159 1145 Docebo
1195 1098 1380 1159 iniquos
1417 1099 1510 1145 vias
1556 1106 1683 1155 tuas,
1723 1107 1767 1146 et
1815 1099 1939 1160 impii
1978 1100 2032 1147 ad
2070 1106 2114 1146 te

147 1174 482 1216 convertentur.
550 1168 714 1216 Libera
748 1182 821 1215 me
859 1167 916 1215 de
953 1167 1269 1230 sanguinibus,
1304 1168 1439 1225 DeuS‚
1477 1168 1596 1215 Deus
1634 1168 1791 1215 salutis
1819 1182 1960 1216 meae.
2034 1169 2115 1216 De·

147 1237 346 1286 cantabit
376 1237 531 1299 lingua
566 1251 665 1285 mea
701 1237 915 1285 iustitiam
954 1243 1092 1284 tuam.
1163 1237 1375 1293 Domine,
1413 1251 1467 1284 os
1503 1244 1666 1284 meum
1692 1239 1884 1300 aperieS,
1923 1245 1968 1285 et
2000 1238 2117 1285 labia

146 1321 247 1355 mea
280 1307 611 1354 annuntiabunt
643 1307 822 1355 laudem
858 1313 994 1354 tuam.
1068 1307 1315 1364 Quoniam,
1354 1308 1394 1354 si
1428 1307 1654 1354 voluisses
1700 1306 1996 1364 sacrificium,
2042 1308 2117 1354 de-

146 1377 315 1424 dissem
351 1377 539 1438 utique3
592 1377 676 1424 sed
711 1376 993 1424 holocaustis
1029 1390 1121 1423 non
1159 1377 1415 1423 delectaris.
1485 1375 1769 1425 Sacrificium
1800 1377 1891 1423 Deo
1931 1377 2117 1438 spiritus

148 1445 505 1503 contribulatus3
558 1460 643 1494 cor
678 1447 921 1494 contritum
958 1452 1005 1494 et
1038 1446 1322 1493 humiliatum
1358 1446 1478 1493 Deus
1516 1460 1608 1494 non
1647 1443 1901 1508 despiciet.‘

452 1611 561 1660 xlx.
630 1614 763 1662 Haec
798 1614 1011 1676 exempla
1045 1615 1276 1661 imitantes
1303 1628 1471 1675 pacem
1508 1628 1808 1676 quaeramus.

286 1723 457 1771 Talium
493 1724 631 1787 igitur
665 1732 713 1772 et
745 1731 1000 1783 tantorum,
1035 1725 1111 1787 qui
1148 1731 1238 1771 tam
1277 1723 1447 1771 clarum
1496 1724 1693 1786 elogium
1727 1723 1962 1771 consecuti
1998 1731 2117 1781 sunt,

149 1792 378 1840 humilitas
412 1799 459 1840 et
497 1809 583 1856 per
634 1794 938 1842 obedientiam
977 1794 1202 1853 subjectio
1250 1808 1342 1841 non
1381 1800 1552 1841 tautum
1603 1808 1713 1852 noS‚
1763 1794 1846 1842 sed
1895 1800 1939 1840 et
1983 1807 2118 1855 gene·

151 1863 352 1910 rationes
388 1870 491 1911 ante
525 1877 613 1910 nos
648 1864 864 1913 meliores
902 1865 1123 1922 reddidit,
1176 1877 1258 1911 eos
1294 1878 1458 1925 nempe
1510 1864 1584 1926 qui
1625 1865 1670 1910 in
1709 1865 1872 1911 timore
1913 1870 1959 1910 et
2003 1865 2118 1910 veri·

151 1938 241 1979 tate
279 1940 584 1994 susceperunt
618 1933 798 1995 eloquia
840 1934 956 1980 eius.
1025 1933 1174 1990 Quare
1221 1932 1466 1980 multorum
1517 1947 1880 1995 magnorumque
1929 1940 1975 1979 et
2018 1932 2118 1979 illu·

151 2000 313 2047 sti-ium
345 2008 581 2062 gestorum
615 2003 863 2064 participes
912 2002 1017 2048 facti
1067 2016 1358 2048 recurramus
1395 2001 1452 2047 ad
1487 2004 1615 2063 pacis
1653 2016 1843 2062 scopum
1893 2001 2027 2048 nobis
2063 2001 2119 2047 ab

153 2069 283 2116 initio
318 2068 556 2127 traditum,
592 2077 639 2117 ct
674 2071 812 2118 totius
849 2071 1005 2117 mundi
1041 2078 1277 2131 parentem
1314 2077 1361 2117 et
1395 2078 1647 2117 creatorem
1686 2071 1929 2131 diligenter
1975 2070 2119 2117 intue-

154 2150 311 2193 amur,
346 2144 482 2199 atquc
516 2139 635 2186 illius
670 2138 925 2200 magnificis
962 2146 1007 2186 et
1043 2139 1420 2202 exsuperantibus
1462 2139 1593 2186 donis
1628 2140 1753 2201 pacis
1791 2145 1838 2186 et
1871 2138 2121 2186 benefactis

156 2205 350 2255 tirmiter
381 2207 726 2259 adhaereamus.
799 2209 1081 2270 Cogitatione
1118 2208 1484 2270 contemplemur
1520 2223 1655 2267 eum,
1693 2215 1739 2256 et
1771 2209 1937 2255 mentis
1976 2208 2120 2255 oculis

155 2275 458 2338 longanimam
491 2277 594 2337 ejus
631 2277 904 2326 voluntatem
943 2278 1212 2325 intueamur.
1285 2278 1551 2336 VideamuS,
1591 2285 1874 2340 quantopere
1927 2277 2120 2325 clemen-

154 2350 248 2391 tem
282 2358 335 2392 se
366 2344 584 2407 praebeat
616 2360 726 2409 erga
761 2361 941 2395 omnem
977 2353 1232 2394 creaturam
1268 2360 1411 2396 suam.

154 2508 245 2558 XX.
313 2510 483 2559 Pace-⁸
526 2519 571 2560 et
616 2515 914 2561 concordiam
958 2529 991 2561 a
1026 2514 1126 2560 Deo
1174 2515 1355 2567 amari,
1407 2514 1658 2560 hannonia
1703 2514 1870 2561 mundi
1913 2519 1956 2561 et
2004 2515 2120 2563 ordo

336 2601 540 2643 naturae
575 2597 887 2653 demonstra,-
934 2599 1059 2644 unde
1093 2597 1242 2644 multa
1276 2598 1408 2644 nobis
1444 2598 1664 2657 adfluunt
1699 2598 1964 2659 beneficia.—

293 2704 446 2763 Coeli,
493 2705 822 2768 gubernatione
871 2708 972 2755 eius
1021 2709 1263 2766 commoti,
1318 2709 1363 2755 in
1415 2723 1526 2771 pace
1565 2709 1606 2756 ei
1644 2709 1973 2770 subiiciuntur;
2021 2711 2120 2759 dies

154 2774 289 2822 ctiam
325 2782 373 2822 et
404 2789 495 2823 nox
542 2774 668 2823 nullo
702 2776 790 2824 sibi
825 2777 1015 2825 invicem
1052 2778 1376 2839 impedimento
1416 2779 1712 2826 constitutum
1751 2779 1806 2826 ab
1844 2794 1899 2827 eo
1937 2794 2121 2828 cursum

154 2842 407 2891 absolvunt.
475 2844 555 2892 Sol
592 2851 640 2892 et
669 2845 774 2894 luna
850 2853 898 2894 et
946 2847 1148 2894 siderum
1204 2848 1334 2895 chori
1409 2848 1662 2895 secundum
1716 2849 1815 2895 eius
1862 2849 2120 2897 mandatum

155 2913 254 2960 sine
298 2913 392 2961 ullo
440 2927 601 2962 errore
660 2915 705 2962 in
755 2917 1003 2964 concordia
1068 2916 1155 2963 sibi
1206 2918 1475 2964 constitutas
1523 2917 1849 2979 dispositiones
1898 2918 2122 2965 evolvunt.

155 2982 298 3030 'l'erra
333 2983 518 3045 gravida
552 2984 803 3033 secundum
841 2986 942 3033 eius
976 2985 1251 3034 voluntatem
1285 2987 1381 3034 suis
1406 2987 1689 3049 temporibus
1709 2987 1985 3044 hominibus,
2010 2987 2122 3035 seris

156 3058 203 3099 et
239 3050 453 3099 omnibus
508 3067 624 3115 quae
656 3068 798 3118 super
833 3069 928 3104 eam
965 3063 1075 3103 sunt
1123 3056 1427 3104 animantibus
1488 3057 1749 3104 alimentum
1800 3057 1845 3103 in
1890 3056 2121 3104 abundan-

237 3216 284 3265 4)
313 3215 371 3257 Ad
392 3229 499 3282 nom.
518 3200 683 3269 rccpffit
694 3215 980 3284 praecedentis
1000 3215 1108 3257 verbi
1252 3216 1296 3270 8)
1333 3218 1589 3259 Harmoniam
1628 3217 1762 3258 mnndi
1804 3216 1858 3264 (c.
1888 3216 1974 3268 20.)
2004 3215 2120 3258 insti-

158 3266 392 3326 ἱποίησεν,
422 3285 491 3327 qm
522 3279 584 3314 cet
617 3272 747 3320 Θεος.
1168 3280 1306 3323 niens,
1345 3274 1579 3315 clementem
1618 3286 1661 3313 se
1693 3273 1858 3326 praebet
1888 3273 1992 3314 Deus
2025 3284 2119 3326 erga

242 3328 288 3381 5)
316 3328 463 3370 lmitari
502 3328 661 3370 videtur
698 3335 903 3370 auctorem
946 3329 1020 3382 Ep.
1059 3328 1108 3368 ml
1170 3342 1327 3371 ornnem
1361 3337 1595 3371 ereaturam.
1635 3330 1680 3370 11.

162 3382 285 3426 'bb'-
317 3385 382 3434 ¹²2
418 3386 453 3427 ¹·
1253 3401 1349 3452 Cap.
1371 3399 1446 3441 ΧΧ.
1504 3400 1542 3448 1)
1579 3400 1646 3440 Μκ.
1681 3398 1800 3438 hahet
1842 3396 2116 3452 πανπληθῆ.

242 3452 292 3506 6)
322 3454 545 3509 Participca
575 3453 795 3510 πράξεων
822 3468 982 3506 sumus,
1018 3455 1110 3509 qnia
1168 3456 1281 3508 Apud
1313 3456 1411 3497 Lxx
1447 3462 1486 3497 et
1516 3455 1745 3507 Scriptores
1785 3453 2119 3497 Alexandrinosv

161 3521 296 3552 carnin
327 3511 561 3554 memoriam
591 3512 709 3554 nobis
730 3512 870 3566 prodit
902 3514 943 3554 S.
970 3512 1112 3565 Scrip-
1168 3524 1291 3565 saepe
1310 3525 1391 3552 non
1418 3510 1684 3563 colliquescit,
1706 3509 1777 3549 sed
1800 3509 2005 3551 retinetur.
2035 3508 2119 3552 lac.

161 3571 261 3608 tnta.
303 3566 401 3607 Dav.
1173 3568 1321 3608 Eadem
1342 3566 1545 3608 scribendi
1568 3566 1670 3606 ratio
1690 3564 1794 3606 hami
1818 3578 1911 3607 raro
1933 3565 1972 3607 in
1990 3564 2119 3606 Codd.

244 3622 290 3675 7)
320 3622 542 3666 'l'encamna
581 3636 722 3678 pacem
772 3637 900 3679 aeque
947 3625 1114 3673 firmam,
1173 3623 1440 3664 Laurentiano
1460 3621 1789 3671 mecaenatem,
1809 3621 1875 3675 qni
1895 3621 2120 3663 breviorem

162 3687 210 3717 ac
242 3691 288 3719 ca
321 3678 360 3720 in
392 3691 525 3721 rerum
554 3685 693 3723 natnra
724 3686 893 3723 tenant.
925 3680 971 3721 ΙΙ.
1174 3679 1275 3733 Epp.
1306 3678 1442 3729 ignatii
1476 3678 1750 3720 recensionem
1782 3677 1980 3720 exhibent.

1716 3746 1773 3789 50
