2340 3900
395 157 608 205 IGNA'I'II
640 156 916 204 EPISTULA
950 158 1022 205 An
1058 160 1390 210 MAGNESIOS.
1438 162 1510 210 XI.
1547 161 1639 210 XII.
1676 160 1791 212 XIII.
1829 162 1939 211 xlv·
2051 162 2143 213 151

181 298 329 344 Pontii
364 296 520 353 Pilati3
566 310 686 358 quae
718 309 828 345 vere
862 302 911 345 et
945 297 1258 348 indubitanter
1290 308 1419 363 gesta
1453 284 1564 351 sunt
1596 317 1623 352 a
1656 301 1763 351 lesu
1798 302 2005 364 Christo,
2063 321 2146 368 spe

179 373 354 425 nostra,
387 381 415 413 a
449 380 540 428 qua
573 367 716 414 averti
750 366 920 414 nemini
954 372 1154 414 vestrum
1191 371 1380 418 accidat.

178 491 294 539 pore
331 477 617 540 praesidatus
652 476 802 524 Pontii
837 476 985 534 Pilati,
1022 491 1140 540 quae
1176 493 1283 526 vere
1318 480 1598 545 firmiterque
1648 483 1766 531 sacta
1811 490 1920 533 sunt
1954 497 1981 532 a
2015 484 2141 534 Chri-

178 553 249 594 sto
285 546 400 603 Iesu,
436 561 519 609 spe
555 553 731 604 nostra,
764 560 791 594 a
826 561 917 609 qua
952 546 1208 596 exorbitare
1247 563 1519 613 quemquam
1543 560 1743 602 vestrum
1771 567 1830 602 ne
1859 555 1979 603 sinat
2006 555 2140 604 Deus,

696 698 790 748 XII.
863 701 949 751 Vos
986 702 1108 749 enim
1141 702 1355 750 meliores
1389 717 1461 750 me
1497 706 1619 753 estis.

311 812 455 859 Fruar
492 812 621 860 vobis
657 813 704 860 in
740 812 977 871 omuibus,
1026 813 1254 875 siquidem
1290 814 1456 875 dignus
1493 829 1609 862 sum.
1679 817 1773 865 Etsi
1808 820 1929 867 enim
1975 820 2140 883 ligatus

172 897 272 928 sum
310 897 397 943 pro
431 882 628 939 Christo,
665 883 997 945 comparandus
1045 889 1192 930 tamen
1238 898 1332 930 non
1369 897 1470 931 sum
1507 885 1586 931 uni
1620 893 1849 944 vestrum,
1900 890 1979 950 qui
2016 890 2141 952 ligati

171 966 263 998 non
297 952 420 998 estis.
489 952 625 1009 Novi,
668 952 793 1013 quod
830 952 914 999 hac
950 953 1083 1000 laude
1119 967 1212 1001 non
1250 953 1526 1016 superbitis3
1563 954 1712 1002 Iesum
1750 958 1868 1004 enim
1907 958 2137 1007 Christum

171 1020 346 1068 habetis
383 1022 428 1067 in
466 1021 611 1070 vobis.
669 1021 725 1069 Et
761 1023 919 1084 magiS,
957 1036 1060 1070 cum
1095 1022 1231 1070 laudo
1267 1037 1363 1080 νοε,
1398 1025 1496 1072 scio
1534 1025 1659 1086 quod
1696 1026 1983 1086 erubescitiS,
2022 1029 2141 1077 sicut

170 1091 392 1152 scriptum
427 1098 524 1139 est:
566 1091 732 1150 ,iustus
778 1092 852 1139 sui
884 1098 956 1140 cst
991 1091 1261 1140 accusator.‘

304 1212 328 1237 *
353 1216 443 1264 xu.
489 1215 665 1264 Utinam
700 1215 826 1265 statar
860 1215 989 1264 vobis
1023 1230 1110 1279 per
1137 1218 1302 1275 omnia,
1337 1218 1474 1266 modo
1514 1218 1677 1281 dignus
1712 1219 1812 1267 sim.
1879 1221 1973 1283 Ego
2015 1222 2137 1270 enim

166 1285 274 1332 licet
323 1287 529 1344 vinctus,
575 1286 687 1335 nulli
734 1293 935 1334 vestrum
985 1286 1241 1334 solutorum
1280 1289 1614 1350 comparandus
1653 1304 1768 1336 sum.
1841 1289 1975 1348 Scio,
2014 1292 2138 1352 quod

166 1369 260 1403 non
308 1355 557 1414 inflemini3
618 1370 723 1404 nam
769 1356 920 1404 lesum
967 1356 1195 1404 Christum
1249 1357 1429 1405 habetis
1488 1359 1534 1405 in
1581 1359 1934 1421 vobismetipsis.
2020 1361 2136 1417 Quin

167 1425 320 1487 potius
371 1440 476 1473 cum
526 1426 662 1475 laudo
708 1440 816 1484 νος,
862 1426 961 1474 scio
1010 1440 1091 1474 vos
1144 1425 1316 1475 rubore
1360 1426 1584 1486 suffundi,
1623 1429 1744 1476 sicut
1780 1430 2004 1491 scriptum
2043 1435 2138 1476 est:

163 1496 328 1552 ‚iustus
364 1495 436 1543 sui
474 1503 716 1544 accusator
752 1493 852 1544 est.‘

634 1622 749 1670 XIII.
818 1623 1165 1685 confirmemini
1197 1623 1250 1671 in
1283 1623 1377 1684 fide
1414 1628 1456 1669 et
1489 1624 1675 1671 unione.

298 1717 490 1767 Studetc
536 1720 674 1783 igitur
719 1720 982 1769 confirmari
1029 1720 1075 1767 in
1116 1719 1338 1767 doctrinis
1374 1720 1552 1768 Domini
1601 1727 1647 1767 et
1692 1720 2041 1783 Apostolorum,
2093 1730 2143 1769 ut

163 1790 337 1846 omnia,
374 1804 491 1852 quae
525 1789 698 1848 saciu's,
736 1804 959 1853 prospere
996 1789 1128 1837 vobis
1166 1790 1440 1846 succedant,
1478 1804 1616 1837 carne
1654 1797 1714 1838 et⁴
1739 1791 1926 1853 spiritu,
1966 1791 2056 1839 fide
2094 1799 2141 1839 et

163 1861 374 1914 caritate,
429 1859 476 1906 in
513 1859 627 1908 Filio
676 1867 724 1907 ct
755 1860 887 1908 Patre
924 1867 969 1907 ct
1005 1858 1206 1921 Spiritu,
1240 1860 1286 1906 in
1323 1859 1549 1922 principio
1587 1866 1633 1907 et
1669 1861 1714 1907 in
1754 1859 1873 1918 fine,
1924 1875 2027 1908 cum
2076 1861 2138 1908 di·

162 1929 383 1991 gnissimo
421 1930 641 1992 episcopo
676 1937 846 1988 vestro,
884 1938 931 1977 ct
967 1930 1102 1990 digne
1139 1935 1346 1976 contexta
1384 1929 1609 1991 spirituali
1649 1943 1822 1977 corona
1858 1930 2136 1992 presbyterii

163 1999 330 2054 vestri,
385 2005 565 2045 etcum
603 1998 837 2056 diaconis,
874 2000 965 2046 Deo
1001 1998 1302 2061 placentibus
1373 1998 1576 2045 Subiecti
1619 2005 1769 2046 estote
1821 2000 2044 2061 episcopo
2092 2006 2139 2046 ct

162 2068 290 2115 vobis
334 2075 519 2124 mutuo,
567 2076 617 2115 ut
661 2067 789 2116 Iesus
836 2068 1045 2115 Christus
1098 2067 1219 2114 Patri
1271 2068 1524 2114 secundum
1575 2081 1784 2125 carnem,
1839 2075 1886 2115 et
1928 2069 2135 2131 Apostoli

162 2138 345 2185 Christo
381 2145 427 2184 et
462 2138 582 2185 Patri
620 2145 666 2186 et
701 2137 917 2200 Spiritui3
955 2143 1005 2184 ut
1040 2137 1148 2185 unio
1185 2137 1246 2183 sit
1281 2144 1329 2183 et
1365 2136 1562 2183 carnalis
1601 2144 1648 2184 et
1683 2137 1949 2199 spiritualis.

300 2258 324 2284 ⁶
350 2260 462 2309 xm.
532 2260 641 2310 Bate
690 2275 803 2324 crgo
850 2275 1038 2325 operam
1075 2268 1125 2309 ut
1176 2259 1511 2309 confirmemini
1549 2260 1595 2308 in
1633 2260 1920 2323 dogmatibus
1958 2262 2136 2311 Domini

161 2340 208 2382 et
253 2331 603 2395 Apostolorum,
654 2337 707 2378 ut
753 2332 930 2390 omnia,
978 2346 1094 2393 quae
1143 2331 1319 2387 facitis,
1379 2337 1506 2377 recta
1559 2329 1815 2391 procedant
1863 2332 1958 2388 via,
1995 2346 2134 2380 carne

159 2403 439 2465 spirituque,
478 2399 571 2448 fide
616 2408 666 2448 et
711 2402 924 2458 caritate,
962 2402 1008 2448 in
1057 2399 1150 2447 filio
1187 2406 1235 2448 et
1268 2400 1403 2447 Patre
1439 2405 1487 2446 ct
1522 2399 1568 2447 in
1605 2399 1782 2461 spiritu,
1821 2399 1869 2446 in
1903 2401 2132 2463 principio

158 2479 205 2519 et
239 2473 285 2519 in
323 2470 442 2531 finc;
493 2484 598 2518 cum
634 2470 904 2532 dignissimo
934 2470 1164 2533 Episcopo
1203 2475 1373 2523 vestro,
1417 2475 1463 2516 et
1499 2483 1601 2516 cum
1638 2468 1757 2518 bene
1795 2476 2005 2518 contexta
2043 2472 2133 2533 spi-

159 2540 278 2590 ritali
314 2554 486 2588 corona
507 2539 803 2603 presbyterio
838 2547 1006 2598 vestro,
1044 2546 1091 2588 et
1111 2539 1190 2587 Dei
1216 2539 1437 2587 ministris
1461 2538 1689 2586 Diaconis.
1761 2538 1964 2588 Subiecti
1986 2546 2133 2588 estote

155 2611 385 2675 Episcopo
422 2617 471 2658 et
502 2609 632 2658 vobis
668 2615 854 2669 mutuo,
892 2611 1014 2658 sicut
1048 2610 1176 2657 Iesus
1214 2608 1421 2656 Christus
1455 2608 1605 2667 Patri,
1643 2609 1895 2657 secundum
1933 2624 2132 2668 carnem,

157 2688 205 2730 et
233 2678 445 2743 Apostoli
480 2678 663 2729 Christo
711 2685 761 2728 et
792 2680 917 2729 Patri
964 2687 1011 2728 et
1056 2679 1262 2742 spiritui,
1314 2685 1364 2726 ut
1412 2679 1521 2726 unio
1569 2680 1629 2727 sit
1680 2679 1876 2728 carnalis
1912 2679 2048 2728 simul
2088 2686 2135 2729 et

159 2749 389 2814 spiritalis.

553 2859 662 2909 xlv,
733 2859 878 2909 Orate
905 2873 995 2923 pro
1027 2873 1101 2907 me
1137 2867 1179 2908 et
1204 2875 1295 2923 pro
1327 2860 1524 2909 ecclesia
1557 2859 1745 2920 Syriae.

295 2959 406 3008 Gnm
451 2958 598 3007 sciam
657 2971 740 3006 vos
775 2957 869 3006 Deo
906 2956 1069 3020 plenos
1119 2971 1252 3016 esse,
1306 2957 1522 3006 brevibus
1571 2972 1652 3006 vos
1701 2955 1967 3007 cohortatus
2015 2972 2131 3007 sum.

163 3029 388 3079 Nemore·
424 3034 573 3077 estote
605 3026 698 3075 mei
717 3027 764 3074 in
789 3025 1071 3074 orationibus
1094 3028 1276 3086 vestris,
1314 3035 1365 3077 ut
1381 3029 1520 3077 Deum
1550 3042 1786 3090 assequar,
1823 3033 1871 3076 et
1892 3027 2129 3086 ecclesiae,

162 3114 278 3162 quae
316 3101 362 3146 in
397 3097 529 3161 Syria
563 3102 638 3145 est
669 3119 741 3130 —
776 3094 899 3143 unde
933 3107 1027 3143 non
1065 3109 1167 3144 sum
1202 3096 1367 3159 dignus
1399 3098 1578 3157 vocari,
1626 3098 1809 3160 indigeo
1846 3096 1967 3145 enim
2006 3098 2131 3146 unita

159 3175 308 3217 vestra
344 3169 391 3215 in
425 3167 519 3216 Deo
554 3165 760 3215 oratione
809 3171 858 3213 ct
892 3162 1114 3213 charitate
1149 3188 1218 3197 —
1254 3172 1306 3214 ut
1350 3167 1571 3226 ecclesia,
1620 3180 1737 3230 quae
1788 3167 1834 3214 in
1873 3165 2007 3229 Syria
2043 3173 2128 3227 est,

161 3244 391 3287 mereatur
424 3251 512 3300 per
545 3235 784 3286 ecclesiam
822 3239 1019 3283 vestram
1056 3234 1259 3283 irrorari.

298 3351 323 3380 ⁴¹
343 3355 452 3404 xlv,
525 3354 636 3404 Cum
680 3352 845 3411 sciam,
895 3366 977 3402 vos
1014 3353 1092 3402 Dei
1128 3353 1291 3416 plenos
1341 3367 1472 3414 esse,
1508 3354 1707 3404 breviter
1742 3367 1823 3401 vos
1861 3353 2127 3403 cohortatus

161 3442 277 3476 sum.
345 3426 571 3474 llcmores
608 3429 757 3472 estote
790 3424 880 3471 mci
916 3422 961 3471 in
999 3421 1286 3471 orationibus
1335 3425 1528 3483 vestris,
1580 3431 1628 3471 ut
1674 3424 1811 3471 Dcum
1858 3436 2129 3487 consequar,

163 3503 210 3545 ct
243 3495 499 3554 Ecclesiae,
550 3507 667 3558 quac
715 3494 760 3541 in
797 3492 928 3556 Syria
980 3500 1051 3540 est
1103 3490 1253 3549 (cuius
1290 3507 1377 3557 ego
1414 3492 1667 3542 membrum
1704 3492 1856 3540 vocari
1892 3506 1984 3541 non
2021 3508 2124 3543 sum

164 3566 356 3629 dignun
402 3576 520 3629 opus
573 3564 695 3612 enim
731 3562 842 3611 mihi
877 3569 948 3611 est
983 3564 1106 3611 unita
1144 3564 1186 3609 in
1224 3563 1317 3611 Deo
1367 3564 1573 3611 oratione
1610 3568 1760 3611 vestra
1808 3567 1855 3611 et
1904 3561 2123 3625 caritate),

72 3627 81 3635 ’
163 3642 215 3685 ut
248 3633 452 3684 Ecclesia
482 3631 643 3697 Syriae
678 3638 909 3683 mereatur
943 3647 1029 3696 per
1063 3639 1257 3681 vestram
1296 3632 1547 3682 Ecclesiam
1582 3630 1862 3695 refrigerari.
