2340 3900
568 171 780 220 totum
810 170 1085 217 EPISTOLA
1119 171 1191 217 An
1227 166 1588 217 TRALLIANOS.
1635 168 1705 216 IX.
1740 168 1790 215 X.
2058 163 2159 215 237

197 315 370 377 dirupit
398 302 680 366 maceriam?
714 321 832 370 quae
868 314 967 355 erat
1002 322 1028 354 a
1063 308 1234 366 seculo,
1272 317 1319 356 et
1354 309 1552 357 medium
1587 309 1809 371 parietem
1838 298 1960 355 eius⁶
1997 306 2157 354 dissol-

195 386 284 442 vit3
317 390 367 431 et
394 381 647 431 resurrexit
681 378 814 425 tertia
849 377 936 434 die,
974 379 1274 425 resuscitante
1312 393 1415 425 eum
1440 378 1604 435 Patre3
1650 385 1698 426 et
1728 383 1835 441 post
1869 377 2000 435 dieS,
2020 370 2159 438 quos'

197 451 486 502 conversatus
522 455 596 496 est
628 462 733 496 cum
766 445 1028 509 Apostolis‚
1074 454 1336 508 assumptus
1385 455 1457 495 est
1492 448 1550 495 ad
1582 448 1789 495 Patrem.
1836 453 1883 495 et
1929 439 2071 495 sedit⁸
2103 446 2161 493 ad

196 523 426 570 dexteram
460 519 585 575 eiuS,
632 522 878 580 expectans
914 515 1061 562 donec
1095 523 1325 577 ponantur
1363 531 1522 564 omnes
1568 517 1739 564 inimici
1773 517 1871 564 eius
1916 516 2002 565 sub
2035 516 2162 579 pedi·

193 591 281 638 bus
316 589 478 651 ipsius.
548 554 629 635 n'ie
664 600 777 648 ergo
813 585 1067 632 Parasceve
1103 586 1238 631 tertia
1269 586 1384 631 hora
1419 587 1596 647 accepit
1621 586 1894 634 sententiam
1936 600 1963 633 a
1997 585 2156 641 Pilato,

193 659 480 724 permittente
513 658 675 718 Patre,
711 660 838 704 sexta
871 668 982 701 vero
1005 653 1253 701 crucifixus
1277 661 1375 711 est3
1412 669 1533 701 nona
1562 661 1710 703 autem
1734 656 1885 703 emisit
1920 655 2158 718 spiritum.

194 734 297 776 ante
328 727 444 775 solis
479 741 590 775 vero
626 717 864 774 oceasum⁹
899 724 1135 786 depositus
1182 729 1254 770 est
1289 724 1344 770 de
1383 737 1520 771 cruce
1555 733 1602 772 et
1650 726 1858 804 sepultus
1905 726 1951 773 in
1997 738 2159 774 monu-

195 803 348 845 mento
381 811 517 845 novo.
586 795 784 843 Sabbato
815 807 927 841 vero
963 793 1130 840 mansit
1165 791 1250 839 sub
1288 799 1411 839 terra
1447 793 1491 839 in
1519 795 1780 855 sepulchro,
1819 795 1864 842 in
1890 809 1982 857 quo
2009 795 2166 857 posuit

195 881 299 915 enm
336 865 500 928 loseph
547 865 603 913 ab
635 857 935 912 Arimathia.¹⁰
1005 862 1238 909 Dominica
1274 868 1424 908 autem
1476 862 1549 909 die
1588 865 1840 911 resurrexit
1886 878 1911 910 a
1955 865 2162 923 mortuis»,

194 935 446 984 secundum
482 935 608 997 qnod
643 935 816 982 dictum
853 939 926 980 est
960 931 1017 979 ab
1057 945 1141 979 eo:
1179 932 1299 978 sicut
1336 931 1418 978 suit
1448 931 1580 979 Ionas
1620 934 1665 979 in
1704 940 1859 980 ventre
1896 935 1983 981 ceti
2018 933 2164 982 tribus

195 1005 358 1053 diebus
393 1012 440 1052 et
470 1004 616 1052 tribus
653 1003 890 1060 noctibus,
929 1002 995 1049 sic
1030 1002 1120 1048 erit
1155 1001 1295 1048 Filius
1333 1001 1530 1047 hominis
1570 1002 1614 1047 in
1654 1002 1794 1049 corde
1831 1000 1982 1051 terrae
2019 1003 2164 1051 tribus

196 1075 356 1122 diebus
392 1082 440 1122 et
472 1073 620 1121 tribus
666 1066 935 1121 noctibus.¹¹
1007 1070 1219 1118 Continet
1265 1062 1418 1132 ergo¹²
1469 1071 1567 1118 dies
1604 1071 1852 1119 Parasceve
1903 1074 2166 1135 passionem

193 1145 320 1202 eius,
356 1143 608 1191 Sabbatum
643 1157 751 1191 vero
788 1141 1072 1205 sepulturam
1108 1147 1154 1188 et
1189 1141 1425 1203 requiem,
1476 1139 1711 1227 Dominica
1758 1148 1908 1189 autem
1958 1157 2166 1191 resurre-

196 1214 410 1262 ctionem.

335 1338 388 1386 X.
457 1311 647 1397 Quidam
684 1345 836 1387 autem
875 1344 1089 1399 tanquam
1125 1337 1225 1384 sine
1262 1336 1355 1383 Deo
1402 1337 1625 1384 increduli
1662 1343 1708 1384 et
1745 1337 1954 1386 infideles
1994 1339 2163 1397 dicunt,

200 1423 305 1458 eum
337 1410 533 1472 putative
567 1415 741 1456 tantum
779 1408 923 1455 fuisse
958 1408 1215 1463 hominem,
1271 1413 1319 1452 et
1354 1421 1447 1453 non
1486 1421 1642 1454 verum
1681 1421 1849 1468 corpus
1885 1409 2165 1471 suscepisse,

201 1486 339 1542 atque
371 1481 570 1542 putative
602 1493 787 1541 passum
839 1484 886 1526 et
932 1483 1176 1524 mortuum.
1247 1475 1341 1537 Ego
1378 1490 1487 1524 vero
1533 1491 1619 1538 pro
1667 1477 1883 1538 passione
1931 1484 1977 1526 et
2022 1485 2170 1527 morte

202 1549 379 1596 Domini
410 1549 502 1596 mei
533 1542 733 1596 vinctus¹
768 1562 883 1604 sum,
920 1554 967 1595 et
998 1553 1111 1636 opto
1148 1545 1206 1592 ad
1242 1544 1414 1593 bestias
1452 1561 1670 1609 pugnare.
1742 1546 1789 1593 Si
1827 1547 1947 1594 enim
1970 1550 2170 1610 putative

202 1625 250 1666 et
282 1631 375 1665 non
409 1631 516 1666 vere
549 1632 716 1681 passus
751 1625 824 1665 est
858 1609 1019 1679 atque²
1053 1621 1290 1671 mortuuS,
1328 1630 1439 1678 ergo
1478 1630 1564 1678 ego
1603 1617 1743 1678 gratis
1783 1618 2032 1665 moriturus
2070 1634 2170 1667 sum

199 1688 437 1735 mendacia
470 1687 527 1735 de
564 1701 702 1736 cruce
724 1687 901 1734 Domini
939 1686 1223 1748 confingens.
1296 1684 1389 1732 Sed
1424 1692 1470 1732 et
1492 1686 1723 1748 Propheta
1758 1687 1994 1748 superflue
2016 1688 2148 1736 dixit.
2151 1682 2170 1710 ³

201 1756 444 1815 ,Videbunt
479 1758 524 1804 in
561 1771 699 1819 quem
739 1762 1127 1819 compunxerunt,
1177 1761 1222 1802 et
1266 1755 1483 1818 plangent
1530 1749 1691 1818 super⁴
1738 1757 1921 1819 seipsos
1959 1764 2168 1820 tanquam

201 1839 344 1889 super
377 1825 605 1885 dilectum,
640 1833 688 1875 et
720 1826 942 1875 dolebunt
977 1826 1137 1874 dolore
1172 1831 1386 1885 tanquam
1423 1840 1564 1887 super
1600 1825 1982 1887 primogenitum.‘
2051 1829 2170 1891 Ergo

201 1893 412 1943 infideles
448 1895 513 1943 illi
545 1903 594 1943 et
629 1897 853 1945 increduli
889 1910 981 1943 non
1018 1896 1168 1942 minus
1204 1901 1338 1951 sunt,
1377 1909 1513 1956 quam
1551 1895 1638 1953 illi,
1678 1896 1756 1956 qui
1795 1910 1898 1944 eum
1934 1897 2172 1945 crucifixe-

203 1971 322 2012 mut.
389 1964 485 2026 Ego
521 1959 693 2013 autem⁶
728 1966 797 2013 sic
829 1964 988 2012 devovi
1026 1978 1155 2025 spem
1195 1962 1367 2010 habere
1418 1964 1462 2010 in
1501 1978 1630 2021 eum,
1682 1965 1761 2025 qui
1810 1980 1896 2026 pro
1943 1980 2015 2014 me
2067 1969 2171 2015 vere

204 2040 415 2081 mortuus
450 2040 538 2090 est,
571 2035 679 2095 quia
712 2034 908 2082 alienum
944 2040 1017 2081 est
1051 2033 1107 2079 ab
1143 2046 1200 2080 eo
1246 2033 1547 2080 mendacium.
1617 2033 1733 2080 Vere
1779 2035 1945 2081 etenim
1991 2038 2174 2098 peperit

205 2101 343 2149 uaria
379 2096 590 2164 contus}
626 2103 719 2151 Deo
755 2105 800 2151 in
837 2117 896 2150 eo
932 2102 1187 2158 habitante,
1239 2108 1286 2148 et
1322 2116 1427 2149 vere
1464 2110 1596 2149 natus
1635 2109 1707 2150 cst
1732 2103 1850 2151 Deus
1882 2104 2078 2153 Verbum
2118 2121 2172 2154 ex

206 2171 404 2232 Virgine,
440 2184 609 2234 corpus
644 2173 852 2220 similiter
873 2172 1007 2219 nobis
1045 2170 1282 2259 passibile
1297 2173 1396 2218 sine
1420 2179 1607 2233 peccato
1647 2173 1855 2221 induens.
1925 2173 2042 2222 Vere
2066 2189 2172 2223 con-

207 2247 371 2303 ceptus
403 2246 476 2288 eet
511 2242 557 2288 in
594 2249 755 2300 utero,
807 2249 856 2290 et
900 2242 1049 2289 factus
1097 2248 1169 2289 est
1216 2233 1282 2287 in'
1320 2241 1471 2298 vulva,
1517 2242 1719 2290 formans
1768 2249 1815 2289 et
1861 2242 2034 2291 faciens
2084 2245 2172 2295 sibi

205 2323 379 2372 eorpus
413 2324 470 2358 ex
506 2310 703 2373 Virgine,
741 2312 840 2359 sine
876 2312 1050 2359 semine
1087 2311 1265 2358 scilicet
1300 2317 1347 2357 et
1383 2311 1690 2359 collocutione
1724 2313 1835 2359 viri:
1871 2319 2173 2377 portatusque

208 2379 253 2425 in
294 2385 453 2433 utem,
501 2380 624 2427 sicut
654 2387 704 2428 et
737 2394 824 2428 nos
862 2387 1070 2443 tempore
1104 2380 1271 2442 portati
1309 2394 1492 2427 sumus·
1543 2387 1588 2428 et
1624 2395 1731 2429 vere
1766 2381 1957 2429 lactatus
1994 2390 2090 2442 est,
2129 2392 2175 2432 et

206 2448 419 2504 nutritus,
453 2449 589 2496 sicuti
625 2456 674 2498 et
707 2444 830 2507 nos‚⁸
865 2457 912 2497 et
946 2450 1052 2497 cibo
1089 2456 1136 2498 et
1171 2455 1298 2511 potu,
1336 2450 1470 2497 sicuti
1507 2457 1554 2497 et
1593 2465 1694 2506 nos,
1732 2465 1843 2499 usus
1882 2457 1979 2509 θεῖς
2017 2460 2064 2500 et
2096 2455 2173 2501 tri·

207 2517 332 2579 ginta
365 2530 511 2566 annos
546 2532 688 2582 agens
724 2518 977 2583 baptizatus
1012 2526 1085 2567 est
1122 2512 1169 2566 a⁹
1204 2517 1406 2566 Iohanne
1443 2520 1490 2566 in
1523 2521 1712 2568 veritate
1751 2526 1796 2568 et
1832 2535 1926 2569 non
1963 2521 2009 2568 in
2033 2524 2172 2586 phan-

207 2593 425 2635 tasmate:
469 2595 519 2636 et
551 2588 697 2637 tribus
732 2590 863 2638 annis
899 2589 1176 2652 praedicavit
1211 2587 1528 2651 Evangelium,
1579 2597 1626 2638 et
1660 2590 1769 2639 fecit
1823 2591 1952 2653 signa
1987 2599 2034 2641 et
2069 2608 2174 2656 pro·

296 2760 368 2814 10)
397 2758 617 2820 αἱμάτων
655 2762 700 2806 Β.
761 2763 806 2806 Ιιι
843 2763 946 2806 ssed.
989 2760 1041 2806 lx
1082 2778 1108 2806 τ
1110 2765 1163 2818 ἧς
1306 2762 1378 2819 10)
1409 2765 1457 2805 ab
1492 2766 1806 2811 arimarimathia
1835 2766 1919 2809 Pal.

208 2818 462 2876 παρθένου.
544 2839 548 2841 ·
1309 2820 1380 2875 11)
1410 2821 1529 2863 Voce.
1562 2823 1618 2864 sic
1657 2824 1729 2864 erit
1759 2823 1887 2865 Filius
1925 2824 2092 2866 hominis
2135 2829 2176 2868 in

297 2874 369 2927 11)
392 2870 594 2931 &pultat
620 2875 656 2916 0
677 2875 732 2925 V,
775 2872 968 2934 ὁμιλίας
995 2876 1081 2919 illic
1110 2876 1161 2918 ad
1218 2878 1329 2919 corde
1359 2883 1485 2919 terrae
1508 2879 1633 2919 tribus
1665 2881 1803 2921 diebus
1835 2884 1872 2920 et
1906 2881 2030 2922 tribus
2050 2884 2175 2924 nocti-

216 2940 343 2971 οηιι.
1220 2935 1291 2975 bus
1323 2947 1403 2975 non
1435 2934 1511 2987 leg.
1543 2934 1583 2975 in
1614 2935 1697 2977 Pal.
1732 2936 1826 2988 neg.
1880 2935 2090 2979 Praeterea
2124 2940 2181 2981 cfr

302 2984 371 3038 12)
400 2984 512 3027 Ordo
562 2996 675 3027 voce.
724 2982 921 3043 ἀνδρός·
979 2986 1043 3036 ὥς
1085 2988 1165 3032 καὶ
1220 2990 1356 3032 ΜιιῑιΙι.
1391 2991 1456 3042 12,
1490 2992 1556 3033 40.

215 3037 351 3097 ἡμεῖς
380 3036 676 3099 ἱκυοφορῆθη
704 3042 745 3084 in
777 3042 820 3084 7.
1309 3046 1381 3101 12)
1413 3053 1541 3089 autem
1571 3049 1665 3100 ch.

301 3097 370 3150 13)
393 3092 573 3153 χρόνον
598 3097 653 3150 V,
687 3097 794 3141 idem
837 3099 962 3142 fui-oe
1007 3100 1164 3144 videtur

211 3153 251 3193 in
280 3152 328 3193 0.
1309 3156 1405 3211 Cap.
1441 3159 1484 3200 Χ.
1549 3157 1588 3212 1)
1620 3161 1743 3200 victus
1775 3159 1869 3212 Reg.

301 3208 375 3262 u)
403 3207 481 3250 καὶ
509 3210 827 3265 suprascriptum
856 3211 896 3253 ίιι
929 3211 972 3254 F.
1306 3211 1353 3310 ἓ)
1383 3227 1429 3311 {a
1459 3215 1623 3322 1¹:³1.,²et
1654 3216 1746 3312 [geg.

1416 3282 1462 3312 ac
1538 3274 1551 3313 1
1638 3273 1651 3313 1

293 3318 340 3372 5)
368 3320 517 3374 dirupit
574 3326 783 3365 nuteriam
835 3324 942 3377 vat,
996 3327 1163 3380 disrupit
1307 3324 1333 3366 ⁴
1383 3326 1485 3368 inter
1520 3328 1602 3368 i’.ai
1633 3328 1726 3377 neg.

213 3374 444 3417 nm
473 3375 568 3429 neg.
1310 3380 1356 3435 5)
1387 3389 1516 3425 autem
1547 3397 1623 3425 om.
1658 3383 1751 3434 iteg.

299 3431 346 3484 6)
374 3433 462 3474 eiu
493 3445 572 3475 om.
602 3433 686 3476 rat.
1307 3436 1334 3477 6
1390 3451 1527 3492 eorpus
1560 3440 1688 3480 „uaria
1716 3442 1870 3493 peperit
1901 3446 2053 3497 transp.
2091 3443 2175 3487 Pal.

375 3486 444 3531 Sic
474 3498 523 3530 ex
555 3488 640 3532 rat.
669 3490 779 3543 neg„
812 3493 950 3547 quibus
985 3493 1087 3542 vulg.
1387 3492 1546 3536 Lacuna
1577 3494 1616 3535 in
1650 3494 1742 3547 iteg.
1773 3494 1879 3538 inter
1907 3499 1948 3540 in
1981 3506 2020 3541 et
2047 3501 2176 3544 vulva.

297 3542 325 3586 8
372 3543 576 3587 tedam.
604 3546 817 3589 Praeterea
849 3547 1332 3599 cf.}teh.1‚13.8
1383 3549 1504 3591 niceti
1536 3555 1573 3591 et
1614 3563 1686 3592 nos
1729 3563 1774 3593 ex
1805 3552 1888 3595 Pal.
1919 3553 2012 3608 neg.
2054 3554 2178 3611 (sicut

217 3598 365 3650 10‚2
392 3612 456 3656 tq.
1223 3610 1258 3645 et
1289 3616 1358 3645 non
1388 3604 1451 3646 ed.
1467 3605 1613 3647 Veneta
1632 3607 1757 3660 ¹546)
1787 3619 1827 3662 p.
1850 3609 1951 3653 sicut
1981 3624 2052 3656 nos
2074 3613 2177 3666 vulg.

296 3655 343 3709 9)
372 3660 463 3699 ente
493 3657 593 3700 nolis
622 3671 803 3702 manum
829 3673 919 3703 vero
950 3661 1045 3714 ch.
1307 3660 1354 3715 9)
1386 3663 1435 3703 ab
1467 3661 1550 3704 ΡιιΙ.
1589 3662 1774 3706 Ceterum
1805 3665 1856 3707 cf.
1889 3666 1986 3711 Luc.
2017 3669 2059 3722 3,
2081 3668 2148 3712 23.
