2340 3900
230 197 329 250 362
481 199 814 247 MARTYRIUM
851 198 898 245 S.
936 199 1163 244 IGNATII.
1210 200 1357 247 XVIII.
1394 202 1501 248 XIX.
1533 201 1623 248 XX.
1665 200 1772 247 XXI.
1807 200 1935 246 XXII.

367 363 515 410 XVIII.
585 354 641 408 ‘O
677 354 834 426 άρχων
881 363 968 410 τοῦ
1004 360 1183 422 αἰῶνος
1229 360 1403 414 τούτου
1454 360 1716 431 διαρπάσαι
1751 379 1808 426 με
1842 355 2064 439 βούλεται
2098 354 2182 406 καὶ

231 424 319 493 τὴν
354 427 422 486 εἰς
471 422 594 478 θεόν
640 447 733 492 μου
781 448 978 495 γνωμην
1026 430 1328 518 διαφθεῖραι.
1400 433 1597 519 Μηδεὶς
1642 431 1732 482 οὐν
1785 434 1881 480 τῶν
1927 422 2182 512 παρόντων

230 496 489 562 βοηθείτω1
528 493 688 546 αὐτῶ·
728 502 909 580 μᾶλλον
946 498 1052 564 ἐμοὶ
1084 499 1298 568 γένεσθε,
1320 501 1531 553 τουτέστι
1555 506 1641 553 τοῦ
1669 504 1811 552 θεοῦ.
1860 493 1996 583 ..Mb
2003 499 2182 548 λαλεῖτε

223 565 415 630 Ἰησοῦν
454 566 705 652 Χριστὸνῇ
739 563 922 633 κόσμον
959 567 1010 619 δὲ
1045 568 1358 656 ἐπιθυμεῖτε.
1414 572 1664 622 Βασκανία
1705 570 1756 620 ἐν
1789 565 1906 634 ὑμῖν
1937 562 2003 649 μὴ
2024 583 2184 616 κατοι-

229 635 394 686 κείτω·
431 655 497 701 μη
535 632 611 685 δ’
591 633 652 687 οἷν
689 634 780 704 ἐγὼ
803 635 973 723 παρὼν
1008 642 1288 725 παρακαλῶἿ
1324 636 1465 706 ὖμᾶς,
1489 644 1723 712 πεισθητε
1747 637 1873 703 μοι’*
1907 632 2096 694 τούτοις
2132 632 2184 684 δὲ

228 709 408 790 μᾶλλον
442 706 689 772 πείσθητε,
727 702 800 767 οἷς
836 704 928 793 ε’γώ
963 705 1136 777 γράφω
1170 707 1299 776 ὑμῖν.
1364 708 1450 772 Ἐξ
1482 712 1551 762 ὠν
1585 707 1676 796 γὰρ
1705 704 1891 796 γράφω
1923 702 2054 770 ὑμῖν,
2091 703 2185 769 ἐρῶ

229 778 317 826 τοῦ
351 772 638 826 ἀποθανεῖν.
710 772 785 827 0⁵
820 774 934 842 ἐμὸς
969 779 1088 846 ε’ρως
1123 778 1436 847 ἐσταύρωται·
1474 780 1556 830 καὶ
1577 776 1668 830 οῦκ
1702 777 1829 828 ε’στιν
1866 775 1920 827 ἔν
1945 772 2052 841 ἐμοι
2085 777 2185 840 πῦρ

230 841 486 909 φιλόῦλον·
523 843 657 931 ὕδωρ
695 845 748 896 δὲ
784 851 964 912 μᾶλλον
999 851 1093 909 ζῶν
1128 850 1210 900 καὶ
1245 855 1424 900 λαλοῦν
1462 849 1512 900 ἐν
1548 849 1670 915 ἐμοὶ,
1708 844 1894 898 ε’σωθέν
1917 865 2017 930 μοι
2021 841 2183 911 λέγον·

230 915 375 982 δεῦρο
409 933 534 982 προς
572 912 658 967 τὸν
692 915 888 1000 πατέρα.
947 915 1067 1002 Οὐχ
1116 917 1298 986 ἥδομαι
1343 925 1501 1007 τροφῇ
1543 922 1766 1005 φθορᾶς,
1813 914 1929 967 οὐδὲ
1979 910 2187 999 ἡδοναῖς

229 990 335 1044 ταῖς
377 989 464 1035 τοῦ
509 985 624 1050 βίου
671 983 860 1038 τούτου.
932 983 1112 1054 ’Ἀρτον
1159 994 1286 1040 θεοῦ
1334 989 1486 1049 θέλω,
1538 987 1683 1056 άρτον
1733 983 1992 1053 οὐράνιον,
2040 1001 2188 1048 αρτον

229 1056 365 1140 ζωῆς,
403 1051 453 1106 6⁶
490 1054 588 1106 ἐστι
624 1052 741 1121 σὰρξ
770 1052 933 1122 Ἰησοῦ
971 1062 1189 1146 Χριστοῦ
1221 1063 1308 1110 τοῦ
1355 1059 1470 1109 υἱοῦ
1504 1063 1592 1109 τοῦ
1625 1062 1769 1119 θεοῦ,
1803 1060 1892 1108 τοῦ
1926 1052 2187 1142 γενομένου

229 1124 280 1175 ἐν
314 1120 496 1212 ’ὑστέρῳ
536 1124 589 1176 ἐκ
604 1124 911 1211 σπέρματος
918 1127 1078 1193 Δαβὶδ
1113 1128 1196 1178 καὶ
1223 1124 1474 1212 Ἀβραάμ·
1510 1127 1593 1177 καὶ
1627 1125 1764 1210 πόμα
1796 1129 1922 1177 θεοῦ
1946 1123 2094 1187 θέλω,
2129 1118 2185 1174 τὸ

229 1189 347 1260 αἷμα
383 1192 549 1259 αὐτοῦ,
589 1192 618 1246 ὅ
655 1196 783 1248 ἐστιν
819 1192 981 1264 ἀγάπη
1020 1194 1276 1263 άφθαρτος
1310 1196 1392 1247 καὶ
1428 1193 1634 1257 ἀένναος
1667 1192 1777 1261 ζωή.

368 1325 476 1371 XIX.
553 1316 660 1372 Οὐκ
698 1321 765 1372 ε’τι
815 1320 946 1372 θέλω
998 1318 1120 1373 κατὰ
1166 1318 1470 1407 ἀνθρώπους
1506 1324 1615 1387 ζῆν·
1654 1323 1795 1371 τοῦτο
1832 1317 1885 1371 δὲ
1920 1316 2066 1380 ἔσται,
2103 1311 2188 1368 ἐὰν

228 1384 366 1454 ὖμεῖς
401 1384 652 1470 θελήσητε.
730 1389 967 1477 Θελησατε
1004 1392 1110 1455 οὖν,
1146 1391 1228 1443 ι’να
1262 1391 1344 1443 καὶ
1377 1388 1513 1457 ὑμεῖς
1548 1394 1813 1456 θεληθῆτε.
1884 1382 1968 1438 Δι’
2011 1382 2187 1473 ὀλίγων

230 1454 518 1526 γραμμάτων
555 1460 792 1554 αἰτοῦμαι
818 1482 964 1527 υμας,
998 1458 1279 1513 πιστεύσατέ
1327 1481 1423 1527 μοι.
1488 1458 1679 1527 Ἰησοῦς
1715 1458 1766 1510 δὲ
1806 1452 2016 1543 Χριστὸς
2066 1476 2187 1522 υμιν

228 1531 379 1578 ταῦτα
402 1525 710 1616 φανερώσει,1
746 1526 799 1580 τὸ
822 1528 1035 1594 ἀψευδὲς
1041 1529 1227 1618 στόμα,
1265 1529 1338 1582 ’ὅτι
1358 1529 1529 1619 ἀληθη
1555 1529 1688 1599 λέγω.
1760 1523 2049 1613 Αἰτήσασθε
2076 1525 2189 1611 περὶ

231 1596 417 1662 ἐμοῦ,”
405 1597 485 1647 ι’να
535 1594 902 1663 ἐπιτύχω.οὐ
937 1598 1059 1651 κατὰ
1097 1598 1251 1670 σάρκα
1286 1597 1402 1667 ὖμῖν
1439 1600 1646 1668 ε’γραψα,
1683 1595 1802 1649 ἀλλὰ
1836 1593 1958 1649 κατὰ
1992 1593 2188 1666 γνώμην

230 1670 372 1730 θεοῦ,
409 1663 494 1719 ἐὰν
527 1664 692 1720 πάθω.

370 1784 461 1833 XX.
538 1777 895 1844 Μνημονεύετε
922 1779 974 1831 ἐν
1008 1785 1068 1852 τῆ
1102 1785 1344 1869 προσευχῇ
1382 1776 1518 1846 ὑμῶν
1526 1784 1628 1862 τῆς
1652 1779 1703 1831 ἐν
1726 1777 1886 1865 Συρία
1914 1774 2186 1843 ἐκκλησίας,

229 1843 336 1911 ἥτις
370 1843 476 1897 ἀντὶ
513 1846 649 1931 ἐμοῦ1
685 1848 876 1915 ποιμένι
899 1854 984 1935 τῷ
1003 1855 1108 1920 θεῷ
1136 1850 1371 1937 κέχρηται.
1447 1846 1626 1910 Μόνος
1650 1845 1803 1914 αὐτὴν
1828 1844 2022 1934 Ἰησοῦς
2067 1849 2188 1913 Χρι-

231 1912 361 1976 61:69²
400 1913 727 2003 ἐπισκοπησει,
764 1918 845 1968 καὶ
880 1940 912 1984 η
950 1916 1089 1985 ὑμῶν
1125 1917 1302 1988 ἀγάπη.
1347 1916 1630 1981 Ἀσπάζεται
1655 1916 1782 1984 ὑμᾶς
1816 1913 1869 1967 τὸ
1893 1913 2012 1983 ἐμὸν
2045 1920 2189 1967 πνεῦ-

231 2005 298 2050 μα
333 1985 417 2036 καὶ
450 1982 485 2052 ἦ
523 1983 688 2072 ἀγάπη
723 1991 819 2038 τῶν
856 1987 1121 2074 ἐκκλησιῶν
1167 1994 1264 2040 τῶν
1301 1988 1569 2054 δεξαμένων
1590 2007 1675 2072 με
1726 1988 1795 2047 εἰς
1842 1982 1998 2051 ὄνομα
2025 1981 2190 2051 Ἰησοῦ

234 2058 475 2139 Χριστοῦ,
525 2053 612 2142 οὐχ
648 2053 715 2117 ῶς
762 2055 1109 2124 παροδεύοντα.
1184 2059 1283 2109 Και
1316 2055 1406 2127 γὰρ
1458 2058 1512 2109 αἴ
1543 2054 1608 2123 μὴ
1644 2053 1980 2125 προσήκουσαί
2014 2074 2096 2121 μοι
2130 2058 2190 2126 τῇ

231 2120 331 2195 ὁδῷ
366 2130 426 2197 τῆ
461 2123 583 2176 κατὰ
618 2125 786 2195 σάρκα,
819 2125 941 2178 κατὰ
976 2125 1118 2180 πόλιν
1153 2149 1210 2195 με
1245 2133 1475 2198 προῆγον.

371 2255 481 2300 XXI.
555 2247 736 2337 Γράφω
773 2250 825 2302 δὲ
859 2249 976 2339 ὑμῖν
1010 2259 1160 2305 ταῦτα
1196 2251 1294 2307 ἀπὸ
1332 2259 1408 2320 Σμ
1378 2251 1564 2340 μύρνης
1600 2248 1666 2303 δι’
1700 2247 1946 2316 Ἐφεσίων
1967 2253 2065 2302 τῶν
2092 2245 2190 2311 ἀξι-

233 2319 585 2412 ομακαιρίστων.
625 2318 770 2372 ’Ἐστι
793 2319 844 2371 δὲ
882 2319 971 2373 σὺν
1009 2320 1168 2384 άλλοις
1192 2322 1445 2385 πολλοῖς’“’
1414 2345 1513 2389 αμα
1549 2321 1655 2388 ἐμοὶ
1675 2321 1758 2372 καὶ
1784 2317 1995 2388 Κρόκος,
2027 2316 2081 2371 τὸ
2103 2338 2190 2371 πο-

232 2383 407 2451 θητὸν1
421 2384 602 2453 ὄνομα,
626 2395 723 2441 τῶν
747 2389 1085 2444 συνελθόντων
1110 2413 1192 2459 μοι
1227 2392 1323 2445 ἀπὸ
1343 2395 1528 2460 Συρίας
1554 2394 1622 2453 εἰς
1645 2387 1793 2452 δόξαν
1821 2395 1961 2442 θεοῦ.
2009 2386 2188 2459 ”quoe-

234 2467 310 2519 ψα
345 2452 460 2521 ὑμῖν
495 2463 646 2508 ταῦτα
681 2464 740 2547 τῆ
778 2457 871 2545 πρὸ
909 2461 1046 2512 ἐννέα
1091 2465 1347 2515 καλανδῶν
1382 2460 1752 2548 Σεπτεμβρίουῖ
1810 2457 2074 2528 ’Έῤῥωσθε
2122 2459 2191 2557 εἰς

233 2523 380 2588 τέλος,
416 2523 669 2594 ἀγαπητοὶ,
707 2511 758 2579 έν
792 2526 1017 2601 ὑπομονῇ
1045 2528 1208 2598 Ἰησοῦ
1248 2536 1476 2599 Χριστοῦ.
1541 2526 1711 2596 Ἀμήν.

371 2656 499 2702 XXII.
563 2647 710 2702 Ἀλλὰ
744 2657 896 2703 τᾶυτα
932 2652 1018 2718 μὲν
1055 2651 1114 2704 τὰ
1145 2674 1232 2720 της
1267 2655 1531 2720 ἐπιστολῆς.
1603 2647 1768 2711 Αὐτὸς
1803 2649 1857 2701 δὲ
1892 2647 2008 2717 μετὰ
2037 2649 2192 2737 βραᾳὺ

235 2714 331 2769 ἀπὸ
369 2715 598 2786 Σμύρνης
634 2718 732 2772 ὑπὸ
767 2726 864 2773 τῶν
900 2728 1199 2808 στρατιωτῶν
1235 2721 1465 2790 ἀναχθεὶς
1499 2722 1583 2774 καὶ
1616 2716 1839 2787 προσχὼν
1883 2725 1943 2792 τῇ
1977 2723 2191 2808 Τρωαδι

234 2787 316 2838 καὶ
365 2787 609 2840 Νεαπόλει
657 2789 829 2862 παρῄει
883 2789 965 2841 διὰ
1005 2794 1260 2844 Φιλίππων
1295 2814 1378 2845 και
1416 2792 1736 2850 Μακεδονίας
1769 2794 1903 2862 πεζῇ,
1938 2787 2027 2850 τὰς
2058 2788 2191 2859 παρὰ

237 2853 344 2941 τὴν
361 2853 480 2908 οδὸν
514 2844 770 2945 ἐκκλησίας
801 2860 1077 2912 ἐπισκοπῶν
1102 2863 1184 2912 καὶ
1212 2860 1456 2914 διδάσκων
1477 2863 1529 2913 ἐν
1549 2858 1731 2922 αὐταῖς,
1754 2863 2074 2945 παρακαλῶν,
2086 2861 2188 2911 δια-

234 2922 500 2993 λεγόμενος,
538 2925 653 2988 τοὺς
687 2926 1051 3012 ἀκεραιοτέρους
1085 2936 1181 2982 τῶν
1213 2929 1438 2997 ἀδελφῶν
1473 2927 1850 2995 ἀσφαλιζόμενος
1887 2928 1970 2979 καὶ
2005 2925 2193 2991 πάντας

235 2995 545 3081 ἐγρηγορέναι
590 2997 671 3048 καὶ
706 2996 882 3085 νήφειν
916 2998 1306 3065 παρασκευάζων.
1384 2998 1595 3060 Φθάσας
1631 2998 1685 3050 δὲ
1706 2996 1797 3065 τὴν
1818 2999 1871 3050 ἐν
1903 2994 2188 3085 Ἐπιδάμνῳ

220 3061 478 3149 ’Ἠπειρονῑ
513 3067 595 3116 καὶ
630 3064 683 3118 τὸ
697 3065 1031 3152 Αδριατικόν
1071 3089 1119 3120 τε
1165 3071 1248 3121 καὶ
1303 3067 1611 3157 Τυρρηνικὸν
1655 3067 1861 3136 πέλαγος
1896 3052 2188 3129 διαπλεύσας

234 3135 303 3195 εἷς
338 3130 472 3194 τοῦς2
520 3135 573 3186 έν
604 3141 664 3206 τῆ
697 3131 850 3208 Ῥώμῃ
877 3135 1147 3199 Ποτιόλους
1181 3141 1408 3225 καταίρει.
1472 3137 1820 3200 Ἐπιξενωθεὶς
1853 3135 1907 3188 δὲ
1939 3133 2059 3202 μετὰ
2089 3142 2188 3189 τῶν

234 3207 533 3269 στρατιωτῶν
567 3211 667 3265 τοῖς
703 3189 856 3257 ἐκεῖσε
889 3213 1092 3271 πιστοῖς,
1127 3208 1208 3259 καὶ
1244 3206 1330 3260 τὸν
1363 3209 1416 3259 ἐν
1458 3209 1609 3292 κυρίῳ
1634 3207 1719 3258 καὶ
1743 3203 1909 3265 αὐτοῖς
1932 3203 2187 3291 μεταδοὺς3

233 3270 489 3340 ἀσπασμὸν
521 3270 629 3339 τὴν4
659 3271 844 3342 Ῥώμην
878 3274 1259 3363 καταλαμβάνει,
1297 3278 1381 3328 καὶ
1414 3282 1480 3346 τῷ
1517 3261 1707 3359 ἐπάρχω
1749 3279 1838 3340 τῆς
1887 3272 2074 3334 πόλεως
2110 3275 2189 3340 ἐμ-

235 3343 493 3406 φανίζεται.
571 3336 728 3405 Οὗτος
762 3345 930 3396 τοίνυν
962 3343 1047 3398 τὸν
1080 3342 1329 3412 θεοφόρον
1365 3329 1503 3399 ἰδών5
1539 3345 1623 3398 καὶ
1657 3339 1716 3395 τὰ
1735 3339 1964 3408 βασιλικὰ
2000 3341 2187 3410 δεξάμε·

323 3483 418 3534 Cap.
447 3483 576 3522 XVIII.
639 3480 679 3533 1)
711 3478 929 3535 βοηθήτω
962 3497 1040 3524 ser.
1071 3485 1114 3524 Β.
1322 3482 1368 3533 5)
1404 3482 1428 3522 ὀ
1461 3495 1542 3522 non
1573 3489 1634 3522 est
1662 3482 1703 3521 in
1734 3482 1826 3523 EN.

319 3537 407 3588 2)
387 3535 588 3594 χριστὸν
619 3537 780 3590 ἰησοῦν
811 3540 986 3579 collocat,
1014 3541 1058 3579 Ε.
1324 3537 1368 3589 6)
1399 3538 1457 3577 ΑΙ.
1489 3531 1554 3583 ὅς.
1597 3537 1677 3577 Cot.

322 3593 366 3644 3)
398 3593 654 3650 παραβαλῶ
686 3593 811 3634 ruisse
836 3595 994 3636 videtur
1020 3594 1061 3639 in
1090 3594 1133 3633 A.

325 3647 372 3699 4)
399 3662 491 3702 μου
520 3649 564 3688 Ε.
1323 3646 1418 3699 Cap.
1439 3647 1531 3687 XIX.
1593 3646 1634 3700 1)
1647 3642 2059 3705 φανερώσει,ευρη
2075 3646 2190 3696 οι,Α.
