2340 3900
499 179 704 228 lomim
738 181 1007 228 EPISTULA
1046 182 1115 229 ΑΙ)
1154 183 1484 232 MAGNESIos.
1527 182 1597 231 lx.
1634 181 1683 231 X.
1719 183 1790 231 xl.
2041 183 2137 235 149

175 326 260 376 tes,
295 322 340 367 in
378 333 468 382 qua
503 326 548 367 et
582 320 671 367 vita
705 326 865 368 nostra
900 327 1056 368 exorta
1094 329 1166 368 est
1201 337 1286 384 per
1322 324 1471 385 ipsum
1507 329 1553 372 et
1586 329 1779 372 mortem
1807 324 1954 387 ipsius
1981 321 2135 387 (quam

174 391 358 452 quidam
393 396 585 451 negant,
639 404 727 452 per
774 390 900 452 quod
936 390 1202 452 mysterium
1241 391 1378 439 tidem
1414 394 1698 457 accepimus,
1735 401 1782 442 et
1812 401 2005 458 propter
2041 395 2130 443 hoc

172 461 474 514 sustinemus,
512 466 563 506 ut
600 460 882 506 inveniamur
917 459 1129 521 discipuli
1167 459 1269 507 lesu
1310 462 1493 519 Christi,
1529 463 1672 511 solius
1710 464 1913 512 doctoris
1949 462 2131 522 nostri),

173 529 405 589 quomodo
444 543 529 575 nos
566 530 816 590 poterimus
851 531 1000 576 vivere
1037 530 1136 575 sine
1171 530 1298 590 ipso,
1343 546 1475 590 quem
1525 534 1660 579 etiam
1706 535 1979 595 prophetae,
2031 548 2133 582 cum

171 606 329 645 essent
365 598 530 659 spiritu
570 597 782 660 discipuli
818 599 932 655 eius,
970 606 1020 645 ut
1054 598 1288 645 doctorem
1325 602 1680 660 exspectabant?
1733 604 1788 650 Et
1821 610 2013 665 propter
2045 603 2134 651 hoc

170 669 224 725 iS,
263 682 398 729 quem
435 668 551 715 iuste
582 666 993 730 praestolabantur,
1030 668 1276 715 adveniens
1314 669 1550 717 suscitavit
1586 672 1716 733 ipsos
1753 686 1806 720 ex
1841 673 2050 723 mortuis,

168 836 268 868 cam
304 822 438 868 vitam
474 822 700 879 viventes,
729 822 775 868 in
813 836 902 884 qua
938 828 985 868 et
1018 822 1106 868 vita
1159 828 1316 869 nostra
1364 836 1450 884 per
1496 823 1646 884 ipsum
1697 833 1981 889 mortemque
2032 828 2131 874 eius

167 896 324 938 exorta
361 899 453 950 est;
510 905 646 954 quem
681 891 888 939 nonnulli
928 898 1118 953 negant:
1162 906 1248 954 per
1285 906 1419 954 quem
1454 894 1719 954 mysterium
1758 895 1976 943 credendi
2003 911 2131 944 acce-

165 961 342 1023 pimus,
386 962 583 1023 ideoque
631 961 937 1018 sustinemus,
984 968 1034 1007 ut
1070 962 1352 1010 inveniamur
1391 962 1601 1024 discipuli
1640 962 1742 1010 lesu
1780 964 1969 1022 Christi,
2007 966 2129 1013 unici

165 1031 372 1093 magistri
418 1031 589 1078 nostri:
636 1030 869 1093 quomodo
917 1046 1003 1079 nos
1051 1032 1305 1093 poterimus
1341 1032 1491 1078 vivere
1529 1033 1626 1078 sine
1666 1032 1791 1094 ipso,
1831 1035 1959 1081 cuius
1994 1036 2128 1083 etiam

164 1101 421 1163 Prophetae
458 1101 667 1163 discipuli
704 1115 807 1148 cum
843 1108 1000 1148 essent
1036 1102 1221 1163 spiritu,
1271 1108 1322 1148 ut
1355 1102 1621 1164 magistrum
1658 1115 1761 1149 eum
1800 1103 2129 1166 expectabant?

163 1170 363 1232 ideoque
400 1185 535 1232 quem
573 1171 692 1218 inste
728 1178 1051 1233 expectarunt,
1090 1171 1164 1219 ille
1202 1185 1423 1234 praesens
1461 1172 1672 1219 excitavit
1707 1187 1788 1220 eos
1826 1187 1852 1220 a
1885 1175 2091 1222 mortuiS.

864 1324 915 1371 X.
972 1325 1125 1375 Nolite
1160 1327 1426 1374 iudaizare.

300 1422 431 1470 Absit
477 1437 589 1485 ergo
636 1437 662 1470 a
716 1422 878 1478 nobiS,
928 1437 1020 1469 non
1070 1423 1240 1471 moveri
1279 1423 1554 1484 benignitate
1609 1424 1723 1470 eius,
1794 1423 1840 1470 Si
1887 1423 2008 1470 enim
2043 1438 2130 1470 nos

162 1494 366 1541 imitetur
403 1493 656 1540 secundnm
690 1507 745 1540 ea
780 1506 896 1555 quae
931 1491 1152 1548 facimus,
1191 1494 1278 1540 iam
1315 1493 1552 1555 periimus.
1623 1494 1870 1556 Proptera,
1919 1493 2131 1555 discipuli

159 1563 260 1610 eius
296 1562 470 1620 effecti,
518 1563 747 1611 discamus
782 1562 1035 1611 secundum
1072 1562 1466 1610 Christianismum
1503 1564 1666 1611 vivere.
1737 1562 1822 1621 Qui
1870 1562 1988 1610 enim
2040 1562 2128 1609 alio

158 1633 342 1680 nomine
378 1639 571 1680 vocatur
620 1639 808 1695 praeter
842 1633 965 1690 hoc,
1013 1646 1105 1678 non
1154 1640 1227 1680 est
1267 1633 1360 1679 Dei.
1433 1633 1624 1680 Abiicite
1661 1633 1803 1694 igitur
1837 1632 2003 1680 malum
2039 1631 2127 1679 fer·

157 1708 373 1758 mentum,
409 1702 707 1750 inveteratum
741 1710 790 1750 et
822 1703 1030 1760 acimum,
1069 1709 1115 1750 et
1153 1703 1516 1750 transmutamini
1552 1705 1600 1750 in
1636 1717 1803 1750 novum
1839 1703 2127 1759 fermentum,

158 1773 282 1834 qnod
314 1779 387 1820 est
421 1772 547 1820 lesus
584 1772 805 1820 Christus.
876 1772 1104 1819 Saliamini
1142 1774 1188 1820 in
1226 1774 1352 1835 ipso,
1389 1780 1440 1820 ut
1475 1787 1566 1820 non
1607 1779 1928 1834 corrumpatur
1963 1772 2128 1833 aliquis

158 1858 184 1889 e
216 1840 362 1897 vobis,
397 1842 612 1903 quoniam
647 1842 704 1889 ab
740 1843 886 1890 odore
913 1843 1264 1904 redarguemini.
1315 1842 1577 1890 Absurdum
1604 1850 1687 1899 est,
1727 1842 1956 1889 Christum
1977 1842 2127 1889 Iesum

158 1911 358 1974 profari,
396 1918 442 1957 et
476 1911 719 1959 iudaizare.
791 1912 1166 1960 christianismus
1218 1914 1340 1960 enim
1377 1927 1468 1959 non
1522 1914 1568 1959 in
1606 1913 1880 1960 Iudaismum
1918 1912 2126 1967 credidit,

158 1982 240 2028 sed
287 1980 542 2028 Iudaismus
588 1981 634 2027 in
682 1980 1102 2037 Christianismum,
1149 1990 1199 2028 ut
1246 1982 1392 2028 omnis
1442 1982 1595 2042 lingua
1645 1981 1840 2028 credens
1893 1980 1951 2028 ad
1986 1981 2125 2028 Deum

158 2050 534 2113 congregaretur.

295 2201 393 2249 ⁸X.
463 2204 563 2251 Non
610 2217 722 2265 ergo
769 2203 954 2264 stupido
990 2204 1139 2250 animo
1179 2203 1463 2265 negligamus
1518 2203 1843 2266 benignitatem
1880 2203 1992 2250 eius.
2077 2201 2126 2250 Si

157 2275 278 2322 enim
315 2282 476 2321 nostro
513 2287 599 2320 nos
636 2271 844 2335 exemplo
882 2274 1171 2334 castigaverit
1209 2274 1457 2319 secundum
1494 2274 1619 2334 quod
1658 2274 1858 2334 agimus,
1905 2286 1997 2318 non
2036 2286 2124 2318 am·

156 2345 276 2407 plius
307 2343 611 2391 subsistimus.
660 2341 885 2400 Quocirca
923 2342 1135 2404 discipuli
1156 2343 1255 2389 eius
1281 2342 1437 2389 effecti
1469 2343 1699 2389 discamus
1737 2341 1994 2388 Christiano
2033 2341 2123 2387 ritu

153 2414 318 2461 vivere.
386 2412 470 2470 Qui
516 2413 636 2460 enim
692 2411 782 2459 alio
829 2413 1011 2459 nomine
1060 2418 1248 2458 vocatur
1294 2418 1612 2474 praeterquam
1663 2411 1776 2469 hoc,
1816 2410 1889 2457 ille
1927 2423 2017 2456 non
2056 2417 2127 2456 est

154 2483 247 2531 Dei.
315 2481 511 2529 Abiicite
558 2495 669 2544 ergo
715 2480 881 2528 malum
935 2482 1025 2527 hoc
1075 2480 1374 2539 fermentum,
1423 2481 1678 2528 obsoletum
1726 2489 1772 2528 et
1825 2479 2030 2536 acidum,
2079 2486 2124 2526 et

154 2552 517 2601 transmutemini
555 2551 600 2598 in
637 2564 801 2598 novum
838 2550 1127 2608 fermentum,
1168 2552 1290 2613 quod
1331 2558 1399 2599 est
1435 2551 1563 2598 lesus
1587 2551 1809 2613 Christus.
1879 2548 1981 2596 Sale
2017 2563 2123 2596 con-

153 2622 421 2686 spergimini
458 2621 503 2669 in
546 2621 663 2684 ipso,
701 2634 758 2668 ne
797 2621 900 2684 quis
943 2627 1284 2683 computrescat
1319 2623 1363 2668 in
1407 2621 1563 2678 vobiS‚
1604 2622 1710 2683 quia
1748 2619 1942 2668 fervoris
1982 2618 2122 2682 impe·

154 2700 228 2740 tus
262 2706 345 2740 vos
381 2698 557 2755 arguet.
606 2690 864 2738 Absurdum
903 2698 975 2739 est
1013 2690 1241 2738 Christum
1262 2693 1411 2739 lesum
1448 2705 1626 2749 vocare,
1669 2697 1715 2738 et
1751 2690 1992 2738 iudaizare.
2040 2689 2122 2735 Ne·

154 2776 244 2824 que
279 2762 400 2810 enim
437 2760 808 2809 Christianismus
845 2762 890 2808 in
929 2760 1203 2808 ludaismum
1245 2763 1462 2820 credidit,
1514 2762 1595 2809 sed
1630 2761 1883 2808 Iudaismus
1915 2759 1962 2806 in
1998 2758 2122 2806 Chri·

155 2833 464 2879 stianismum:
513 2831 635 2878 sicut
671 2831 821 2878 omnis
857 2831 1009 2893 lingua
1048 2832 1243 2879 credens
1282 2834 1326 2879 in
1364 2833 1506 2880 Deum
1544 2831 1739 2879 adunata
1776 2837 1860 2878 est.

400 2982 472 3031 Xl.
541 2983 648 3038 Non
680 2985 932 3046 castigans,
967 2988 1050 3035 sed
1084 3000 1166 3034 vos
1197 2986 1532 3049 praemuniens
1563 2985 1679 3033 haec
1714 2983 1881 3031 scribo.

293 3095 414 3143 llaec
461 3100 611 3142 antem
657 3094 839 3151 scribo,
898 3094 1053 3143 dilecti
1090 3097 1208 3154 mei,
1260 3110 1349 3144 non
1401 3096 1526 3158 quod
1582 3095 1896 3157 cognoverim,
1947 3093 2124 3155 aliquos

154 3172 352 3213 vestrum
390 3164 482 3212 hoc
517 3164 669 3212 animo
704 3163 895 3212 affectos
932 3178 1052 3220 esse,
1089 3164 1187 3223 sed,
1224 3165 1375 3213 minor
1408 3165 1555 3223 vobis,
1592 3172 1771 3212 cautum
1804 3163 1932 3211 vobis
1970 3164 2121 3226 cupio,

153 3251 211 3283 ne
254 3234 465 3282 incidatis
500 3234 545 3281 in
583 3234 744 3284 hamos
780 3234 927 3282 inanis
965 3234 1216 3290 doctrinae,
1254 3234 1339 3282 sed
1374 3241 1425 3282 ut
1459 3235 1592 3298 plene
1631 3234 1744 3282 certi
1778 3231 2028 3280 reddamini
2066 3233 2122 3280 de

154 3305 381 3353 nativitate
416 3310 464 3352 et
498 3302 713 3366 passione
749 3311 796 3352 et
826 3304 1175 3358 resurrectione,
1213 3317 1328 3365 quae
1357 3305 1550 3367 contigit
1572 3310 1776 3366 tempore
1805 3302 2121 3364 praefecturae

292 3455 316 3482 ⁴
341 3458 413 3506 ΧΙ.
482 3457 604 3507 llaec
636 3464 787 3507 autem
824 3458 991 3517 scribo,
1032 3459 1182 3506 dilecti
1213 3457 1316 3515 mei,
1354 3471 1446 3506 non
1484 3456 1608 3520 quod
1645 3456 1799 3510 sciam,
1838 3454 2014 3517 aliquos
2049 3469 2119 3504 ve·

156 3537 301 3578 strum
345 3529 416 3577 sic
461 3527 657 3578 affectos
701 3543 831 3586 esse,
868 3528 953 3577 sed
990 3536 1039 3576 ut
1074 3530 1223 3575 minor
1259 3534 1458 3576 vestrum
1508 3525 1642 3587 cupio
1690 3538 1987 3587 praeservare
2023 3538 2119 3583 vos,

154 3614 211 3647 ne
251 3598 460 3647 incidatis
498 3597 544 3645 in
581 3597 741 3646 hamos
778 3597 977 3646 inanium
1016 3600 1307 3661 opinionum,
1345 3596 1429 3645 sed
1468 3603 1517 3643 ut
1551 3594 1731 3657 plenam
1784 3592 1996 3643 fiduciam
2043 3594 2118 3642 ha·

154 3669 303 3717 beatis
342 3669 387 3716 in
423 3666 679 3724 nativitate,
717 3674 764 3716 et
798 3668 1037 3731 passione,
1088 3676 1133 3716 et
1184 3666 1551 3723 resurrectione,
1601 3677 1717 3726 quae
1770 3664 1962 3727 contigit
2011 3670 2122 3713 tem·
