2340 3900
256 217 353 267 112
690 215 739 260 II.
779 211 1087 259 CLEMENTIS
1123 212 1190 258 An
1229 213 1350 260 COR.
1400 214 1487 260 VII.
1526 213 1635 260 VIII.
1676 213 1746 259 IX.

252 347 401 402 αὐτὸν
436 341 832 409 καταπλεύσωμεν
869 342 951 394 καὶ
986 339 1348 409 ἀγωνισώμεθα,
1385 346 1466 397 ἵνα
1491 344 1614 409 [κ]αι
1636 346 2038 407 στεφανωθῶμεν.
2095 342 2190 393 Καὶ

249 422 293 472 εἰ
336 415 443 499 [μ]ὴ
491 411 744 480 δυνάμεθα
793 411 999 472 ἅπαντες
1045 417 1491 501 στεφα[ν]ωθηναι,
1528 411 1620 465 κὸἷν
1656 408 1794 499 ἐγγὺς
1829 416 1916 462 τοῦ
1952 409 2192 475 στεφάνου

252 487 517 572 γενώμεθα.
594 482 794 534 Εἰδέναι
829 478 957 547 ήμᾶς
994 480 1155 545 δεῖ,”’
1127 503 1196 534 οτι
1233 481 1264 534 o‘
1297 481 1383 536 τὸν
1420 479 1656 574 ,φθαρτὸν
1705 479 1869 548 ἀγῶνα
1905 476 2192 562 ἀγωνιζόμε-

252 578 360 620 νος,
398 553 483 607 ἐὰν
520 551 698 624 εὑρεθῇ
735 553 980 637 φθείρων,
1016 553 1351 637 μαστιγωθεις4
1387 555 1582 638 αἴρεται,
1617 550 1698 602 καὶ
1733 551 1820 612 ε’ξω
1854 546 2075 615 βάλλεται
2108 555 2194 600 τοῦ

253 627 466 678 σταδίου.
549 625 608 674 Τί
644 605 852 685 δοκεῖτε,
896 617 952 672 Ο
987 619 1070 673 τὸν
1108 627 1193 688 τῆς
1228 621 1511 707 ἀφθαρσίας
1543 619 1708 689 ἆγῶνα
1743 621 1978 714 φθεδίρας,
2025 620 2071 670 τί
2105 639 2195 670 πα-

252 702 441 759 θεῖται,·
501 698 610 744 Τῶν
647 689 739 777 γὰρ
776 689 840 757 μὴ
878 690 1206 779 τηρησάντων,
1245 693 1417 779 φησὶν,
1457 688 1543 757 τὴν
1587 689 1849 773 σφραγῖδα5
1894 685 1941 751 ,o‘
1990 685 2194 754 σκωληξ6

255 763 417 817 αὐτῶν
454 761 513 814 οὐ
548 758 840 848 τελευτήσει,
877 760 959 812 καὶ
991 758 1042 813 τὸ
1078 766 1176 830 πῦρ
1214 759 1375 813 αὐτῶν
1411 758 1468 811 οὗ
1505 756 1844 826 σβεσθήσεται,
1891 757 1973 810 καὶ
2007 759 2195 810 ἔσονται

253 836 320 896 εἰς
355 833 522 902 όρασιν
556 828 688 902 πάσῃ
725 831 894 900 σαρκί.ι

252 968 361 1013 VIII.
439 966 676 1024 Quamdiu
711 965 762 1010 in
792 964 875 1010 hoc
913 965 1085 1010 mundo
1121 977 1304 1015 sumus,
1338 961 1662 1021 poenitentiam
1705 973 1902 1020 agamus
1936 966 1977 1005 el
2011 974 2195 1006 carnem

998 1051 1173 1092 castam
1207 1058 1453 1090 servemus.

391 1133 492 1198 ‘529¹
529 1128 620 1188 οὖν
656 1133 795 1202 ἐσμὲν
829 1135 908 1186 ἐπὶ
942 1139 1070 1219 γῆς,
1085 1130 1477 1219 μετανοήσωμεν·
1515 1128 1669 1218 πηλὸς
1703 1128 1792 1218 γάρ
1830 1131 1972 1198 ἐσμεν
2008 1132 2076 1192 εἰς
2106 1127 2195 1198 τὴν

253 1213 384 1274 χεῖρα
429 1210 518 1258 τοῦ
561 1212 787 1272 τεχνίτου.
844 1202 942 1256 ’Ὁν
988 1199 1167 1271 τρόπον
1214 1199 1304 1271 γὰρ
1350 1199 1378 1253 6
1424 1198 1677 1268 κεραμεὺς,
1725 1197 1809 1252 ἐὰν
1841 1206 1983 1289 ποιῇ
2007 1205 2193 1267 σκεῦος,

251 1277 333 1329 καὶ
371 1277 421 1328 ἐν
453 1281 560 1335 ταῖς
593 1275 749 1343 χερσὶν
785 1271 933 1325 αὐτοῦ
971 1275 1242 1359 διαστραφῇ
1277 1270 1309 1337 ἢ
1348 1273 1597 1358 συντριβῇ,
1630 1267 1774 1322 πάλιν
1795 1267 1914 1323 αὐτὸ
1957 1267 2197 1322 ἀναπλάσ-

253 1363 348 1399 σει·
386 1343 471 1397 ἐὰν
503 1343 556 1395 δὲ
580 1340 854 1433 προφθάσῃ
892 1344 959 1403 εἷς
993 1339 1080 1408 τὴν
1117 1339 1319 1407 κάμινον
1354 1345 1442 1391 τοῦ
1477 1339 1632 1430 πυρὸς
1669 1337 1786 1392 αὐτὸ
1823 1343 2003 1407 βαλεῖν,
2041 1336 2200 1391 οὐκέτι

251 1413 491 1503 βοηθησει
535 1413 690 1502 αὐτῷ·
738 1412 890 1473 οὕτως
924 1412 1006 1463 καὶ
1040 1409 1204 1478 ἡμεῖς,
1242 1410 1331 1471 ε’ως
1367 1407 1506 1476 ἐσμὲν
1541 1411 1593 1462 ἐν
1626 1407 1779 1481 τούτῳ
1813 1415 1880 1482 τῷ
1915 1410 2111 1481 κόσμῳ,
2147 1408 2198 1460 ἐν

251 1491 309 1575 τῇ
358 1483 499 1553 σαρκὶ
543 1507 573 1535 α
623 1467 903 1571 ἐπράξαμεν
935 1479 1150 1549 πονηρὰ,
1190 1477 1562 1570 μετανοήσωμεν
1610 1480 1658 1543 ἐξ
1703 1463 1818 1546 όλης
1863 1485 1949 1546 τῆς
1982 1463 2197 1566 καρδίας,

252 1555 335 1607 ἵνα
383 1559 619 1640 σωθῶμεν
673 1573 769 1604 υπο
816 1573 902 1604 του
953 1553 1151 1635 κυρίου,
1188 1550 1278 1611 ἕως
1314 1550 1477 1615 ε’χομεν
1511 1547 1681 1635 καιρὸν
1715 1552 1980 1615 μετανοίας.
2055 1545 2200 1599 Μετὰ

251 1622 342 1708 γὰρ
379 1621 432 1675 τὸ
469 1623 682 1683 ἐξελθεῖν
712 1620 841 1689 ἡμᾶς
877 1621 929 1673 ἐκ
963 1626 1049 1672 τοῦ
1085 1617 1297 1686 κόσμου,
1336 1616 1493 1670 οὐκέτι
1548 1617 1801 1685 δυνάμεθα
1846 1620 1947 1671 ε’κεῖ
1987 1619 2198 1684 ἐξομολο-

252 1692 526 1778 γήσασθαι
548 1691 581 1759 ’ἢ
629 1698 876 1777 μετανοεῖν
926 1690 1003 1742 ε’τι.
1060 1689 1238 1753 Ώστε,
1287 1662 1517 1753 άὸελφοι,
1575 1688 1861 1776 ποιήσαντες
1906 1685 1958 1740 τὸ
2010 1688 2201 1774 θέλημα

253 1768 340 1815 τοῦ
381 1759 588 1829 πατρὸς,
635 1763 714 1813 καὶ
760 1757 847 1827 τὴν
894 1759 1049 1842 σάρκα
1100 1756 1252 1845 άγνὴν
1301 1758 1614 1845 τηρήσαντες,
1651 1759 1734 1810 καὶ
1767 1755 1852 1820 τὰς
1888 1754 2080 1818 ἐντολὰς
2113 1762 2200 1809 τοῦ

255 1835 430 1919 κυρίου
465 1830 782 1896 φυλάξαντες,
803 1826 1084 1915 ληψόμεθα
1118 1826 1244 1893 ζωὴν
1279 1825 1490 1879 αἰώνιον.
1537 1827 1705 1915 Λέγει
1738 1824 1889 1896 γὰρ
1860 1828 1911 1879 0²
1947 1826 2114 1911 κύριος
2151 1827 2202 1878 ἐν

255 1908 320 1971 τῷ
359 1899 637 1988 εὐαγγελίῳ·
676 1901 737 1962 ,εἰ
767 1895 820 1949 τὸ
854 1895 1041 1983 μικρὸν
1063 1895 1155 1949 οὐκ
1191 1894 1469 1964 ἐτηρήσατε,
1501 1893 1554 1948 τὸ
1591 1898 1710 1966 μέγα
1755 1899 1827 1957 τίς
1870 1893 1986 1963 ὑμῖν
2033 1894 2201 1960 δώσει,

244 1954 398 2042 Λέγω
433 1969 522 2040 γὰρ
556 1969 697 2034 ὑμῖν·
735 1966 811 2018 ότι
844 1963 875 2018 ὅ
909 1964 1077 2027 πιστὸς
1114 1967 1166 2017 ἐν
1169 1966 1424 2060 3ἐλαχίστῳ
1459 1966 1542 2017 καὶ
1574 1967 1626 2018 ἐν
1659 1971 1819 2036 πολλῷ
1852 1965 2020 2027 πιστός
2044 1966 2202 2018 ἐστιν.6

244 2032 368 2126 ’Λρα
417 2040 506 2089 οὐν
551 2043 690 2090 τοῦτο
725 2036 872 2120 λέγει·
920 2033 1186 2122 ,τηρήσατε3
1222 2032 1309 2100 τὴν
1346 2035 1500 2102 σάρκα
1536 2030 1688 2103 άγνὴν
1722 2037 1803 2086 καὶ
1837 2033 1927 2102 τὴν
1962 2037 2204 2103 σφραγῖδα

254 2107 480 2177 ἄσπιλον,
519 2107 601 2159 ι’να
635 2103 723 2173 τὴν
759 2102 956 2157 αἰώνιον
991 2102 1116 2171 ζωην
1152 2101 1474 2171 ἀπολάβητε.64

372 2241 441 2286 ΙΧ.
514 2242 571 2287 In
604 2255 743 2287 carne
778 2238 1122 2292 iudicabimur5
1172 2250 1280 2296 erqo
1310 2251 1644 2297 praeparemus
1680 2250 1763 2283 nos
1795 2237 1846 2283 in
1881 2243 2090 2298 tempore.

400 2330 514 2380 Ka?
565 2327 629 2396 μὴ
679 2328 847 2397 λεγέτω
893 2348 964 2389 τις
1006 2323 1170 2393 ὑμῶν,
1220 2324 1294 2378 ότι
1341 2324 1464 2392 αὕτη
1499 2348 1530 2392 η
1568 2322 1685 2392 σὰρξ
1721 2323 1780 2377 οὗ
1815 2327 2053 2412 κρίνεται,
2090 2321 2206 2376 οὐδὲ

260 2396 516 2451 ἀνίσταται.
591 2403 778 2460 Γνῶτε,
817 2398 868 2448 ἐν
903 2399 999 2448 τίνι
1033 2394 1278 2483 ἐσώθητε,
1315 2395 1367 2446 ἐν
1402 2397 1496 2446 τίνι
1531 2392 1851 2461 ἆνεβλέψατε,
1884 2397 1928 2447 εἰ
1959 2391 2024 2461 m)
2061 2393 2112 2444 ἐν
2145 2398 2204 2478 τῇ

260 2469 399 2534 σαρκὶ
447 2466 595 2540 ταύτη
645 2465 790 2527 ὄντες.
862 2466 972 2517 Aez²
1021 2486 1110 2516 ουν
1157 2463 1286 2531 ήμᾶς
1335 2485 1401 2525 ως
1460 2462 1582 2516 ναὸν
1634 2467 1761 2517 Θεοῦ
1809 2461 2072 2530 φυλάσσειν
2117 2459 2205 2527 τὴν

262 2535 430 2605 σάρκα.
484 2521 581 2588 nOv
611 2534 806 2620 τρόπον
825 2532 914 2620 γάρ
953 2535 1005 2585 ἐν
1037 2539 1094 2604 τῇ
1131 2534 1270 2619 σαρκὶ
1304 2530 1565 2600 ἐκλήθητε
1604 2534 1698 2619 noel..
1722 2535 1775 2586 ἐν
1810 2540 1867 2622 τῇ
1904 2533 2044 2619 σαρκὶ
2079 2529 2204 2582 ἐλεύ-

262 2615 422 2659 σεσθε.
489 2603 592 2667 Ὡς3
633 2601 842 2689 Χριστὸς
877 2602 906 2655 6
950 2600 1148 2691 κύριος,
1188 2624 1214 2654 ο
1262 2600 1420 2663 σώσας
1465 2601 1620 2670 ημᾶς,
1670 2624 1738 2655 ων
1782 2603 1868 2670 μὲν
1913 2600 1965 2656 τὸ
2011 2605 2203 2686 πρῶτον

259 2676 494 2742 πνεῦμα4,
543 2675 725 2743 ἐγένετο
774 2670 916 2739 σὰρξ,
961 2673 1044 2723 καὶ
1091 2670 1244 2732 ούτως
1286 2669 1414 2737 ημᾶς
1464 2672 1706 2723 ἐκάλεσεν·
1753 2691 1906 2731 ουτως
1953 2671 2035 2721 καὶ
2068 2666 2204 2751 ἡμεῖς

261 2747 314 2798 ἐν
347 2743 497 2831 ταύτῃ
533 2751 610 2834 τῇ
629 2744 769 2812 σαρκὶ
805 2738 1166 2807 ἆποληψόμεθα
1201 2738 1285 2792 τὸν
1335 2738 1530 2806 μισθόν.
1594 2737 1876 2808 Ἀγαπῶμεν
1922 2758 2012 2789 ουν
2062 2733 2202 2801 άλλη-

261 2821 389 2878 λους,
426 2813 558 2875 ὅπως
594 2813 812 2878 ε’λθωμεν
846 2809 1020 2871 πάντες
1056 2812 1124 2871 εἰς
1156 2831 1245 2876 την
1277 2811 1522 2896 βασιλείαν
1556 2813 1642 2859 τοῦ
1679 2811 1819 2860 Θεοῦ.
1887 2804 1991 2866 Ὡςὸ
2039 2805 2203 2871 ἔχομεν

262 2882 435 2952 καιρὸν
468 2888 556 2935 τοῦ
593 2884 819 2965 ἰαθῆναι,
856 2882 1094 2946 ἐπιδῶμεν
1129 2877 1328 2940 ἑαυτοὺς
1371 2884 1438 2949 τῷ
1484 2875 1802 2945 θεραπεύοντι
1842 2879 1976 2945 Θεῷ,
2023 2872 2203 2939 ἆντιμι·

264 2955 415 3005 σθίαν
453 2950 584 3023 αὐτῷ
623 2949 852 3011 διδόντες.
926 2952 1115 3013 Ποίαν,
1175 2946 1240 3000 T6
1272 2953 1560 3015 μετανοῆσαι
1595 2947 1643 3006 ἐξ
1678 2915 1976 3031 εἰλικρινοῦς
1987 2945 2202 3011 καρδίας.

266 3007 591 3093 Προγνωστής
636 3019 725 3091 γάρ
772 3021 898 3072 ἐστιν
945 3025 1042 3071 τῶν
1087 3016 1305 3080 πάντων,
1354 3018 1436 3069 καὶ
1480 3011 1617 3075 εἰδως
1667 3012 1804 3081 ἡμῶν
1837 3011 1896 3065 τὰ
1930 3015 1982 3066 ἐν
2016 3014 2203 3083 καρδία.

351 3164 394 3218 3)
427 3164 663 3220 τρέχωμεν
702 3160 849 3201 mavult
877 3161 981 3207 Iun„
1021 3158 1208 3223 θέωμεν
1349 3154 1390 3205 4)
1423 3154 1539 3194 Nolte
1579 3153 1682 3194 coni.
1725 3151 1933 3208 δέρεται,
1972 3154 2205 3201 verberatur,

267 3222 353 3262 Cot
386 3227 424 3260 et
453 3220 606 3260 Colom.
646 3230 720 3269 pro
760 3216 986 3256 coniectura
1020 3215 1057 3254 in
1086 3227 1206 3264 marg.
1265 3211 1411 3262 eollatp
1444 3223 1506 3262 ep.
1539 3211 1662 3260 lgnat.
1693 3210 1742 3250 ad
1772 3210 1907 3261 Polyc.
1944 3222 1977 3248 c.
2008 3208 2045 3248 3.

270 3277 337 3317 Sic
366 3276 432 3316 alii
456 3275 559 3326 vulg.
594 3275 804 3314 Wottonus
835 3271 910 3323 leg.
940 3276 1052 3322 putat
1064 3266 1205 3310 “saon
1347 3266 1389 3318 5)
1420 3265 1885 3318 Baptismumintelligas.
1919 3264 1998 3304 Cfr.
2016 3264 2088 3315 Ep.
2109 3263 2206 3303 Bar-

265 3335 433 3400 θῶμεν
477 3328 561 3382 τὴν
607 3326 723 3371 ὁδὸν
770 3324 851 3380 τὴν
904 3325 1093 3368 εὐθεῖαν
1142 3326 1208 3370 εἰς
1264 3322 1388 3362 nabao
1419 3336 1452 3362 c.
1481 3322 1519 3362 9.
1547 3327 1630 3361 not.
1660 3321 1725 3362 24.

267 3386 428 3442 ἀγῶνα
457 3387 552 3427 κτλ.
600 3385 744 3426 Davius
774 3383 910 3423 mallet
924 3385 1025 3437 βω
1031 3394 1090 3424 εν.
1121 3380 1207 3420 Bir-
1351 3379 1393 3427 6)
1423 3377 1513 3417 lsai.
1544 3378 1610 3426 66,
1642 3378 1706 3418 2-1.

266 3444 370 3484 rius:
404 3444 569 3499 θῶμεν
587 3441 772 3493 relinquo
794 3439 836 3479 B.
853 3396 1054 3486 Clemeu‘uti,
1074 3448 1207 3476 verum
1350 3433 1445 3485 Cap
1474 3433 1656 3482 V111.1)
1688 3432 1804 3473 Nolte
1836 3431 1983 3472 mavult
2013 3428 2108 3478 ἕως.
2151 3430 2207 3471 Ita

267 3511 288 3538 a
321 3500 486 3563 τίθημι
523 3503 677 3537 natum:
706 3507 892 3549 ponamus
931 3495 990 3533 vel
1015 3504 1207 3544 ριοροηα-
1268 3491 1357 3530 Hes.
1391 3489 1515 3529 edidit
1543 3488 1583 3527 in
1616 3488 1677 3528 ed.
1707 3488 1766 3528 IV.

267 3567 352 3594 mus
381 3556 483 3594 viam
512 3558 652 3593 rectam
678 3565 749 3604 pro
781 3551 968 3591 curriculo
999 3547 1152 3588 uobisi.
1175 3560 1208 3586 e.
1354 3545 1397 3597 2)
1430 3541 1455 3584 ὁ
1487 3550 1558 3584 art.
1588 3544 1708 3584 Wott.
1737 3543 1911 3583 restituit
1941 3556 1985 3583 ex
2017 3543 2086 3582 Ms.
2129 3542 2208 3582 Csr.

268 3610 370 3648 viam
407 3609 578 3658 virtutis,
622 3608 730 3660 quod
768 3608 1039 3657 incorruptum
1085 3609 1212 3643 certa-
1268 3601 1362 3641 Luc.
1415 3600 1485 3648 16,
1529 3600 1719 3640 10-12,
1785 3599 1898 3650 Apud
1925 3599 2026 3639 Iren.
2056 3599 2109 3648 II,
2142 3600 2208 3639 64.

268 3677 358 3704 men
389 3663 682 3717 interpretatm.
1268 3657 1354 3710 (34.
1383 3668 1423 3708 p.
1458 3655 1548 3697 169.
1588 3654 1650 3697 ed.
1683 3654 1884 3709 Massuet.)
1923 3654 2036 3695 locus
2063 3653 2210 3695 recita-
