2340 3900
682 94 981 142 BARNABAE
1016 96 1300 144 EPISTOLA.
1356 97 1446 145 vu.
1481 96 1595 144 vni.
2057 94 2121 145 17

153 237 243 283 Gur
273 248 382 282 vero
417 239 467 280 et
498 232 621 280 boc?
673 232 926 279 Attendite:
961 247 1118 288 ,unum
1155 235 1338 295 quidem
1366 250 1505 298 super
1539 235 1694 292 altare,
1730 233 1920 280 alterum
1957 247 2118 280 verum

150 299 467 352 maledicmm‘
543 301 600 348 Et
634 315 778 364 quare
843 300 922 361 qui
957 301 1225 350 maledictus
1275 312 1346 350 est
1396 303 1677 352 coronatur?
1741 302 1853 360 Quia
1899 301 2119 349 videbunt

148 388 251 421 cum
284 371 360 419 illa
394 370 468 418 die
503 369 747 417 habentem
780 370 903 416 circa
938 384 1106 432 corpus
1133 372 1319 420 talarem
1357 374 1630 432 coccineam,
1668 380 1712 420 et
1747 372 1925 419 dicent:
1961 385 2114 419 nonne

147 443 223 490 bic
255 447 341 498 est,
377 453 513 500 quem
550 453 639 486 nos
670 438 915 501 aliquando
951 439 1243 501 despectum,
1297 450 1616 504 compunctum
1665 457 1718 489 ac
1753 441 1935 489 illusum
1971 441 2115 488 cruci-

148 509 358 558 fiximus?
411 508 525 556 Vere
558 509 634 556 ille
670 515 763 566 est,
812 508 891 570 qui
937 514 1043 555 tuuc
1093 524 1143 556 se
1182 510 1362 558 dicebat
1398 526 1501 558 esse
1540 512 1680 559 filium
1717 512 1809 558 Dei.
1880 510 2116 568 Quomodo

148 579 357 627 similiter
389 585 437 625 et
471 592 557 625 cur
598 578 744 625 hocce
790 577 980 635 ,similes
1017 578 1173 625 hircos
1225 579 1445 640 pulchros
1479 588 1524 628 et
1558 581 1771 643 aequales
1789 578 1826 626 2‘
1887 579 1963 639 Ut,
2012 594 2116 627 cum

146 649 343 696 viderint
393 661 499 694 eum
533 653 644 694 tnnc
677 648 960 704 venientem,
1008 647 1315 709 percellantur
1365 649 1420 695 de
1472 650 1590 697 hirci
1627 649 1934 697 similitudine.
2004 649 2115 697 Vide

146 718 286 779 igitur
320 715 513 778 figuram
546 716 651 764 Iesu
686 717 884 779 passuri.
956 716 1098 774 Quam
1149 716 1207 764 ob
1256 731 1353 764 rem
1398 732 1507 764 vero
1558 719 1703 765 lanam
1752 720 1797 765 in
1834 719 1985 767 medio
2022 720 2118 781 spi-

146 801 304 834 narum
335 786 543 847 ponth
600 786 651 833 ld
696 793 770 833 est
803 784 952 848 figura
987 786 1118 843 Iesu,
1169 786 1390 833 ecclesiae
1430 789 1679 849 proposita.
1751 789 1933 835 Ponunt
1966 795 2118 836 autem

145 856 291 903 lanam
326 856 372 902 in
409 856 570 916 spinis,
604 862 669 909 ut,
703 856 783 916 qui
812 855 1006 902 voluerit
1030 854 1178 902 lanam
1201 857 1462 902 coccineam
1498 856 1691 914 auferre,
1730 871 1785 905 eo
1819 858 1945 918 quod
1985 858 2118 920 spina

146 924 442 972 formidabilis
478 925 563 981 sit,
600 924 766 972 debeat
798 924 992 986 plurima
1027 924 1251 982 sufferre,
1287 932 1333 972 et
1363 924 1607 972 afflictatus
1644 927 1782 987 potiri
1818 926 1953 973 iuius.
2025 926 2115 984 Sic,

146 995 307 1056 inquit,
344 994 423 1055 qui
455 993 611 1041 volunt
645 1008 719 1041 me
752 994 909 1041 videre
948 1000 995 1041 et
1030 994 1086 1041 ad
1123 1008 1314 1056 regnum
1348 1008 1499 1042 meum
1534 997 1790 1056 pervenire,
1829 995 1999 1043 debent
2034 1010 2119 1058 per

147 1063 421 1111 afflictiones
457 1069 505 1112 et
538 1069 765 1112 tormenta
799 1062 1042 1126 possidere
1078 1077 1166 1111 me.

214 1218 324 1267 vul.
395 1218 632 1266 Iuvencae
668 1220 843 1267 rubrae
877 1219 1164 1280 sacrificium
1200 1224 1334 1279 typus
1370 1217 1539 1265 Christi
1575 1218 1872 1278 eiusdemque
1907 1217 2055 1279 requi.

285 1328 430 1386 Quam
463 1334 612 1375 autem
650 1327 840 1390 figuram
877 1330 1046 1390 putatis
1084 1344 1215 1386 esse,
1254 1329 1379 1390 quod
1420 1327 1702 1389 praecipitur
1741 1327 1914 1385 Israeli,
1951 1336 2002 1376 ut
2038 1330 2119 1377 ho-

146 1399 293 1446 mines
327 1405 666 1445 consummatae
700 1398 932 1460 nequitiae
980 1399 1212 1446 iuvencam
1260 1398 1465 1454 afferant,
1505 1403 1550 1444 et
1585 1411 1684 1443 eam
1722 1405 1960 1445 mactatam
1997 1413 2117 1446 com-

147 1468 338 1524 burant3
373 1475 514 1529 utque
548 1473 656 1514 tunc
693 1469 827 1530 pueri
862 1468 1020 1515 tollant
1053 1468 1258 1516 cinerem
1294 1475 1341 1515 ct
1371 1468 1415 1513 in
1453 1481 1558 1514 vasa
1602 1467 1804 1524 mittant3
1841 1475 2006 1529 postea
2042 1469 2118 1516 ha·

147 1537 252 1585 culo
286 1536 473 1599 alligent
503 1537 651 1584 lanam
686 1538 948 1585 coccineam
984 1552 1086 1585 cum
1132 1539 1367 1600 hyssop03
1420 1543 1466 1583 et
1501 1537 1570 1583 sic
1605 1536 1823 1598 populum
1861 1538 2120 1599 singulatim

147 1607 280 1670 pueri
300 1613 559 1669 aspergant,
594 1614 646 1654 ut
669 1622 695 1655 a
721 1608 922 1669 peccatis
947 1608 1200 1670 purgetur?
1237 1607 1453 1668 Aspicite,
1491 1606 1723 1667 quomodo
1748 1606 1794 1652 in
1827 1607 2119 1668 simplicitate

148 1676 282 1724 nobis
333 1676 559 1738 loquatnr-
579 1676 815 1724 Dominus.
888 1677 1061 1725 Vitulus
1110 1678 1196 1724 iste
1234 1676 1361 1724 lesus
1400 1683 1495 1732 est3
1550 1676 1761 1722 homines
1798 1690 1995 1737 nequam
2043 1677 2123 1739 qui

149 1745 373 1802 afferunt,
423 1753 532 1794 sunt
565 1747 597 1793 ii
647 1747 726 1808 qui
773 1747 1012 1795 Dominum
1060 1747 1117 1794 ad
1165 1761 1322 1794 necem
1371 1745 1647 1792 obtulerunt.
1717 1744 1809 1792 Sed
1854 1760 1974 1793 nunc
2026 1761 2122 1794 non

149 1815 342 1878 amplius
373 1822 482 1862 sunt
513 1816 599 1862 viri
633 1830 843 1877 nequam,
882 1830 969 1864 nec
1005 1817 1198 1878 amplius
1236 1831 1322 1878 pro
1353 1815 1676 1877 peccatoribus
1699 1814 1937 1862 habentur.
1982 1816 2123 1863 Pueri

149 1898 259 1933 vem
290 1893 589 1947 aspergentes
629 1892 739 1932 sunt
783 1887 862 1947 qui
905 1887 1227 1934 nuntiaverunt
1258 1884 1392 1932 nobis
1437 1885 1756 1932 remissionem
1807 1891 2120 1946 peccatorum,

241 2059 317 2112 2⁵)
347 2056 475 2102 ἴδετε
507 2058 584 2111 legi
615 2057 699 2100 vult
724 2058 824 2100 item
855 2058 937 2100 Cir.
971 2058 1107 2099 lustin.
1164 2059 1192 2099 F
1216 2060 1247 2099 0
1266 2058 1294 2097 V
1329 2064 1369 2098 et
1397 2057 1469 2098 lnt.
1501 2063 1575 2097 vet.
1616 2055 1742 2096 Totus
1770 2062 1901 2098 autem
1933 2055 2048 2098 locus
2079 2057 2122 2098 in
2176 2032 2182 2037 ἱ

157 2115 259 2159 ὓίιΙ.
289 2129 325 2157 c.
354 2114 505 2169 Tryph.
534 2128 574 2156 n.
606 2115 699 2157 111.
1163 2115 1224 2156 liis
1256 2114 1384 2155 tribus
1416 2114 1507 2154 Mss.
1539 2113 1591 2153 ita
1632 2118 1772 2153 sonat:
1814 2112 1893 2154 καὶ
1935 2125 1996 2155 πε
2028 2127 2122 2155 tn-

239 2172 316 2224 36)
347 2172 426 2213 καὶ
444 2171 559 2219 len..
574 2170 643 2219 εἰς
658 2170 766 2213 idem
787 2171 892 2212 coni.
907 2171 947 2212 in
971 2183 1108 2222 marg„

156 2235 200 2269 ut
227 2235 290 2270 est
317 2228 358 2269 in
388 2227 465 2270 BC
485 2227 519 2268 0
539 2228 581 2268 V.
633 2227 852 2269 Articulum
887 2229 983 2270 ταῖν
1014 2234 1107 2267 ante

156 2283 386 2380 &23:137
413 2296 491 2325 om.
522 2284 622 2325 len.
681 2284 781 2325 Τιιιιι
816 2283 1005 2326 τιθέασι
1021 2283 1050 2324 B
1077 2283 1106 2322 C

155 2353 190 2382 c.

238 2395 314 2448 37)
341 2389 401 2437 ὃν
427 2394 458 2435 C
489 2395 590 2436 Ιαι.
620 2394 660 2436 in
692 2401 812 2437 textu.
844 2390 898 2443 ὃς
926 2395 1034 2436 idem
1066 2394 1105 2435 in

155 2464 277 2503 marg.
338 2451 439 2492 'l’um
467 2445 579 2507 ἆραι
610 2450 684 2492 BC
706 2451 740 2492 0
762 2450 792 2490 V
823 2452 923 2492 Men.
954 2451 1067 2492 Voss„

237 2506 317 2560 ³8)
344 2507 425 2550 ἵνα
451 2521 486 2549 c.
515 2507 638 2549 indic.
671 2519 803 2560 praes.
834 2507 958 2548 habes
987 2507 1106 2548 etiam

154 2564 169 2606 Ι
198 2563 292 2605 Cor.
318 2565 370 2612 4,
398 2564 438 2606 6.
469 2563 556 2605 Gal.
588 2564 638 2614 4,
672 2564 736 2606 ¹7.
795 2563 1016 2605 Videndum
1046 2570 1107 2605 ta-

154 2632 257 2670 nen,
290 2633 341 2661 nn
371 2620 437 2661 bic
470 2627 510 2661 et
547 2619 633 2661 illic
671 2632 752 2661 non
785 2619 921 2672 potius
955 2620 1107 2661 substi-

155 2674 302 2717 tuenda
333 2676 386 2717 sit
413 2678 542 2718 forma
574 2673 638 2735 δῇ
665 2676 718 2717 ob
747 2675 995 2726 lucismum,
1034 2689 1106 2717 vo-

155 2731 282 2774 calem
328 2746 357 2786 η
390 2733 621 2786 promiscue
657 2732 697 2773 in
733 2731 950 2774 scribendo
989 2745 1108 2774 usur-

156 2794 316 2842 pantem
326 2801 402 2843 pro
412 2788 663 2843 diphthongo
677 2800 719 2832 ει
740 2787 964 2843 codemque
983 2789 1107 2831 modo

158 2845 504 2898 pronunciantem.

242 2901 317 2955 39)
345 2902 585 2958 κυριεῦσαι
615 2900 744 2944 Codd.
783 2902 910 2943 nostri
955 2915 1108 2952 omnes,

158 2958 386 3011 moniam
422 2958 523 3000 Uen.

243 3013 318 3066 ⁴0)
346 3010 497 3063 οὕτως
525 3013 559 3057 0
579 3014 623 3056 V.

245 3070 320 3122 ⁴1)
351 3065 555 3123 ἅψασθέ
576 3084 672 3128 μου
698 3071 727 3112 V
749 3071 799 3121 0,
830 3070 870 3112 in
910 3072 987 3113 hoc
1020 3071 1110 3125 qui·

160 3125 251 3168 dem
289 3132 479 3170 mutum
517 3125 559 3167 in
596 3122 801 3181 ἅψασθέ
835 3141 950 3185 μου,
995 3127 1035 3168 in
1067 3128 1110 3169 C.

161 3182 261 3226 nen.
290 3176 522 3237 ἅψασθαί
542 3196 649 3241 μου.
704 3183 802 3225 Dein
838 3181 1114 3241 ὀφείλουσιν

160 3238 252 3280 07.
311 3238 525 3293 Respicere
554 3238 711 3282 videtur
727 3239 779 3281 nd
798 3239 933 3282 Hattb.
959 3240 1023 3291 16,
1043 3240 1110 3282 24.

162 3294 477 3394 ⁸21?th
545 3293 879 3395 ηιιεῖἷαῗῗῗί
916 3295 959 3337 c'
1030 3296 1111 3338 effi

242 3406 288 3457 2)
315 3405 394 3449 καὶ
421 3419 467 3451 ex
538 3408 569 3450 ‘t
604 3407 772 3450 editioni
803 3408 903 3450 Heu.
933 3407 1113 3449 Subinde

165 3457 431 3520 σφάξαντες
444 3463 475 3505 Β
492 3463 523 3506 C
540 3463 575 3506 0
591 3463 636 3507 V.
668 3462 790 3507 κατὰ
806 3465 959 3507 καίειν
971 3477 1050 3505 scr.
1072 3464 1114 3505 V.

250 3518 298 3569 3)
326 3515 524 3563 παιδεία
550 3519 581 3559 V
610 3526 650 3562 et
678 3532 740 3574 pr.
770 3531 873 3562 mn.
903 3519 950 3561 Ο.

1163 2171 1302 2214 asma
1337 2168 1391 2212 τὸ
1410 2166 1534 2226 ἔριον
1552 2167 1605 2210 τὸ
1625 2164 1844 2211 κόκκινον
1867 2167 1948 2211 ἐπὶ
1969 2169 2123 2217 ξυλον.

1162 2224 1237 2269 ἴδε
1269 2222 1415 2269 πάλιν
1444 2222 1469 2267 ὁ
1509 2226 1591 2267 τοῦ
1632 2226 1848 2278 σταυροῦ.
1899 2223 1952 2266 τὸ
1993 2224 2122 2282 ἔριον

1163 2281 1216 2324 τὸ
1246 2279 1475 2324 κόκκινον.
1525 2279 1602 2321 καὶ
1650 2280 1734 2322 τὸν
1765 2276 1993 2323 ὕσσωπον
2020 2281 2120 2324 κτλ.

1161 2340 1311 2380 Deesse
1367 2339 1430 2392 τῷ
1461 2331 1581 2391 ξύλῳ
1613 2336 1720 2376 haud
1749 2336 1855 2377 male
1889 2337 2119 2390 suspicatus

1162 2401 1223 2436 est
1257 2396 1357 2436 Men.

1247 2452 1292 2501 5)
1322 2444 1471 2496 οὕτως
1511 2448 1608 2489 OV.
1678 2448 1776 2489 Dein
1827 2446 2026 2491 παιδεία
2075 2462 2115 2503 p.

1161 2504 1333 2548 παιδία
1363 2518 1441 2546 scr.
1473 2505 1501 2544 V
1532 2511 1571 2545 et
1599 2517 1660 2557 pr.
1694 2517 1797 2546 man.
1829 2506 1873 2546 Ο.

1242 2564 1288 2616 6)
1319 2559 1587 2618 ἁγνίζονται
1617 2561 1717 2610 VO,
1755 2561 1795 2601 in
1839 2562 1917 2602 hoc
1955 2561 2118 2615 quidem

1161 2620 1412 2661 emendatum
1449 2618 1487 2658 in
1524 2614 1820 2672 ἁγνίζωνται.
1886 2618 1986 2659 Tum
2018 2615 2116 2661 ἀπὸ

1162 2691 1195 2718 c.
1229 2675 1390 2718 Davisio
1423 2687 1461 2727 p.
1499 2670 1593 2717 ὑπὸ
1625 2674 1653 2713 Β
1674 2674 1701 2714 C
1722 2674 1799 2714 OV
1831 2675 1932 2715 Men,

1251 2733 1296 2785 7)
1339 2732 1435 2772 Cum
1484 2737 1558 2771 vet.
1605 2731 1677 2771 lnt.
1731 2731 1943 2772 Menardus
1994 2730 2120 2773 scribi

1162 2790 1245 2830 vult
1273 2783 1531 2846 ὁμοιότητι.

1249 2845 1293 2898 8)
1325 2843 1500 2898 Reposui
1530 2833 1613 2885 οὖν
1646 2854 1691 2882 ex
1725 2842 1951 2893 BCFOV,
1984 2830 2120 2889 οὗτος

1164 2902 1275 2943 editt.
1306 2901 1431 2942 secuti
1456 2901 1569 2948 Mem,
1603 2898 1669 2952 qui
1700 2911 1837 2939 vocem
1870 2898 1995 2939 deleri
2032 2910 2118 2939 ma-

1164 2959 1295 3008 luerit,
1327 2970 1415 2998 cum
1447 2956 1552 2997 desit
1581 2968 1644 3007 ap.
1676 2956 1747 2995 lut.
1771 2960 1954 2995 veterem.
1972 2954 2118 2995 Hiero-

1164 3028 1304 3068 nymus
1335 3014 1373 3054 in
1407 3027 1440 3054 c.
1462 3013 1529 3054 43.
1564 3010 1798 3060 Ezechielis,
1832 3010 1898 3050 ubi
1920 3010 1970 3050 ad
2002 3010 2119 3050 huius

1166 3071 1373 3124 Epistulae
1392 3068 1670 3110 auctoritatem
1699 3072 1913 3120 provocat:
1950 3065 2121 3107 Vitulum

1166 3133 1317 3181 aulem,
1359 3129 1426 3181 qui
1462 3139 1533 3179 pro
1565 3125 1677 3166 nobis
1710 3124 1929 3164 immolatus
1960 3126 2039 3171 est,
2083 3125 2122 3162 et

1164 3185 1288 3225 multa
1335 3185 1616 3236 scripturarum
1663 3181 1766 3228 loca,
1827 3182 1863 3219 et
1910 3177 2123 3230 praecipue

1168 3241 1368 3281 Barnabae
1415 3239 1603 3292 epistola,
1661 3249 1760 3289 quae
1809 3235 1972 3274 habetur
2022 3234 2125 3274 inter

1168 3298 1393 3350 Scripturas
1423 3294 1681 3347 apocryphas,
1712 3293 1900 3330 nominat.

1252 3355 1296 3404 9)
1329 3344 1725 3408 προσενεγκόνιες
1748 3343 1905 3388 αὐτῶν
1935 3356 1974 3398 p.
2006 3356 2127 3403 προ-

1171 3408 1474 3463 σενέγκαντες
1500 3402 1643 3447 αὐτὸν
1674 3403 1716 3442 C.
1744 3451 1753 3465 ,

1261 3465 1329 3516 10)
1372 3460 1473 3504 εἶτα
1519 3457 1673 3502 οὐκέτι
1724 3452 1915 3510 ἀνδρες,
1969 3452 2126 3498 οὐκέτι

1171 3516 1466 3576 ἁμαρτωλῶν
1494 3514 1520 3570 ἡ
1552 3511 1669 3562 δόξα
1702 3513 1730 3553 Β
1750 3512 1779 3552 C
1802 3512 1834 3553 Ο
1856 3510 1885 3552 V
1906 3510 2020 3562 Men„
2058 3510 2126 3564 qui

255 3575 300 3620 4)
331 3574 452 3617 Voce.
486 3572 569 3618 ent
610 3571 751 3624 ξύλον
779 3582 1040 3618 accesserunt
1070 3587 1116 3617 cx
1171 3574 1406 3630 proposuit:
1447 3571 1549 3617 εἶτα
1585 3568 1739 3614 οὐκέτι
1768 3562 1940 3626 ἄνδρες
1970 3563 2128 3626 ἅμαρ-

279 3642 436 3687 an
463 3654 604 3687 nost.

1751 3637 1776 3679 2
