2340 3900
426 207 636 257 mlum
669 207 943 256 EPISTOLA
976 209 1047 255 An
1083 209 1368 258 EPHESlOS.
1414 208 1566 287 xvlu.
1601 209 1711 257 XIX.
1747 207 1838 257 XX.
2034 207 2134 259 137

160 348 371 412 gloriatio
404 361 582 406 eorum,
617 348 697 411 qui
732 348 948 396 dicuntur
981 347 1268 408 prudentes?
1334 348 1454 396 Deus
1490 347 1612 396 enim
1647 355 1808 397 noster
1840 349 1969 398 Iesus
2006 350 2130 398 Chri·

165 427 263 467 stus
298 420 345 465 in
379 424 510 465 utero
548 424 754 481 gestatus
789 423 862 464 est
893 431 920 463 a
953 416 1104 474 Maria,
1148 416 1269 463 iuxta
1306 418 1690 495 dispensationem
1727 418 1833 479 Dei,
1870 433 1924 468 ex
1958 421 2133 468 semine

163 488 347 550 quidem
381 488 575 546 Davidi8‚
612 487 787 550 Spiritu
819 492 970 534 autem
1005 493 1194 543 sancto;
1253 487 1329 547 qui
1366 494 1499 535 natus
1536 495 1633 547 est,
1685 495 1731 537 et
1756 488 2010 553 baptizatus
2047 496 2132 571 est,

159 564 211 605 ut
244 557 461 620 passione
496 571 659 620 aquam
691 554 972 620 purificaret.

164 697 392 759 quisitor?
462 695 547 744 Ubi
582 695 795 759 gloriatio
830 708 1017 752 eorum,
1068 694 1146 755 qui
1181 693 1396 741 dicuntur
1440 695 1781 758 intelligentes?
1854 698 1972 747 Deus
2011 700 2131 747 enim

160 773 320 814 noster
353 767 481 814 lesus
506 767 714 814 Christus
749 766 796 813 in
831 771 965 812 utero
1003 769 1204 826 gestatus
1243 771 1314 811 est
1349 778 1374 809 a
1414 764 1552 811 Maria
1588 767 1708 814 iuxta
1745 769 2133 830 dispensationem

161 836 255 893 Dei,
293 850 347 883 ex
378 837 552 884 semine
589 836 773 898 quidem
808 835 969 891 David,
1007 834 1063 880 de
1100 833 1266 895 spiritu
1300 839 1450 880 autem
1487 842 1664 882 sancto.
1740 837 1825 895 Qui
1878 845 2011 887 uatus
2060 847 2133 888 est

160 913 208 952 et
242 905 511 968 baptizatus,
544 913 596 954 ut
628 904 896 954 sufferendo
932 917 1096 965 aquam
1130 903 1383 950 mundaret.

728 1057 837 1105 xlx.
912 1058 1027 1105 Tria
1061 1057 1283 1117 mysteria
1320 1057 1556 1105 clamoris.

295 1169 350 1216 Et
383 1169 640 1232 principem
674 1170 812 1219 buius
848 1169 1005 1218 mundi
1037 1168 1167 1216 latuit
1197 1167 1361 1215 Mariae
1397 1168 1632 1230 virginitas
1668 1176 1714 1218 et
1760 1178 1918 1233 partus
1969 1173 2128 1236 ipsius,

160 1239 372 1290 similiter
406 1246 454 1287 et
482 1254 609 1287 mors
643 1240 852 1299 Domini3
909 1240 995 1287 tria
1029 1238 1246 1302 mysteria
1282 1238 1517 1296 clamoris,
1570 1254 1685 1300 quae
1741 1241 1787 1287 in
1837 1242 2018 1290 silentio
2056 1244 2134 1291 Dei

161 1316 336 1372 patrata
373 1316 492 1356 sunt.
564 1309 802 1367 Quomodo
834 1310 974 1372 igitur
1007 1308 1318 1357 manifestatus
1356 1314 1426 1355 est
1461 1309 1655 1356 seculis?
1731 1308 1870 1358 Stella
1918 1313 1962 1358 in
1991 1313 2131 1360 coelo

162 1379 312 1436 fulsit,
367 1379 616 1441 splendore
658 1394 940 1443 exsuperans
976 1394 1134 1427 omnes
1171 1378 1348 1435 stellaS,
1401 1384 1447 1425 et
1483 1379 1559 1425 lux
1591 1379 1709 1426 illius
1748 1381 1987 1429 ineffabilis
2024 1389 2133 1436 erat,

160 1456 207 1497 et
242 1456 477 1511 stuporem
519 1450 714 1497 incussit
762 1450 906 1512 ipsius
954 1449 1146 1497 novitas.
1219 1448 1376 1495 Omnia
1430 1455 1578 1495 autem
1632 1449 1806 1511 reliqua
1845 1458 1992 1508 astra,
2043 1466 2134 1498 uua

161 1534 263 1566 cum
297 1519 395 1566 sole
432 1525 481 1566 et
514 1519 633 1573 luna,
671 1520 842 1567 chorus
879 1520 1006 1567 luere
1042 1519 1224 1576 stellae;
1267 1519 1366 1580 ipsa
1389 1532 1497 1564 vero
1519 1519 1671 1565 lumen
1705 1533 1837 1566 suum
1863 1521 2136 1568 extendebat

159 1603 301 1651 snper
337 1589 500 1635 omnia.
572 1588 627 1635 Et
661 1589 947 1651 perturbatio
985 1596 1105 1646 erat,
1154 1589 1275 1636 unde
1311 1589 1519 1650 prodiret
1555 1589 1731 1636 novitas
1765 1590 1851 1637 illis
1890 1590 2133 1638 dissimilis.

159 1659 307 1717 Quare
345 1658 495 1706 soluta
529 1665 602 1706 est
635 1660 784 1707 omnis
819 1660 990 1721 magia,
1043 1666 1091 1706 et
1124 1673 1258 1706 omne
1293 1658 1522 1705 vinculum
1560 1658 1754 1706 malitiae
1792 1666 1862 1707 est
1891 1660 2133 1719 abolitum3

160 1729 416 1791 ignorantia
451 1729 683 1776 destructa
721 1735 815 1786 est,
861 1735 990 1776 vetus
1028 1743 1219 1791 regnum
1253 1735 1326 1776 est
1359 1727 1705 1786 labefactatum,
1744 1729 1836 1777 Deo
1874 1730 2134 1778 humanitus

160 1798 459 1856 manifestato,
497 1798 544 1846 in
578 1799 821 1847 novitatem
856 1799 971 1847 vitae
998 1806 1223 1846 aeternae.
1271 1798 1451 1846 Initium
1487 1813 1597 1845 vero
1635 1813 1758 1846 nunc
1796 1801 1969 1858 sumsit,
2009 1802 2134 1863 quod

160 1868 216 1915 ab
252 1868 383 1915 initio
419 1868 541 1931 apud
574 1869 717 1917 Deum
768 1876 974 1932 paratum
1021 1875 1131 1916 erat.
1201 1868 1312 1917 Inde
1359 1868 1509 1915 omnia
1555 1869 1978 1928 commovebantur,
2027 1871 2135 1933 quia

162 1938 235 1986 ille
271 1939 433 1985 mortis
468 1937 763 1987 abolitionem
797 1939 1112 1990 meditabatur.

299 2085 324 2112 *
346 2091 457 2139 XIX.
527 2092 583 2139 Et
616 2091 748 2140 latuit
778 2092 1033 2155 principem
1070 2092 1206 2139 huius
1243 2090 1400 2138 mundi
1422 2089 1586 2137 Mariae
1621 2091 1855 2153 virginitas
1893 2099 1940 2140 et
1974 2100 2132 2155 partus

158 2163 320 2225 ipsius,
354 2162 567 2210 similiter
601 2168 650 2210 et
682 2161 806 2209 Mors
842 2162 1033 2209 Domini.
1104 2162 1207 2208 Tria
1243 2160 1459 2221 mysteria
1496 2160 1723 2218 clamoriS,
1762 2176 1879 2223 quae
1918 2163 1962 2210 in
1996 2164 2134 2211 silen-

161 2233 225 2279 tio
264 2231 343 2279 Dei
380 2239 557 2295 patrata
593 2238 715 2279 sunt.
785 2232 1025 2289 Quomodo
1064 2232 1201 2293 igitur
1237 2229 1521 2277 manifestata
1571 2237 1679 2276 sunt
1724 2232 1926 2279 seculis?
1997 2232 2134 2281 Stella

159 2303 206 2349 in
242 2301 373 2349 coelo
410 2301 539 2349 fulsit
572 2315 714 2364 super
748 2315 908 2349 omnes
946 2300 1115 2358 stellaS,
1153 2307 1201 2347 et
1234 2301 1386 2347 lumen
1425 2299 1523 2346 eius
1549 2306 1647 2346 erat
1678 2300 1923 2359 ineffabile,
1961 2309 2007 2349 et
2042 2310 2134 2351 stu-

162 2386 323 2434 porem
360 2370 611 2419 incutiebat
644 2371 745 2418 eius
783 2371 972 2419 novitas.
1031 2370 1191 2417 Omnia
1225 2378 1375 2417 autem
1412 2368 1587 2430 reliqua
1625 2375 1747 2416 astra
1783 2385 1872 2417 una
1907 2385 2007 2419 cum
2035 2373 2134 2420 sole

158 2448 206 2490 et
239 2441 345 2489 luna
380 2442 574 2488 chorum
610 2441 804 2503 agebant
836 2441 945 2488 huic
982 2440 1161 2488 stellae:
1212 2440 1311 2502 ipsa
1345 2444 1493 2486 autem
1536 2438 1640 2486 luce
1678 2440 1924 2500 superabat
1960 2456 2120 2490 omnes

161 2518 352 2574 eratque
399 2510 714 2573 perturbatio,
759 2511 882 2558 uude
920 2510 1035 2557 haec
1072 2510 1305 2557 dissimilis
1342 2509 1517 2556 novitas
1560 2509 1673 2570 ipsis
1707 2510 1931 2570 prodiret.
2006 2511 2132 2560 Unde

159 2580 496 2629 dissolvebatur
550 2581 699 2628 omnis
746 2581 894 2641 magia
943 2587 990 2627 et
1037 2594 1170 2627 omne
1217 2579 1444 2627 vinculum
1489 2578 1687 2625 malitiae
1735 2582 1927 2627 evanuit.
2002 2582 2131 2644 Igno·

163 2652 308 2699 rantia
354 2651 588 2699 destructa
633 2657 731 2707 est,
784 2656 910 2697 vetus
949 2664 1142 2711 regnum
1179 2649 1421 2706 abolitum,
1474 2648 1552 2695 ubi
1590 2649 1708 2696 Deus
1760 2649 1955 2699 humano
2002 2666 2131 2699 more

159 2720 473 2770 manifestatus
521 2727 595 2768 est
638 2720 696 2768 ad
741 2720 984 2768 novitatem
1018 2721 1132 2767 vitae
1179 2726 1406 2767 aeternae.
1478 2718 1756 2780 Principium
1805 2734 1914 2767 vero
1955 2722 2133 2783 accepit

162 2790 416 2853 perlectum
452 2789 565 2838 illud
600 2796 649 2838 et
681 2789 942 2838 absolutum
979 2789 1059 2837 Dei
1100 2803 1241 2852 opus:
1278 2789 1398 2837 unde
1432 2788 1583 2836 omnia
1620 2790 2036 2849 commovebantur,
2075 2806 2131 2839 eo

164 2859 290 2921 quod
321 2859 621 2908 meditaretur
652 2860 814 2909 mortis
851 2859 1161 2907 abolitionem.

777 3011 867 3059 XX.
934 3013 1110 3060 Iterum
1138 3013 1269 3060 vobis
1305 3013 1522 3060 scribam.

302 3122 349 3169 Si
388 3136 459 3169 me
497 3121 707 3185 dignatus
743 3121 884 3169 luerit
918 3121 1045 3169 lesus
1082 3122 1289 3170 Christus
1327 3130 1518 3185 propter
1554 3123 1806 3170 orationem
1837 3128 2048 3178 vestram,
2087 3128 2135 3168 et

164 3192 369 3239 voluntas
406 3192 495 3248 sit,
545 3192 589 3238 in
635 3191 841 3239 secundo
878 3190 1053 3247 libello,
1104 3205 1238 3251 quem
1276 3192 1532 3254 scripturus
1571 3207 1669 3239 sum
1707 3191 1849 3247 vobis,
1889 3189 2131 3238 declarabo

162 3262 306 3320 vobis,
343 3275 476 3323 quam
511 3261 770 3324 inceperam
822 3260 1139 3308 formationem
1177 3258 1223 3306 in
1259 3273 1424 3308 novum
1462 3262 1689 3310 hominem
1716 3260 1863 3307 lesum
1888 3260 2131 3317 Christum,

165 3347 249 3394 per
285 3330 422 3379 fidem
458 3331 502 3378 in
540 3345 643 3379 eum
683 3336 731 3379 et
765 3344 850 3393 per
896 3329 1040 3392 ipsius
1087 3328 1400 3387 dilectionem,
1448 3345 1534 3394 per
1577 3331 1836 3394 passionem
1883 3335 1929 3376 et
1977 3342 2131 3378 resur·

307 3476 332 3503 ⁴
356 3483 447 3531 XX.
518 3482 566 3532 Si
613 3498 687 3532 me
739 3482 999 3546 dignabitur
1035 3483 1160 3530 lesus
1199 3482 1406 3531 Christus
1441 3498 1525 3546 per
1559 3485 1810 3531 orationem
1859 3490 2054 3533 vestram
2091 3491 2136 3533 et

166 3552 372 3600 voluntas
403 3554 505 3601 eius
540 3554 625 3613 sit,
672 3554 716 3601 in
755 3553 959 3601 secundo
1007 3552 1160 3599 libello
1209 3566 1343 3613 quem
1390 3553 1519 3599 vobis
1571 3554 1826 3615 scripturus
1864 3567 1990 3613 sum,
2041 3555 2130 3603 hoc

167 3623 302 3670 etiam
340 3622 616 3684 praedicabo
651 3622 795 3677 vobis,
833 3636 967 3684 quam
1006 3623 1234 3683 coeperim
1274 3621 1662 3682 dispensationem
1700 3622 1744 3669 in
1783 3637 1946 3672 novum
1984 3624 2126 3672 homi·

166 3706 271 3739 nem
307 3691 456 3739 lesum
492 3691 739 3750 Christum,
777 3692 824 3739 in
862 3691 953 3739 fide
990 3692 1104 3748 eius,
1146 3698 1192 3738 et
1228 3692 1272 3737 in
1310 3690 1407 3737 eius
1447 3691 1652 3750 caritate,
1690 3691 1734 3739 in
1772 3694 1988 3755 passione
2028 3695 2126 3742 eius
