2340 3900
524 177 756 234 unum
785 177 1024 228 Pisron.
1094 180 1261 232 LIBER
1290 181 1325 228 1.
1401 179 1547 246 visio
1581 177 1658 229 ιιι.
1690 173 1763 237 (n)
2018 169 2117 225 431

162 333 246 376 ea,
282 333 401 380 quae
435 317 668 371 restabat
694 316 753 365 de
786 318 918 364 turri.
988 317 1043 364 Et
1078 320 1241 366 iterum
1278 318 1551 379 interrogavi
1586 317 1732 373 illam,
1769 315 1810 363 si
1855 326 2016 367 omnes
2063 312 2122 364 la·

161 389 294 449 pides
342 388 419 437 isti
464 385 768 436 acusantes
800 392 850 432 et
893 399 987 433 non
1025 388 1115 447 apti
1153 389 1197 434 in
1235 394 1386 444 turre,
1423 388 1463 434 si
1502 394 1575 435 est
1609 386 1698 434 illis
1735 383 2039 446 poenitentia,
2075 387 2123 432 et

161 456 397 505 habebunt
428 454 581 503 locum
620 455 668 500 in
705 460 834 502 turre
867 447 992 503 hac-³
1063 454 1131 522 Et.
1155 457 1217 501 ait
1251 457 1386 503 mibi:
1443 455 1615 504 habent
1649 455 1832 516 quidem
1884 451 2121 516 poeniten·

161 526 294 582 tiam,
328 523 414 572 sed
446 523 495 570 in
529 523 616 572 ista
650 530 780 571 turre
814 536 905 573 non
942 531 1139 585 possunt
1175 526 1448 580 convenire;
1495 526 1539 571 in
1576 522 1851 573 alio'autem
1886 522 1990 570 loco
2041 533 2123 583 po·

161 598 315 642 terunt
343 592 588 640 convenire
623 590 767 641 multo
803 592 998 640 minore.
1076 592 1129 640 Et
1165 593 1253 640 boc
1286 587 1548 654 postquam⁴
1582 592 1819 640 tormentis
1843 590 2003 639 afflicti
2026 590 2122 639 l’ue·

159 663 281 718 rint,
318 668 366 708 et
396 660 752 722 complebuntur
785 661 885 708 dies
921 668 1216 723 peccatorum
1253 676 1456 709 suorum.
1529 662 1582 709 Et
1626 663 1729 710 ideo
1779 660 2124 717 transferentur,

158 731 377 791 qnoniam
411 736 691 794 receperunt
725 729 910 779 verbum
947 731 1130 778 iustum.
1204 730 1259 777 Et
1294 738 1402 778 tunc
1437 731 1657 791 contingit
1691 732 1758 778 eis
1803 729 2042 777 transferri
2066 728 2123 776 de

159 799 399 846 tormentis
435 799 531 846 suis
567 806 762 861 propter
796 812 964 861 opera,
1001 814 1118 860 quae
1154 801 1331 860 operati
1386 807 1491 846 sunt
1538 799 1668 846 mala.
1740 799 1787 845 Si
1834 806 1983 846 autem
2030 811 2123 845 non

158 868 420 915 ascenderit
452 869 498 914 in
535 868 676 916 corde
710 882 871 916 eorum
903 864 1246 931 [poenitentia],
1283 882 1374 914 non
1409 868 1699 916 salvabuntur
1733 875 1925 930 propter
1961 868 2124 915 durum

159 950 246 984 cor
278 950 458 985 eorum.

296 1057 484 1121 (·)v111.
553 1061 610 1108 Et
643 1075 748 1109 cum
783 1075 1051 1124 pausassem
1085 1063 1375 1124 interrogans
1413 1077 1510 1113 eam
1547 1062 1604 1110 de
1640 1060 1852 1110 omnibus
1889 1061 1975 1118 his,
2015 1060 2127 1112 dixit

160 1130 298 1180 mibi:
333 1130 401 1178 vis
435 1131 560 1180 aliud
593 1131 782 1180 videret
851 1131 907 1179 Et
928 1145 1016 1192 ego
1046 1131 1218 1193 aliquid
1245 1132 1528 1189 desiderans,
1565 1131 1712 1180 factus
1750 1145 1848 1178 sum
1871 1130 1997 1179 vultu
2020 1143 2124 1178 meo

160 1200 381 1265 gaudens.
451 1200 531 1248 illa
565 1201 719 1262 itaque
753 1201 1012 1263 respiciens
1048 1202 1112 1248 ait
1146 1202 1282 1250 mihi:
1319 1202 1447 1249 vides
1485 1208 1660 1263 septem
1712 1200 1901 1248 feminas
1951 1200 1998 1246 in
2035 1200 2124 1247 cir·

159 1270 286 1318 cuitu
303 1269 475 1317 hirris?
510 1269 567 1317 Et
601 1269 695 1317 dixi
726 1270 796 1318 ei:
832 1270 984 1324 video,
1008 1269 1204 1318 domina.
1242 1270 1297 1317 Et
1315 1271 1378 1317 ait
1411 1271 1548 1319 mibi:
1586 1270 1728 1317 turris
1759 1262 1891 1316 baec¹
1929 1267 1984 1315 ab
2025 1269 2125 1316 istis

159 1345 370 1400 portatur
401 1338 522 1387 iuxta
557 1338 905 1401 dispositionem
918 1339 1109 1387 Domini.
1157 1339 1275 1387 Audi
1313 1354 1423 1401 ergo
1448 1353 1613 1400 operas
1643 1352 1816 1385 earum.
1852 1335 2004 1384 Prima
2027 1337 2123 1397 qui-

165 1407 271 1456 dem
303 1408 522 1470 ipsarum,
557 1421 675 1470 quae
707 1414 832 1456 tenet
865 1422 1039 1464 manus,
1076 1407 1192 1455 tides
1228 1415 1443 1457 vocatur:
1481 1422 1566 1468 per
1602 1408 1718 1453 banc
1740 1405 1967 1452 salvantur
1991 1405 2127 1452 electi

163 1476 259 1524 Dei.
324 1476 422 1524 Alia
455 1483 620 1534 autem,
653 1490 771 1538 quae
805 1477 1068 1544 praecincta
1103 1484 1176 1524 est
1197 1483 1243 1524 et
1263 1476 1453 1523 viriliter
1480 1476 1584 1536 agit,
1609 1474 1883 1522 abstinentia
1909 1481 2125 1522 vocatur:

161 1545 278 1593 haec
312 1543 406 1593 filia
442 1553 515 1594 est
550 1544 673 1594 fidei.
744 1546 1014 1606 Quicunque
1052 1553 1239 1594 secutus
1277 1545 1417 1593 fuerit
1451 1544 1584 1602 illam,
1623 1544 1783 1591 beatus
1835 1545 1923 1591 erit
1958 1545 2003 1594 in
2038 1543 2128 1593 vita

158 1627 272 1672 sua,
318 1613 534 1675 quoniam
571 1614 773 1663 omnium
806 1615 1027 1665 matorum
1065 1629 1258 1677 operum
1290 1614 1451 1665 evadet
1497 1614 1715 1671 credenS,
1766 1613 1978 1674 quoniam
2028 1627 2125 1661 eva-

159 1683 239 1732 det
272 1681 329 1730 ab
367 1683 527 1733 eadem
564 1684 939 1746 concupiscentia
973 1684 1142 1746 iniqua,
1181 1691 1227 1733 et
1262 1683 1561 1735 haereditabit
1595 1684 1729 1730 vitam
1767 1689 2010 1732 aeternam.
2072 1682 2128 1731 Et

162 1752 253 1800 dixi
288 1751 357 1800 ei:
393 1752 497 1802 illae
530 1753 659 1810 aliae,
693 1768 814 1815 quae
850 1760 969 1811 sunt,
1007 1754 1221 1805 domina?
1293 1754 1349 1800 Et
1385 1754 1447 1801 ait
1482 1754 1619 1800 mihi:
1659 1752 1778 1800 filiae
1817 1766 1926 1799 suae
1962 1753 2125 1800 alteru-

160 1813 257 1869 tro²
291 1829 414 1870 sunt.
485 1822 715 1871 Vocantur
750 1823 871 1870 enim
906 1837 996 1870 una
1031 1823 1313 1885 simplicitas,
1350 1823 1434 1870 alia
1454 1822 1709 1884 disciplina,
1745 1821 1830 1869 alia
1851 1822 2125 1879 innocentia,

160 1890 247 1939 alia
318 1891 503 1940 castitas
548 1898 597 1939 et
629 1891 717 1940 alia
752 1885 952 1940 caritas.⁸
1022 1892 1210 1949 Quando
1258 1905 1370 1953 ergo
1425 1906 1589 1953 operas
1634 1892 1791 1939 matris
1837 1904 1994 1939 earum
2031 1905 2125 1938 ser·

158 1961 347 2017 vareris,
369 1974 528 2008 omnes
551 1962 728 2023 poteris
751 1961 924 2008 videre.
984 1960 1080 2008 Dixi
1105 1962 1258 2023 itaque
1281 1963 1347 2008 ei:
1373 1960 1580 2012 volebam
1604 1973 1900 2022 cognoscere,
1929 1960 2125 2018 domina,

162 2022 394 2091 quaeque⁴
442 2042 600 2079 earum
646 2043 782 2092 quam
828 2030 1039 2079 virtutem
1088 2030 1239 2078 habet.
1310 2030 1364 2081 Et
1404 2032 1466 2078 ait
1501 2030 1635 2079 mibi:
1682 2029 1789 2078 audi
1833 2030 2022 2078 virtutes
2068 2030 2125 2079 ab

163 2097 403 2149 alternum.
476 2097 675 2148 Virtutes
710 2099 938 2162 ipsarum,
976 2113 1091 2162 quas
1126 2100 1316 2157 babent,
1353 2107 1566 2150 tenentur
1601 2099 1656 2148 ab
1692 2100 1937 2157 alterutro,
1977 2106 2022 2148 et
2056 2114 2125 2148 se·

164 2159 388 2229 qunntnr*
420 2166 668 2225 alterutro.
704 2169 827 2217 sicut
861 2176 992 2218 natae
1028 2176 1147 2218 sunt.
1220 2170 1280 2216 De
1320 2169 1410 2218 fide
1447 2183 1559 2231 ergo
1597 2171 1803 2219 nascitur
1838 2169 2124 2227 abstinentia,

163 2236 223 2284 de
257 2235 532 2285 abstinentia
565 2236 847 2300 simplicitas,
882 2238 939 2286 de
976 2238 1263 2300 simplicitate
1301 2240 1582 2295 innocentia,
1619 2240 1675 2286 de
1714 2239 1972 2288 innocentia
1994 2239 2127 2286 casti·

163 2312 260 2366 tas,
307 2305 365 2353 de
395 2306 602 2356 castitate
647 2306 916 2369 disciplina,
962 2307 1019 2355 de
1067 2308 1307 2370 disciplina
1353 2309 1533 2356 caritas.
1605 2307 1772 2356 Harum
1823 2321 1935 2369 ergo
1986 2322 2127 2370 opera

160 2381 314 2433 easta,
363 2382 518 2423 saneta
562 2383 610 2424 et
653 2376 805 2425 divina
839 2383 960 2425 sunt.
1030 2376 1246 2438 Quisquis
1283 2391 1396 2439 ergo
1443 2377 1653 2426 servierit
1688 2376 1787 2423 istis
1834 2383 1880 2424 et
1923 2378 2128 2466 potuerit

162 2451 322 2493 tenere
353 2457 496 2506 opera
530 2457 714 2503 earum,
763 2446 807 2492 in
845 2452 972 2493 turre
1009 2445 1195 2494 babebit
1227 2446 1553 2494 habitationem
1591 2460 1695 2494 cum
1732 2446 1918 2494 sanctis.
2014 2445 2126 2495 Cum

158 2518 310 2560 antem
346 2513 704 2576 interrogassem
749 2508 872 2563 eam'
921 2515 979 2563 de
1017 2515 1325 2577 temporibus,
1375 2515 1447 2562 illa
1497 2514 1758 2564 exclamavit
1805 2529 1918 2562 voce
1965 2529 2126 2577 magna

161 2581 348 2630 dicens:
397 2582 677 2632 insensibilis
715 2583 880 2641 bomo,
930 2597 1023 2631 non
1061 2584 1208 2643 vide8‚
1262 2592 1433 2634 turrem
1471 2585 1620 2633 adhuc
1657 2583 1923 2634 aedificari?
1972 2584 2124 2649 Usque

252 2715 323 2770 10)
353 2717 410 2759 lta
441 2716 535 2760 dedi
567 2730 603 2759 c.
634 2717 731 2768 Vat„
763 2718 1002 2767 abstinebit;
1033 2731 1113 2759 cre·
1263 2719 1331 2774 16)
1363 2719 1421 2760 Cf.
1453 2718 1503 2759 ad
1536 2718 1635 2759 baec
1666 2718 1748 2759 Pal.

161 2774 275 2823 dens,
307 2774 423 2827 qued,
458 2775 497 2815 si
525 2786 568 2814 se
598 2775 831 2815 misma
863 2773 951 2815 Cot.
1267 2777 1335 2828 17)
1366 2777 1502 2817 turrim
1531 2774 1614 2814 Vat.

257 2830 328 2878 11)
359 2830 521 2882 inqu·
547 2828 667 2871 nie-u
698 2840 791 2871 nox
827 2830 955 2883 iuquit
986 2830 1113 2872 excid.
1262 2832 1330 2884 18)
1364 2842 1449 2872 cam
1493 2843 1527 2871 c.
1571 2828 1652 2871 l'al.
1695 2829 1780 2869 Vnt.
1827 2836 1866 2871 et
1897 2829 2014 2871 Febr.
2051 2830 2124 2878 St„

165 2884 270 2925 libro
301 2882 401 2935 Vnt„
429 2883 498 2925 ubi
525 2882 698 2926 subinde
725 2885 961 2927 euenerunt
981 2898 1023 2939 p.
1047 2888 1113 2926 in·
1171 2889 1285 2930 illam
1319 2887 1406 2927 Cot.

163 2942 300 2982 sicea.
1264 2944 1330 2995 19)
1363 2943 1418 2983 lta
1437 2940 1673 2992 transcripsi
1706 2940 1863 2992 exuat,
1897 2942 2123 2994 πωρον-νειμ,

257 2995 328 3047 12)
357 2996 873 3049 anamais—poteritis
886 2995 986 3049 Vah,
1013 3010 1115 3052 qnae
1172 2999 1277 3041 unde
1308 2999 1413 3048 vulg.
1440 2997 1654 3038 lectionem
1682 3009 1830 3049 semper
1845 3009 1984 3050 perum
2013 3010 2124 3039 com-

166 3051 288 3094 leetio
317 3050 453 3093 loe·-
482 3062 600 3094 sun-
628 3056 773 3094 tam.
1171 3056 1291 3097 mode
1322 3054 1556 3108 provenisse
1589 3059 1700 3105 puto.

256 3118 328 3174 12)
361 3119 455 3162 Vols
486 3118 597 3169 vat..
637 3118 707 3162 au
837 3134 955 3174 qu-
982 3135 1117 3165 unm
1260 3125 1286 3166 3
1338 3127 1380 3165 in
1409 3130 1550 3165 turrem
1582 3124 1679 3162 hanc
1713 3122 1794 3163 Pal.

164 3178 365 3230 (quaeq-s
395 3174 708 3230 eamq-sn?
765 3178 783 3229 )
803 3188 843 3229 p,
859 3190 975 3231 qm
994 3190 1115 3231 qus-
1258 3179 1285 3221 ⁴
1334 3180 1453 3222 Voce.
1475 3186 1510 3220 et
1529 3180 1599 3219 hoc
1623 3185 1833 3233 postquam
1853 3177 1913 3219 bis
1935 3178 2120 3222 scribun-

164 3245 239 3286 φα
268 3245 416 3274 σαι..
1171 3242 1236 3275 tur
1265 3234 1304 3276 in
1337 3234 1421 3276 Pal.
1450 3234 1556 3276 lnl'ra
1588 3234 1831 3275 servavimus
1865 3236 1906 3275 in
1934 3236 2067 3278 corde.

252 3301 324 3355 14)
356 3300 546 3343 renent-r
585 3306 719 3342 anu·-
773 3302 821 3341 σὺ
868 3303 1031 3343 &nostem
1074 3315 1113 3356 p.
1258 3304 1355 3400 (lag.
1386 3303 1484 3345 vm.
1549 3303 1590 3355 1)
1626 3304 1724 3347 hanc
1757 3302 1838 3346 vat.

162 3369 363 3400 cessem
392 3363 520 3399 uun
550 3357 604 3399 sd
631 3358 792 3398 ὑπέασι
820 3364 909 3399 nat
940 3357 1025 3399 Vat.
1257 3359 1302 3412 2)
1346 3359 1607 3402 ostaltemlro
1623 3359 2027 3413 expungam-domina
2043 3360 2127 3405 Pal.

253 3414 325 3467 te)
353 3414 524 3455 Seu-n
553 3412 671 3454 antas
701 3412 780 3453 loct
811 3419 923 3466 pum
941 3412 1001 3454 (ΖΙ.
1017 3413 1111 3455 1²01-
1256 3415 1303 3468 ³)
1341 3415 1506 3457 claritas
1540 3422 1624 3457 erat
1654 3414 1694 3456 in
1725 3414 1809 3457 Pal.

165 3477 276 3567 ⁵⁸33
308 3479 461 3567 ιηιιιέ
489 3468 1113 3569 κήΰέάιινῗεωηωαίἑὶῖἑ
1258 3472 1304 3579 23
1334 3470 1545 3581 Ϊῖἧῖιῐιῗὲ
1574 3525 1660 3591 ‚⁹⁸¹-

164 3581 400 3635 (praecedoe)
426 3577 519 3638 pah
546 3579 733 3629 atoue·
769 3575 919 3637 φόβος
987 3579 1006 3623 ὲ
1046 3583 1117 3623 ot·
1259 3583 1306 3636 6)
1340 3582 1437 3625 Post
1451 3586 1602 3625 sanctu
1630 3594 1788 3627 erasum
1805 3585 1965 3629 estleia
1987 3583 2123 3631 in'Pal.

164 3633 375 3695 εοδομιῖ,
407 3635 582 3682 ἰαυοῖ
603 3631 714 3693 δᾶν)
743 3633 918 3694 ἀγάπη.
950 3637 1051 3680 Gau.
1262 3638 1310 3692 7)
1342 3650 1389 3680 ee
1421 3636 1506 3682 Pal.
