2340 3900
779 61 1069 110 BARNABAE
1105 61 1395 110 EPISTULA.
1441 60 1550 109 XIX.
2087 53 2147 103 41

907 242 1014 289 XIX.
1084 243 1157 290 De
1191 246 1272 291 υἰα
1307 244 1439 291 lucis.

327 354 406 402 Via
439 355 578 417 igitur
610 353 728 402 lucis
764 354 877 402 baec
913 361 997 401 est.
1067 353 1116 400 Si
1151 354 1253 414 quis
1291 355 1416 414 cupit
1451 367 1504 400 ea
1549 355 1620 401 via
1655 352 1895 416 pervenire
1931 350 1986 398 ad
2023 363 2150 412 prae-

187 425 363 473 finitum
397 425 565 481 locum,
601 425 696 471 suis
733 423 949 486 operibus
984 424 1031 470 id
1065 423 1285 483 consequi
1321 424 1516 470 studeat.
1586 423 1794 484 Cognitio
1832 422 1983 482 itaque
2017 419 2150 466 nobis

188 496 291 542 data
325 495 372 540 in
408 494 495 540 bac
531 494 601 540 via
638 493 899 540 ambulandi
935 492 1161 541 eiusmodi
1192 499 1275 538 est.
1348 493 1514 553 Diliges
1552 500 1807 539 creatorem
1830 497 1970 547 tuum,
2007 489 2151 551 gloria

186 563 359 611 afficies
396 577 499 610 eum
542 564 620 624 qui
655 563 850 610 redemit
882 570 928 609 te
967 577 992 609 a
1027 568 1188 608 morte.
1221 559 1226 562 ’
1259 561 1358 606 Eris
1398 563 1535 608 corde
1572 562 1761 623 simplex
1797 567 1843 607 et
1878 561 2042 622 spiritu
2088 559 2151 605 di·

186 647 280 680 ves.
347 633 447 679 Non
483 631 754 691 adhaerebis
789 633 847 679 ad
882 646 964 679 eos
1001 633 1079 692 qui
1116 630 1336 677 incedunt
1386 632 1431 676 in
1465 633 1535 677 via
1566 632 1739 678 mortiS.
1805 629 1919 676 odio
1959 628 2151 676 habebis

186 703 509 763 quodcumque
545 701 639 748 Deo
688 701 926 764 displicet,
980 701 1087 748 odio
1136 699 1305 746 habeas
1341 713 1520 746 omnem
1557 701 1904 747 simulationem.
1974 699 2040 746 Ne
2078 698 2152 745 de·

186 771 419 833 relinquas
455 771 665 818 mandata
697 771 888 818 Domini.
960 771 1024 817 Te
1059 771 1208 831 ipsum
1242 783 1334 815 non
1366 769 1594 826 exaltabis,
1633 771 1724 816 eris
1757 777 1907 817 autem
1954 767 2155 815 humilis.

187 841 286 888 Non
324 854 532 887 assumes
567 839 652 886 tibi
687 839 890 900 gloriam.
957 840 1057 886 Non
1095 839 1248 900 capies
1274 838 1440 884 malum
1476 839 1715 885 consilium
1751 839 1967 886 adversus
2004 837 2154 899 proxi·

184 925 307 958 mum
341 916 482 956 tumn.
550 909 651 955 Non
688 908 820 956 dabis
857 911 1031 956 animae
1071 908 1372 955 insolentiam.
1423 908 1523 954 Non
1561 908 1878 963 fornicaberis,
1916 921 2007 954 non
2032 906 2154 954 adul·

186 980 352 1027 terium
389 979 545 1036 facieS‚
579 993 752 1040 pueros
787 993 880 1026 non
918 993 1203 1040 corrumpeS.
1274 977 1374 1024 Non
1424 992 1479 1024 ex
1530 984 1576 1024 te
1623 978 1808 1024 verbum
1846 978 1924 1024 Dei
1961 979 2007 1024 in
2045 991 2154 1038 quo·

186 1049 378 1097 rundam
410 1048 671 1110 impuritate
706 1057 847 1096 exeat.
918 1050 1018 1096 Non
1056 1049 1254 1109 accipies
1292 1062 1535 1108 personam
1586 1047 1642 1094 ad
1679 1047 1854 1108 lapsum
1903 1047 2155 1108 cuiuspiam

186 1118 485 1180 arguendum.
553 1117 655 1164 Eris
691 1126 975 1175 mansuetus,
1012 1118 1103 1164 eris
1141 1118 1338 1187 quietus.
1395 1118 1729 1164 Contremisces
1770 1117 1828 1163 ad
1866 1117 2001 1163 verba
2038 1131 2154 1177 quae

185 1188 409 1235 audivisti.
482 1187 629 1234 Fratri
664 1194 744 1235 tuo
781 1190 1009 1250 ignosces·
1080 1187 1179 1234 Non
1221 1186 1439 1248 ambigas,
1475 1194 1626 1233 utrum
1667 1187 1866 1240 futurum
1887 1188 1958 1243 sit,
1996 1200 2155 1232 necne.

182 1258 250 1305 Ne
283 1270 489 1304 assumas
524 1258 571 1303 in
603 1271 768 1305 vanum
803 1272 971 1305 nomen
1007 1256 1200 1304 Domini.
1261 1257 1429 1317 Diliges
1466 1257 1721 1318 proximum
1740 1263 1867 1302 tuum
1899 1256 2001 1317 plus
2021 1269 2156 1315 quam

184 1328 378 1374 animam
411 1334 551 1374 tuam.
621 1327 721 1374 Non
757 1328 1009 1375 interficies
1046 1326 1218 1373 foetum
1252 1327 1298 1372 in
1334 1327 1590 1384 abortione,
1624 1341 1711 1372 nec
1749 1327 1883 1372 etiam
1920 1324 2155 1370 interimes

183 1403 292 1459 post
323 1397 613 1444 nativitatem.
679 1397 746 1445 Ne
794 1397 974 1444 auferas
1017 1411 1199 1443 manum
1235 1402 1357 1442 tuam
1396 1410 1421 1442 a
1458 1395 1554 1442 filio
1607 1403 1685 1442 tuo
1727 1395 1799 1441 vel
1846 1409 1870 1441 a
1920 1393 2012 1439 filia
2064 1401 2156 1450 tua,

184 1465 269 1514 sed
315 1481 342 1514 a
389 1466 586 1528 pueritia
636 1466 829 1515 docebis
879 1481 962 1514 eos
1014 1466 1228 1512 timorem
1275 1466 1468 1523 Domini.
1542 1466 1666 1512 Bona
1713 1465 1907 1527 proximi
1952 1464 2019 1509 tui
2066 1477 2157 1509 non

186 1537 507 1598 concupisces,
538 1549 628 1583 nec
667 1539 760 1585 eris
793 1551 968 1584 avarus.
1038 1536 1196 1597 Neque
1235 1550 1288 1583 ex
1325 1536 1473 1582 anima
1498 1542 1574 1582 tua
1602 1535 1874 1582 adhaerebis
1912 1532 2154 1595 superbis3

184 1605 271 1652 sed
330 1619 435 1653 cum
484 1606 618 1652 iustis
665 1614 803 1669 atque
851 1605 1102 1654 humilibus
1158 1605 1488 1667 proficiscaris.
1572 1605 1695 1662 Quae
1755 1605 1838 1651 tihi
1890 1604 2161 1664 contingunt

182 1675 476 1732 vexationeS,
515 1683 742 1738 tamquam
790 1676 909 1724 bona
948 1675 1149 1723 admitte.
1219 1676 1320 1722 Non
1357 1676 1449 1722 eris
1488 1677 1754 1722 inconstans
1793 1688 1880 1721 nec
1914 1673 2160 1734 bilinguis3

183 1744 378 1806 laqueus
414 1745 539 1792 enim
572 1747 734 1793 mortis
769 1754 841 1794 est
875 1746 1032 1807 lingua
1065 1745 1249 1807 duplex.
1320 1745 1590 1792 Subiieieris
1629 1745 1818 1792 Domino
1858 1745 1975 1800 Deo,
2016 1742 2157 1789 domi-

185 1813 257 1860 nis
293 1828 419 1871 vero,
457 1822 510 1861 ut
542 1817 624 1863 Dei
659 1816 869 1878 imagini,
918 1817 966 1862 in
1002 1816 1276 1862 verecundia
1315 1822 1361 1862 et
1398 1816 1576 1862 timore.
1647 1815 1712 1862 Ne
1764 1815 1809 1861 in
1857 1813 2158 1860 amaritudine

185 1884 383 1945 imperes
429 1884 623 1932 ancillae
668 1892 748 1932 aut
781 1899 915 1933 servo
950 1891 1056 1940 tuo,
1106 1885 1186 1945 qui
1231 1885 1278 1930 in
1315 1885 1511 1931 eundem
1549 1890 1760 1946 sperant3
1816 1899 1872 1931 ne
1910 1883 2029 1930 forte
2066 1896 2160 1928 non

187 1953 350 2000 timeas
385 1953 555 2011 Deum,
605 1954 685 2014 qui
731 1968 873 2016 super
907 1961 1155 2014 utrumque
1193 1961 1291 2010 est,
1347 1955 1563 2014 quoniam
1599 1967 1692 1999 non
1730 1955 1852 2000 venit
1886 1965 2052 1999 vocare
2088 1966 2156 1998 se-

189 2022 390 2069 cundum
426 2035 684 2084 personam,
722 2022 806 2071 sed
842 2021 1096 2070 secundum
1134 2023 1179 2069 id
1217 2036 1334 2083 quos
1373 2022 1571 2084 Spiritus
1608 2022 1961 2084 praeparaverit.
2029 2021 2158 2067 Com·

188 2090 446 2137 manicabis
484 2090 532 2138 in
566 2091 782 2140 omnibus
820 2106 923 2139 cum
949 2093 1156 2154 proximo
1195 2099 1289 2149 tu0,
1326 2106 1414 2139 nec
1452 2092 1699 2153 quidquam
1726 2093 1851 2139 dices
1889 2091 2157 2153 propriu1n;

188 2161 228 2207 ei
264 2160 385 2207 enim
419 2160 468 2207 in
502 2161 780 2224 incorruptis
828 2169 1071 2209 consortes
1109 2163 1249 2219 estis,
1300 2169 1469 2223 quanto
1507 2163 1649 2223 magis
1703 2163 1749 2208 in
1798 2163 1853 2208 iis
1907 2175 2023 2222 quae
2059 2174 2158 2207 cor·

189 2231 495 2291 rumpuntur?
567 2231 669 2279 Non
722 2233 815 2279 eris
864 2231 1019 2292 lingua
1068 2245 1319 2292 praeceps3
1371 2246 1423 2277 os
1474 2232 1594 2278 enim
1645 2232 1836 2292 laqueus
1875 2237 1946 2278 est
1978 2230 2154 2276 mortis.

186 2298 409 2355 Quantum
445 2308 604 2362 potes,
653 2308 807 2349 castus
853 2302 919 2348 sis
955 2301 1116 2347 anima.
1187 2300 1285 2347 Noli
1337 2301 1576 2362 porrigere
1614 2314 1774 2347 manus
1812 2307 1911 2347 tuas
1949 2299 2006 2345 ad
2044 2300 2159 2345 acci·
2221 2361 2228 2367 .

186 2500 267 2530 var.
298 2488 390 2531 lect.
420 2502 484 2544 ap.
515 2491 651 2540 Voss,
695 2489 806 2543 quod
837 2490 932 2543 quin
962 2489 1003 2530 in
1034 2496 1138 2530 textu
1285 2488 1361 2540 21)
1394 2489 1542 2542 Recepi
1584 2485 1925 2549 ἀναστραφήσῃ
1957 2488 2160 2544 (verseris)

184 2557 425 2598 reponerem
462 2547 524 2588 vix
566 2559 630 2588 me
667 2552 804 2588 tenere
845 2547 974 2599 potui.
1032 2547 1141 2587 ldem
1201 2559 1246 2588 ex
1278 2546 1501 2597 BCFOV,
1541 2543 1853 2605 ἀναγραφήση
1885 2548 1989 2598 vulg.
2049 2548 2158 2589 ldem

186 2608 248 2643 eet
280 2615 328 2643 ac
357 2605 467 2645 sitire
498 2604 548 2645 de
581 2603 836 2645 vehementer
855 2603 1140 2645 desiderando.
1201 2610 1263 2645 est
1295 2601 1613 2660 ἀναστρέφειν
1643 2617 1689 2645 ac
1722 2593 2052 2662 συμίῑορεύειν.

186 2657 324 2700 Const.
351 2660 491 2713 Apost.
522 2661 598 2711 vu,
631 2660 696 2702 11.
747 2658 829 2701 Ctr.
858 2660 933 2712 Ep.
957 2660 984 2700 1.
1017 2659 1140 2701 Clem.
1287 2660 1360 2711 22)
1393 2656 1529 2714 πάθη
1562 2661 1698 2701 Consi.
1728 2662 1867 2714 Apost.
1898 2663 1976 2712 VII,
2009 2662 2047 2703 8.

187 2714 239 2756 ad
269 2714 362 2757 Cor.
394 2729 428 2757 c.
462 2717 510 2759 11
547 2723 587 2758 et
618 2716 686 2759 23.
727 2717 812 2758 Jae.
848 2716 885 2767 1,
916 2715 956 2757 8.
1288 2717 1361 2766 23)
1393 2717 1530 2759 Const.
1566 2718 1705 2770 Apost.
1736 2719 1782 2768 ΙΙ,
1817 2719 1855 2760 6.
1887 2719 1964 2770 Vll,
1996 2720 2035 2760 4.

273 2771 344 2825 14)
373 2773 589 2824 Videlicet,
618 2772 730 2827 quod
757 2773 865 2814 Deus
894 2785 969 2826 per
999 2773 1142 2825 Scrip-
1283 2774 1358 2823 24)
1392 2773 1472 2815 Csr.
1505 2774 1652 2827 Ephes.
1686 2774 1724 2824 6,
1757 2775 1795 2816 5.

184 2834 295 2869 tutas
339 2830 527 2882 promisit
564 2842 637 2871 seu
676 2829 875 2883 praedixit
911 2842 1002 2871 esse
1044 2843 1141 2870 ven-
1286 2831 1359 2883 25)
1392 2825 1536 2884 δούλη
1568 2831 1683 2880 Mem,
1719 2831 1743 2871 l.
1779 2826 1932 2886 δούλῳ
1963 2831 2003 2871 in
2034 2843 2158 2882 marg.

185 2891 340 2936 turum,
371 2898 514 2939 nempe
544 2886 759 2937 iudicium,
788 2898 944 2927 merces
977 2893 1141 2927 sancto-
1202 2887 1339 2928 Const.
1370 2876 1523 2941 apost?
1541 2887 1618 2937 Vll,
1654 2887 1716 2929 13.

185 2953 272 2982 rum
302 2947 342 2982 e!
369 2942 567 3008 maloi-unp
592 2942 811 3008 Jurrficia·
853 2942 950 2984 ³¹2ss-
1288 2957 1360 3010 26)
1391 2959 1568 3011 Reposui
1605 2957 1658 3000 οὐ
1708 2954 1828 3000 κατὰ
1869 2971 1901 2999 c.
1943 2958 2157 3007 Berov‚

273 2999 344 3047 ¹5)
376 2996 445 3042 Οὐ
475 2999 623 3041 θῐθῑὼῑ
651 3010 716 3052 ⁸1)-
747 2999 848 3040 ΗΕΒ·
1198 3011 1282 3057 οὐκ
1310 3012 1391 3056 ἐπὶ
1420 3015 1525 3066 vulg.
1570 3014 1650 3055 Csr.
1683 3015 1783 3067 Eph.
1817 3014 1855 3064 6,
1887 3014 1925 3056 9.

272 3054 341 3106 16)
373 3048 431 3096 lta
448 3056 478 3097 B
490 3055 575 3107 ΟΥ,
592 3053 674 3098 ent
689 3056 881 3114 ματαίῳ
899 3055 968 3103 εἰς
987 3050 1140 3122 ὄνομα

180 3111 344 3168 κυρίου
385 3111 415 3152 C
452 3113 553 3154 bien.
592 3112 709 3154 Voss.
748 3110 836 3153 Cot.
883 3113 1137 3165 Praepositio
1197 3084 1359 3184 ἑτο27)
1389 3081 1619 3141 ἡτοίμασε
1650 3084 1719 3125 BC
1753 3091 1791 3125 ω
1813 3084 1998 3138 plerique
2030 3083 2156 3135 edm‘’

186 3167 230 3209 εἰ
284 3167 461 3209 abundat
1278 3142 1298 3183 ί
1337 3151 1422 3184 ασε
1454 3143 1554 3183 Men.
1600 3142 1679 3182 Csr.
1715 3142 1826 3182 nom.
1859 3141 1896 3191 8,
1929 3141 1995 3183 29.
2027 3141 2096 3182 30.

232 3181 339 3277 5¹7)
370 3202 619 3281 &windam
634 3225 676 3276 v,
707 3218 979 3281 ἀγαπήσαις
1007 3232 1136 3267 mum-
1282 3156 1355 3252 ig)
1387 3199 1560 3239 cnam.
1574 3200 1612 3249 4,
1627 3198 1693 3239 32.
1712 3198 1995 3250 constapost.
2009 3197 2157 3247 V11‚t2.

184 3286 265 3321 tum
296 3280 336 3321 in
370 3276 635 3337 ἀγαπήσεις
651 3281 698 3323 0.
741 3281 954 3324 CIL-ioan.
986 3282 1050 3334 15,
1075 3283 1137 3325 13.
1284 3267 1358 3322 29)
1386 3282 1431 3336 ,π
1463 3265 1704 3324 όγνωσσθς
1749 3268 1777 3307 (3
1810 3270 1932 3319 Men„
1974 3268 2013 3308 5¹¹
2052 3268 2159 3309 '¹⁰‘ss

269 3337 341 3389 18)
373 3337 510 3380 Consi„
539 3339 679 3391 Apost.
708 3338 788 3388 vn,
818 3338 857 3380 3.
1196 3325 1271 3378 ¹08·
1304 3338 1430 3383 προγ
1461 3334 1624 3373 ωσσος·
1768 3345 1772 3350 ·

270 3393 340 3444 19)
370 3391 454 3437 οὐκ
484 3393 615 3453 ἀρεῖς
643 3393 781 3437 Const.
812 3395 950 3448 apost.
971 3396 1048 3446 vn,
1073 3396 1137 3438 12.
1280 3396 1354 3447 30)
1394 3391 1552 3453 στόμα
1584 3395 1837 3436 desideratur
1868 3395 1907 3436 in
1939 3394 1982 3436 C.

183 3447 263 3490 Csr.
294 3449 397 3502 pr.
426 3451 467 3501 6,
495 3452 537 3493 4.
1281 3453 1355 3505 31)
1385 3454 1440 3493 lta
1466 3454 1571 3502 Dav„
1603 3448 1721 3508 ὑπὲρ
1744 3451 1902 3493 Bcov
1924 3452 2025 3495 Men.
2042 3452 2155 3495 voss.

266 3506 340 3555 20)
370 3503 475 3548 ουδ’
517 3507 624 3559 (eine
664 3507 829 3562 spiritu)
876 3507 932 3551 οὐ
976 3506 1043 3566 μὴ
1096 3522 1135 3563 p.
1281 3509 1356 3562 32)
1389 3510 1470 3550 τοῦ
1502 3510 1530 3549 Β
1563 3508 1620 3559 (ἰη
1656 3507 1780 3561 textu)
1815 3508 1856 3550 C.
1919 3508 1999 3551 crr.
2030 3510 2156 3552 Eccli.

180 3558 290 3605 οὐδὲ
319 3559 388 3619 μὴ
416 3563 459 3605 V.
498 3563 637 3607 Const.
659 3565 798 3619 Apost.
830 3564 907 3617 vll,
939 3566 979 3607 4.
1197 3566 1237 3615 4,
1263 3562 1330 3607 31.
1361 3563 1415 3619 (v.
1446 3565 1502 3608 36
1523 3564 1646 3619 vulg.)
1679 3563 1817 3608 Const.
1836 3566 2157 3621 Apost,v11‚11.
