2340 3900
203 205 306 255 372
671 199 1000 248 MARTYRIUM
1035 195 1210 258 (INED.)
1248 198 1294 245 S.
1331 198 1550 246 IGNATH.
1602 197 1670 243 111.

207 336 374 400 αιμασι
410 334 685 390 κοινοῦντες
719 327 808 413 τὴν
823 334 928 397 γῆν,
966 328 1047 380 καὶ
1070 325 1153 380 τὸν
1160 326 1397 417 καθαρὸν
1434 326 1550 393 ἀέρα
1587 323 1913 390 ἀκαθαρσίαις
1939 325 2148 371 θολοῦν-

203 424 303 466 τες,
343 397 605 487 ἐρωτήσατε
641 395 862 458 Σκύθας,
901 399 945 449 εἰ
976 395 1040 464 μὴ
1074 396 1138 469 τῇ
1157 395 1401 484 Ἀρτέμιδι
1423 394 1719 465 ἀνθρώπους
1741 393 1919 443 ε’θυον·
1955 387 2148 450 πάντως

204 469 319 558 γὰρ
330 468 465 535 ὑμεῖς
500 467 727 537 ἀρνεῖσθε
758 463 1091 533 αἰσχυνόμενοι
1119 463 1208 534 τὴν
1241 473 1308 537 τῷ
1305 466 1507 556 Κρόνῳ
1531 461 1858 528 σφαττομένην
1887 457 2149 544 παρθένον.

203 540 287 591 καὶ
304 538 544 622 Έλληνες
575 537 896 604 ἐγκαυχῶνται
933 536 1012 587 ἐπὶ
1045 542 1149 597 ταῖς
1182 519 1423 596 τοιαύταις
1459 531 1732 619 ἀνθρώπων
1767 530 1984 590 θυσίαις,
2018 524 2151 613 παρὰ

203 606 463 694 βαρβάρων
499 603 552 657 τὸ
587 610 805 657 τοιοῦτον
838 602 1195 693 παραλαβόντες
1231 603 1396 658 κακόν.
1475 601 1712 671 Τραϊανὸς
1748 595 1904 650 εἶπεν·
1941 593 2001 662 νὴ
2037 616 2150 656 τους

204 673 369 743 θεοὺς,
409 672 727 762 ἐκπλήττομαί
761 691 840 738 σε,
870 671 1098 743 Ἰγνάτιε,
1134 679 1221 740 τῆς
1266 675 1598 739 πολυμαθίας,
1650 672 1694 721 εἰ
1737 668 1820 719 καὶ
1855 663 1921 732 μὴ
1969 666 2150 717 ἐπαινῶ

203 750 291 811 τῆς
325 745 605 811 θρησκείας.
668 741 900 830 Ἰγνάτιος
935 740 1086 795 εἶπεν·
1121 744 1202 794 καὶ
1233 745 1278 794 τί
1323 742 1578 828 κατέγνως
1593 745 1678 806 τῆς
1712 737 1979 825 θρησκείας
2010 732 2150 801 ’ἡμῶν

203 819 292 899 τῆς
327 815 490 876 θείας,-
509 810 772 899 Τραϊανὸς
807 809 960 864 εἶπεν·
1013 811 1088 864 ότι
1130 809 1215 863 τὸν
1261 810 1496 876 δεσπότην
1545 808 1684 893 ἥλιον
1720 805 1779 858 οὐ
1825 809 2149 892 προσκυνεῖτε,

206 880 316 934 ούτε
347 879 431 933 τὸν
460 878 704 970 οὐρανὸν,
754 901 814 933 ου
858 879 947 948 τὴν
993 878 1124 949 ἱερὰν
1173 878 1376 947 σελήνην
1424 901 1538 965 την
1560 876 1857 962 πάντροφον.
1922 871 2154 957 Ἰγνάτιος

208 948 360 1002 εἶπεν·
395 951 478 1002 καὶ
511 952 583 1011 τίς
617 947 678 1002 ἀν
714 949 885 1014 ελοιτο,
919 953 1134 1016 βασιλεῦ,
1167 955 1457 1035 προσκυνεῖν
1491 945 1576 1000 τὸν
1610 947 1749 1014 ἥλιον
1773 942 1858 996 τὸν
1881 943 1932 995 ἐν
1952 958 2152 1025 σχηματι

206 1017 352 1082 όντα,
387 1017 475 1071 τὸν
512 1020 563 1071 έν
617 1017 874 1106 αἰσθήσει
889 1017 1223 1071 ὑποπίπτοντα
1271 1019 1353 1069 καὶ
1406 1015 1739 1102 ἀποβάλλοντα
1787 1014 1868 1066 καὶ
1903 1009 2050 1063 πάλιν
2099 1011 2151 1062 ἐκ

204 1086 360 1174 πυρὸς
393 1086 790 1154 ἀναλαμβάνοντα
824 1086 913 1154 τὴν
949 1085 1312 1152 ἀποβληθεῖσαν
1328 1085 1632 1172 θερμότητα,
1668 1082 1754 1136 τὸν
1792 1084 1890 1148 [έν]
1940 1081 2153 1166 ἐκλείψει

205 1155 342 1210 ούπω
377 1178 593 1224 μενοντα
596 1159 633 1183 ¹⁰
666 1155 751 1209 τὸν
789 1155 855 1223 μὴ
883 1153 1153 1241 δυνάμενόν
1171 1174 1284 1205 ποτε
1316 1151 1521 1219 ἀμεῖψαι
1552 1151 1640 1220 τὴν
1658 1154 1833 1204 ἑαυτοῦ
1863 1149 1997 1213 τάξιν
2023 1146 2154 1217 παρὰ

204 1225 293 1294 τὴν
327 1225 523 1312 γνώμην
556 1231 643 1277 τοῦ
676 1226 980 1287 ἐπιτάξαντος
1023 1221 1153 1293 αὐτῷ
1187 1221 1272 1274 τὸν
1308 1220 1491 1309 δρόμον
1526 1228 1697 1285 τελεῖνς
1733 1219 1943 1288 οὐρανὸς
1974 1218 2028 1270 δὲ
2050 1224 2155 1280 πῶς

204 1293 587 1381 προσκυνητὸς,
590 1292 619 1346 6
652 1295 818 1359 νέφεσι
853 1276 1222 1359 καλυπτόμενος,
1257 1289 1315 1344 ὃν
1352 1290 1463 1344 ὤσει
1497 1291 1660 1358 δέρριν
1696 1290 1918 1352 ἐξέτεινεν
1954 1285 1982 1339 6
2018 1290 2154 1354 δημι·

207 1363 382 1451 ουργὸς
417 1366 500 1416 καὶ
549 1385 614 1425 ως
649 1362 871 1452 καμάραν
921 1363 1092 1451 ε’πηξεν
1139 1362 1222 1413 καὶ
1274 1382 1341 1421 ως
1386 1359 1539 1428 κύβον
1588 1360 1857 1446 ήδρασενς
1862 1355 1896 1425 ἢ
1948 1355 2156 1444 σεληνην

209 1431 452 1496 αὖξοῦσαν
496 1433 578 1483 καὶ
609 1433 899 1499 μειουμένην
933 1433 1016 1484 καὶ
1049 1428 1261 1482 πάθεσιν
1295 1427 1641 1517 ὑποκειμένην,
1680 1426 1783 1480 ἀλλ’
1830 1447 1903 1479 οτι
1937 1424 2156 1514 λαμπρὸν

210 1499 264 1554 τὸ
304 1508 410 1567 φῶς
441 1502 643 1567 ἔχουσιν,
680 1500 761 1553 διὰ
795 1506 935 1553 τοῦτο
969 1506 1348 1587 προσκυνεῖσθαι
1385 1497 1688 1587 ὀφείλουσιν,
1728 1496 1787 1549 οὗ
1821 1496 2012 1557 πάντως
2047 1493 2154 1562 ἀλη-

209 1569 310 1656 θὴς
345 1568 374 1622 6
409 1569 563 1639 λόγος.
625 1571 693 1631 εἰς
742 1576 924 1635 φαῦσιν
957 1569 1047 1638 γὰρ
1085 1567 1392 1656 ἀνθρώποις,
1430 1567 1537 1620 ἀλλ’
1588 1589 1680 1620 ουκ
1729 1569 1797 1627 εἰς
1830 1563 2158 1635 προσκύνησιν

207 1637 482 1724 ἐδόθησαν·
519 1640 771 1691 πεπαίνειν
794 1640 876 1691 καὶ
898 1640 1180 1707 θερμαίνειν
1200 1636 1312 1699 τοὺς
1323 1635 1573 1726 καρποὺς
1594 1634 2035 1726 προσετάχθησαν,
2043 1640 2156 1699 λαμ-

204 1705 409 1776 πρύνειν
445 1706 535 1773 τὴν
568 1705 752 1776 ἡμέραν
785 1709 868 1760 καὶ
902 1710 1121 1772 φωτίζειν
1155 1705 1244 1774 τὴν
1276 1705 1451 1759 νύκτα·
1496 1707 1579 1759 καὶ
1615 1708 1666 1758 οἷ
1712 1703 1915 1792 ἀστέρες
1947 1708 2035 1755 τοῦ
2071 1701 2155 1754 οὗ-

207 1782 359 1861 ρανοῦ
395 1778 462 1836 εἰς
482 1782 652 1841 σημεῖα
677 1766 951 1842 ἐτάχθησαν
985 1777 1068 1827 καὶ
1091 1778 1159 1836 εἰς
1195 1774 1408 1863 καιροὺς
1429 1776 1511 1828 καὶ
1545 1777 1614 1836 εἷς
1635 1772 1815 1843 τροπὰς
1839 1774 1919 1826 καὶ
1942 1778 2040 1824 τῶν
2070 1793 2158 1859 την

205 1843 461 1896 θάλασσαν
494 1842 736 1896 πλεόντων
756 1847 1108 1931 παραμυθίαν·
1139 1842 1247 1895 ἀλλ’
1289 1844 1442 1896 οὐθὲν
1474 1842 1657 1896 τούτων
1689 1842 2048 1930 προσκυνητὸν,
2070 1839 2158 1907 οὐχ

204 1912 352 1980 ῦδωρ,
387 1912 446 1964 ὃν
483 1915 770 1965 Ποσειδῶνα
804 1911 1112 1976 καλεῖτε,οὐ
1140 1918 1256 1981 πῦρ,
1293 1912 1351 1964 ὃν
1369 1912 1648 1978 Ἥφαιστον
1682 1913 1860 1999 λέγετε,
1897 1932 1990 1963 ουκ
2024 1909 2155 1979 ἀέρα,

206 1981 264 2033 ὃν
283 1981 447 2065 Ήραν
483 1980 746 2068 ὀνομάζετε,
785 1981 845 2034 οὗ
879 1987 986 2068 γῆν,
1021 1981 1085 2049 ήν
1122 1987 1386 2068 Δημῆτραν
1419 1979 1706 2045 καλεῖτε,οὗ
1737 1978 1978 2066 καρπούς·
2009 1985 2160 2031 ταῦτα

204 2048 296 2139 γὰρ
331 2048 486 2103 πάντα
508 2048 602 2102 κᾶν
634 2073 666 2121 η
703 2050 827 2127 πρὸς
860 2051 1087 2103 σύστασιν
1118 2049 1365 2119 ήμετέραν,
1404 2048 1509 2103 ἀλλ’
1551 2050 1683 2116 όμως
1717 2048 1918 2137 φθαρτά
1953 2049 2043 2100 εἶσι
2077 2049 2160 2100 καὶ

208 2118 389 2186 άψυχα.
467 2104 704 2186 Τραϊανὸς
740 2118 894 2172 εἶπεν·
931 2119 990 2172 οὗ
1025 2126 1181 2181 καλῶς
1217 2121 1377 2207 ε’λεγον
1412 2122 1464 2173 ἐν
1501 2118 1678 2187 ἀρχαῖς,
1717 2118 1792 2171 ότι
1830 2117 1890 2170 σὺ
1916 2114 2020 2171 εἶ““
1990 2139 2017 2170 ο
2045 2115 2159 2169 ἀνα-

206 2189 448 2248 στατώσας
466 2210 553 2255 την
566 2187 814 2256 ανατολην
834 2187 898 2256 μὴ
913 2190 1142 2256 σέβεσθαι
1154 2187 1267 2250 τοὺς
1280 2188 1458 2254 θεούς,·
1475 2188 1704 2258 Ἰγνάτιος
1717 2185 1862 2240 εἶπεν
1886 2189 1968 2240 καὶ
1983 2185 2159 2256 ἀγανα-

209 2265 351 2320 κτεῖς,
382 2260 419 2309 ὠ
456 2261 665 2324 βασιλεῦ,
705 2258 779 2310 ότι
813 2257 872 2310 v&
910 2281 974 2346 μη
1012 2257 1128 2311 όντα
1162 2257 1478 2342 προσκυνητά
1519 2264 1850 2345 παραινοῦμεν
1885 2255 1950 2325 μὴ
1986 2257 2156 2323 σέβειν,

210 2325 328 2377 ἀλλὰ
363 2325 445 2378 τὸν
485 2325 604 2378 θεὸν
652 2325 736 2379 τὸν
772 2326 1042 2414 ἀληθινὸν,
1078 2328 1163 2380 τὸν
1217 2334 1394 2391 ζῶντα,
1431 2325 1517 2380 τὸν
1569 2326 1777 2395 ποιητὴν
1828 2326 2042 2413 οὐρανοῦ
2077 2326 2160 2377 καὶ

209 2401 311 2478 γῆς,
349 2393 433 2446 τὸν
468 2401 703 2481 μρνογενῆ
741 2394 853 2447 υἱὸν
888 2395 1055 2459 αὐτοῦ,
1092 2399 1173 2449 καὶ
1207 2395 1260 2448 τὸ
1278 2397 1429 2482 άγιον
1466 2396 1617 2449 αὐτοῦ
1651 2403 1871 2462 πνεῦμας
1909 2394 2032 2462 αῦτη
2067 2393 2157 2463 γὰρ

210 2462 336 2529 μόνη
372 2462 562 2530 ἀληθὴς
596 2467 833 2531 θρησκεία
868 2471 1111 2549 κρατοῦσα
1145 2466 1227 2518 καὶ
1263 2464 1620 2553 ὁμολογουμένη
1643 2473 1800 2525 θειοῖς
1834 2485 1884 2515 τε
1901 2465 1983 2515 καὶ
2016 2483 2158 2515 πνευ-

210 2539 428 2599 ματικοῖς
465 2531 698 2600 δόγμασιν
746 2532 1075 2619 ἆβρυνομένη·
1111 2556 1143 2599 η
1181 2534 1232 2584 δὲ
1267 2533 1389 2585 καθ’
1429 2533 1556 2600 υμᾶς
1591 2535 1875 2585 διδασκαλία
1906 2538 1993 2584 τοῦ
2019 2533 2153 2621 ἑλλη·

209 2607 384 2667 νισμοῦ
421 2599 601 2663 άθεος,
635 2604 877 2653 πολυθεία
913 2600 1257 2687 εὐανάτρεπτος
1292 2601 1506 2663 ἀστάτως
1539 2602 1918 2671 περιφερομένη,
1957 2600 2033 2652 ἐπ’
2077 2600 2158 2652 οὗ-

209 2673 350 2756 δεμιᾷ
373 2667 638 2757 βεβαιώσει
672 2670 916 2736 ἑστηκυῖα·
952 2668 987 2736 ή
1021 2668 1112 2739 γὰρ
1139 2669 1508 2753 ἀνεξέλεγκτοςΠ
1542 2674 1736 2723 παιδεία
1757 2676 2018 2722 πλανᾶται·
2054 2676 2159 2731 πῶς

207 2737 298 2824 γὰρ
332 2737 422 2790 οὐκ
458 2741 552 2790 ἔστι
588 2741 828 2791 παντοίων
859 2737 1017 2823 λόγων
1053 2738 1252 2804 ’ψεύδων
1285 2740 1639 2825 πεπλανημένη,
1669 2741 1783 2792 ποτὲ
1818 2760 1904 2806 μεν
1937 2739 2155 2827 λέγουσα,

210 2805 398 2859 δωδεκα
436 2805 558 2859 εἶναι
591 2806 704 2868 τοὺς
739 2805 959 2859 καθόλου
995 2814 1082 2859 τοῦ
1118 2807 1305 2874 κόσμου
1340 2807 1506 2871 θεοὺς,
1544 2809 1688 2860 πάλιν
1709 2809 1761 2860 δὲ
1784 2810 2008 2869 πλείονας
2024 2806 2157 2861 ύπει

208 2883 422 2962 ληφυῖα,
461 2875 699 2945 Τραϊανὸς
733 2873 885 2928 εἶπεν·
927 2875 1017 2928 οὐκ
1053 2879 1119 2929 ε’τι
1155 2894 1244 2929 σου
1281 2879 1412 2942 φέρω
1447 2877 1534 2944 τὴν
1555 2877 1832 2940 ἀλαζονίαν·
1871 2880 2040 2939 δεινως
2067 2875 2159 2964 γὰρ

208 2942 349 3011 ήμῶν
383 2952 765 3031 κατακερτομεῖς,
803 2948 1044 3015 στωμυλία
1076 2945 1254 3031 λόγων
1267 2954 1410 2999 νικᾶν
1443 2946 1574 3037 ήμᾶς
1608 2948 1783 3003 θέλων.
1844 2952 2006 2998 θῦσον
2042 2939 2160 2998 ουν·

208 3012 348 3098 ἀρκεῖ
372 3013 482 3100 γάρ
499 3031 588 3077 σοι,
625 3014 716 3066 όσα
751 3016 1187 3083 κατερῤητόρευσας
1220 3012 1375 3100 ήμων,
1425 3019 1468 3067 εἰ
1502 3016 1553 3068 δὲ
1588 3015 1654 3083 μή
1677 3038 1755 3091 γε,
1782 3014 1928 3067 πάλιν
1953 3034 2004 3067 σε
2040 3017 2171 3067 αἰκι·

209 3081 413 3169 σάμενος
463 3082 662 3170 ὕστερον
718 3085 916 3150 θηρίοις
969 3101 1020 3135 σε
1071 3082 1358 3150 παραδώσω.
1423 3083 1655 3169 Ἰγνάτιος
1707 3083 1862 3137 εἶπεν·
1911 3085 2001 3145 ε’ως
2045 3082 2163 3136 πότε

208 3149 436 3215 ἀπειλεῖς,
472 3153 555 3203 καὶ
590 3150 648 3204 οὗ
682 3159 836 3213 ποιεῖς
872 3174 903 3203 α
938 3153 1222 3238 ε’παγγέλλη,·
1269 3152 1361 3222 ἐγω
1382 3151 1491 3240 γὰρ
1525 3152 1821 3240 Χριστιανός
1850 3155 1946 3218 εἰμι
1979 3154 2062 3204 καὶ
2098 3151 2158 3204 οὗ

208 3217 322 3271 θύω
359 3227 589 3308 πονηροῖς
624 3223 862 3287 δαίμοσιν,
901 3219 1019 3272 ἀλλὰ
1031 3228 1309 3306 προσκυνῶ
1346 3219 1431 3274 τὸν
1467 3220 1704 3288 ἀληθινὸν
1738 3219 1860 3273 θεὸν
1876 3219 1960 3272 τὸν
1962 3222 2163 3308 πατέρα

206 3293 294 3340 τοῦ
328 3291 501 3370 κυρίου
528 3287 689 3356 Ἰησοῦ
732 3294 958 3377 Χριστοῦ,
994 3288 1079 3342 τὸν
1111 3288 1386 3356 φωτίσαντά
1421 3312 1477 3356 με
1512 3295 1619 3354 φῶς
1655 3306 1889 3358 γνωσεως,
1925 3287 2011 3341 τὸν
2030 3288 2160 3342 ἀνοί-

211 3356 354 3418 ξαντά
400 3379 493 3423 μου
541 3357 653 3420 τοὺς
698 3356 992 3447 ὀφθαλμοὺς
1040 3361 1109 3418 εἰς
1155 3357 1448 3424 κατανόησιν
1495 3365 1592 3410 τῶν
1635 3361 1926 3424 θαυμασίων
1979 3357 2156 3410 αὐτοῦ·

210 3423 360 3476 αὐτὸν
395 3424 485 3495 γὰρ
519 3433 639 3494 τιμῶ
674 3428 757 3480 καὶ
792 3428 942 3493 σέβω·
991 3424 1139 3487 αὐτὸς
1171 3425 1260 3495 γὰρ
1297 3425 1415 3486 θεός
1451 3427 1548 3478 ἐστι
1591 3428 1672 3477 καὶ
1707 3426 1875 3496 κύριος
1909 3427 1991 3480 καὶ
2026 3430 2160 3494 βασι-

296 3618 367 3670 10)
397 3617 450 3660 οὑ
481 3622 748 3677 πομένοντα
779 3620 874 3676 (sic)
904 3622 991 3662 Vat.
1297 3617 1367 3672 11)
1401 3616 1691 3667 ἀνεξέλεκτος
1724 3620 1807 3662 Vat.
