2340 3900
875 175 1122 223 comem!
1156 174 1400 223 NOTITIA.
2037 183 2135 222 Lxl

309 320 384 365 15.
454 315 564 364 God.
602 313 917 362 casanatensis
956 313 1008 362 G.
1032 314 1080 360 V.
1109 316 1184 372 14,
1218 316 1500 371 chartaceuS,
1534 312 1747 359 loliorum
1784 313 2139 372 octonariorum,

164 403 255 436 non
291 402 382 434 una
416 387 669 447 eademque
705 398 845 431 manu
882 384 1108 445 scriptus,
1146 385 1315 431 saeculi
1351 384 1440 429 XV.
1506 382 1662 430 Manus
1711 381 1884 430 saeculi
1920 382 2034 428 XVII
2071 384 2137 429 in-

162 457 362 506 diculum
396 454 646 518 praemisit,
684 468 820 516 quem
859 460 963 500 ante
989 453 1073 499 hos
1101 455 1361 513 quindecim
1385 467 1530 499 annos
1556 453 1616 499 ita
1653 459 1923 514 conceptum
1958 452 2135 499 inveni:

299 525 379 584 „S.
415 524 465 571 P.
502 525 557 571 N.
595 522 844 585 Sophronii
879 522 1090 584 Archiep.
1130 522 1529 584 Hierosolymitani
1555 522 1746 569 Homilia
1782 535 1867 584 pro
1895 520 1974 568 SS.
1998 522 2135 569 Petro

161 604 209 645 et
236 595 376 643 Paulo
413 594 486 641 die
523 598 681 654 quarta
718 592 946 639 natalium.

299 679 452 740 Capita
499 689 687 733 novem,
726 689 843 737 quae
891 675 1010 721 l'ama
1055 682 1181 730 erat,
1220 674 1434 721 Ioannem
1471 675 1631 722 Italum
1668 675 1992 739 philosophum
2026 691 2134 724 suos

161 749 391 797 auditores
429 747 625 803 docere,
661 760 688 792 a
723 744 864 792 Sacra
899 744 1086 806 Synodo
1125 744 1331 790 damnata
1367 744 1620 792 Indictione
1663 746 1738 791 15.

298 817 474 879 Didymi
510 823 671 863 contra
707 813 987 862 ManicheoS.

300 886 519 949 Didymus
557 886 633 933 hic
666 884 752 932 ruit
788 885 932 946 patria
967 882 1264 930 Alexandrius
1302 891 1438 944 atque
1492 884 1547 930 ab
1597 884 1683 930 alio
1723 885 1912 947 Didymo
1952 887 2134 934 Alexan-

161 958 295 1006 drino
334 956 634 1004 Grammatico
684 954 870 1002 seniore
921 953 1294 1015 distinguenduS‚
1345 967 1432 999 nec
1469 954 1605 999 etiam
1645 955 1994 1004 confundendus
2033 972 2136 1004 cum

166 1027 357 1090 Didymo
393 1025 616 1073 Monacho
650 1023 891 1086 Aegyptio.

299 1110 468 1158 Catena
504 1109 782 1156 Graecorum
817 1107 1001 1155 Patrum
1037 1109 1085 1154 iu
1120 1107 1413 1168 Evangelium
1451 1107 1613 1154 Lucae.

300 1179 348 1226 8.
381 1179 618 1226 Athanasii
652 1177 1005 1240 Archiepiscopi
1040 1177 1326 1224 Alexandrini
1365 1178 1422 1224 ad
1451 1177 1724 1225 Antiochum
1757 1178 2018 1241 Principem
2057 1195 2138 1228 seu

159 1250 330 1300 Ducem
364 1250 422 1298 de
456 1248 665 1312 plurimis
699 1247 930 1308 variisque
967 1246 1314 1309 quaestionibus
1340 1245 1683 1309 Responsiones
1709 1247 1953 1295 cxxxvlu
1995 1252 2135 1298 omni-

158 1321 247 1370 hus
284 1319 556 1367 Christianis
592 1317 713 1365 scitu
746 1316 1030 1365 utilissimae.

297 1403 346 1452 S.
394 1402 555 1465 Ignatii
602 1399 816 1462 Martyris
861 1400 1093 1463 Epistolae
1143 1401 1201 1448 ad
1252 1387 1538 1458 SmirnaeoS,
1585 1401 1641 1447 ad
1698 1399 2031 1464 Polycarpum,
2082 1403 2138 1450 ad

159 1474 399 1537 Ephesios,
435 1473 493 1520 ad
526 1470 856 1533 magnesianos,
894 1471 952 1518 ad
989 1471 1435 1534 Philadelphienses,
1480 1471 1536 1518 ad
1571 1469 1820 1529 Tralianos‚
1859 1472 1915 1519 ad
1953 1471 2136 1520 Mariam

158 1540 295 1601 (duae
330 1537 689 1606 supposititiae),
726 1539 784 1587 ad
817 1540 1086 1588 Tarsenses,

300 1625 346 1673 S.
381 1625 592 1688 Gregorii
625 1624 959 1687 Thanmaturgi,
997 1638 1091 1672 non
1128 1625 1351 1686 Theologi
1387 1625 1511 1683 dicti,
1546 1625 1886 1672 Neocaesareae
1921 1625 2137 1688 Episcopi

158 1695 457 1759 lelaphrasis
491 1696 540 1743 in
575 1693 900 1742 Ecclesiasten.

297 1765 451 1813 Photii
498 1763 719 1827 epistolae
767 1764 908 1812 duae:
955 1766 1103 1827 prima
1145 1766 1202 1813 ad
1235 1765 1469 1813 Nicolaum
1505 1764 1560 1823 ll,
1596 1765 1736 1812 altera
1773 1764 1831 1812 ad
1867 1765 2138 1813 Michaelem

161 1834 359 1897 Bulgarii
397 1835 675 1898 Principem.

301 1903 347 1951 8.
366 1902 515 1951 Patris
535 1904 682 1951 nostri
699 1903 928 1952 Simeonis
948 1904 1143 1952 Iunioris
1164 1904 1392 1965 Theologi
1418 1905 1473 1951 de
1494 1905 1664 1966 triplici
1682 1904 1958 1966 precationis
1985 1907 2139 1954 modo.

299 1972 349 2020 S.
379 1973 535 2035 Cyrilli
563 1973 779 2035 Archiep.
814 1974 1101 2021 Alexandrini
1138 1974 1194 2020 de
1229 1975 1423 2035 mystica
1459 1988 1603 2021 coena
1639 1981 1685 2021 et
1724 1975 1780 2021 de
1817 1974 2061 2023 ablutione.

292 2042 348 2090 S.
382 2043 600 2090 Dorothei
634 2042 851 2105 Episcopi
884 2043 993 2105 Tyri
1040 2050 1086 2090 et
1137 2043 1345 2104 Martyris
1400 2044 1456 2090 de
1504 2042 1762 2090 nominibus
1810 2044 2137 2104 Apostolorum

164 2119 214 2160 et
241 2125 403 2160 corum
438 2111 819 2174 praedicationis,
855 2114 1015 2159 mortis
1052 2119 1099 2160 et
1134 2112 1395 2174 sepulturae
1432 2113 1549 2159 loco.
2091 2172 2097 2178 ἱ

301 2181 350 2228 8.
393 2181 636 2244 Polycarpi
679 2180 1022 2230 Smirnaeorum
1069 2181 1286 2244 Episcopi
1336 2189 1382 2229 et
1428 2182 1638 2245 Martyris
1685 2182 1888 2244 Epistola
1933 2185 1990 2232 ad
2034 2185 2138 2232 Phi·

164 2248 439 2314 lippenscs.“

301 2333 426 2391 Quae
470 2334 655 2396 quidem
714 2349 821 2396 opp.
868 2337 913 2382 in
964 2337 1064 2397 ipso
1112 2335 1279 2381 Codice
1327 2342 1583 2395 sequuntur
1629 2337 1717 2383 alio
1766 2338 1942 2383 ordine.
2026 2338 2137 2384 Nam

164 2410 367 2449 catenam
421 2403 539 2450 illam
590 2417 861 2465 graecorum
911 2405 1092 2450 Patrum
1128 2404 1171 2450 in
1223 2418 1291 2453 ev.
1331 2403 1478 2450 Lucae
1526 2405 1757 2465 excipiunt
1811 2421 1992 2463 ,novem
2039 2403 2137 2467 (po-

164 2473 253 2518 tius
290 2469 417 2528 octo)
463 2472 621 2534 ignatii
674 2472 803 2534 Epp.‘
840 2474 883 2518 in
913 2473 977 2519 48
1017 2473 1136 2519 soliis
1174 2486 1275 2519 cum
1333 2473 1522 2519 dimidio
1561 2474 1702 2520 nitide
1739 2476 1952 2536 scriptae.
2025 2475 2140 2522 Sunt

166 2548 313 2588 autem
350 2540 552 2598 eaedem,
592 2541 781 2603 quas·l.
822 2541 1011 2589 Vossius
1049 2557 1104 2588 ex
1137 2543 1341 2603 pretioso
1391 2541 1467 2587 illo
1519 2542 1688 2589 Codice
1725 2544 1933 2591 Mediceo
1969 2546 1994 2590 7
2036 2543 2136 2590 Plu-

166 2611 228 2656 tei
264 2609 372 2656 Lvu
417 2611 591 2671 primus
636 2611 871 2671 evulgavit.
943 2613 1008 2658 Ac
1059 2611 1170 2658 milii
1224 2612 1407 2672 quidem
1444 2611 1610 2658 librum
1648 2612 1996 2661 Casanatensem
2035 2629 2136 2675 per·

165 2677 406 2735 lustranti,
444 2678 675 2727 Hedieeus
729 2682 772 2728 ei
822 2680 926 2727 l'ons
978 2688 1114 2742 atque
1166 2681 1394 2742 exemplar
1448 2681 1590 2728 fuisse
1643 2683 1719 2739 diu
1767 2684 1891 2730 visus
1929 2691 2011 2730 est.
2083 2683 2138 2730 Ut

165 2748 226 2794 ita
261 2749 502 2810 opinarer,
549 2763 653 2797 cum
699 2749 876 2797 indoles
923 2750 1192 2811 utriusque,
1233 2758 1325 2796 tum
1364 2750 1548 2797 ultimae
1585 2751 1814 2813 Epistolae
1850 2742 1992 2815 (πρὸς
2024 2743 2141 2808 τοὺς

162 2808 219 2862 ἓν
259 2814 455 2883 Ταρσῷ)4
496 2825 680 2867 externa
728 2818 948 2867 utrobivis
996 2833 1069 2866 me
1118 2819 1257 2866 movit
1310 2820 1507 2881 species.
1597 2820 1917 2869 casanatensis
1969 2824 2137 2884 quippe

162 2885 325 2934 eodem
373 2887 515 2935 modo‘
561 2888 730 2936 desinit
788 2902 879 2950 quo
935 2889 1194 2946 Mediceus,
1251 2903 1305 2935 eo
1348 2895 1500 2936 tamen
1551 2890 1840 2949 discrimine,
1880 2893 2003 2952 quod
2042 2892 2138 2938 illic

164 2964 419 3017 sequuntur
453 2964 668 3019 quattuor
699 2957 806 3005 l'olia
843 2972 946 3005 cum
985 2959 1171 3005 dimidio
1210 2958 1324 3005 alba.
1396 2958 1486 3005 Sed
1521 2959 1565 3005 id
1605 2960 1789 3019 quidem
1838 2961 2018 3007 aliunde
2067 2976 2138 3007 ex-

162 3024 421 3086 plicandum
451 3026 643 3074 videtur.
701 3026 811 3074 Nam
845 3034 897 3074 ut
937 3029 1138 3075 omnium
1176 3042 1338 3074 novem
1375 3024 1463 3084 (vel
1502 3026 1626 3087 octo)
1651 3029 1764 3090 Epp.
1794 3031 2137 3091 inscriptionem

164 3093 342 3156 aliaque
394 3095 713 3144 huiuscemodi
761 3096 893 3159 plura
944 3098 1170 3153 omittam,
1239 3111 1291 3143 ex
1344 3099 1686 3159 comparatione
1749 3099 1984 3146 amborum
2032 3099 2139 3146 Mss.

162 3165 418 3211 accuratius
453 3164 576 3212 inter
598 3178 651 3213 se
686 3166 887 3213 instituta
922 3174 1114 3229 apparet
1135 3166 1381 3213 notabilior
1404 3167 1651 3215 lectionum
1675 3168 1995 3230 discrepantia.
2036 3168 2140 3216 Cre·

86 3230 94 3237 '
162 3231 300 3279 dibile
329 3239 477 3281 tamen
523 3241 623 3292 est,
658 3241 904 3296 utrumque
943 3235 1053 3282 Cod.
1100 3250 1156 3282 ex
1193 3236 1355 3283 eodem
1394 3237 1700 3283 vetustissimo
1739 3238 2015 3299 archetypo,
2056 3252 2140 3300 per

161 3301 374 3364 ambages
410 3303 620 3364 quidem,
655 3318 907 3352 emanasse.
980 3305 1094 3351 lllud
1132 3306 1344 3352 nimirum
1382 3305 1629 3368 Epistolam
1677 3307 1733 3352 ad
1769 3307 2018 3354 Tarsenses
2073 3309 2136 3353 in·

161 3377 334 3432 tegram
385 3371 597 3421 habebat.
686 3372 1003 3421 Verumtamen
1052 3388 1163 3421 casu
1211 3375 1411 3435 quodam
1465 3375 1631 3421 sactum
1682 3390 1785 3421 esse
1831 3375 2033 3434 videtur,
2088 3383 2140 3423 ut

161 3437 373 3487 librarius
420 3439 603 3489 Codicis
652 3441 970 3490 Casanatensis
1030 3458 1129 3490 eam
1191 3444 1319 3491 illine
1379 3459 1469 3491 non
1533 3443 1867 3491 transscribere
1922 3446 2136 3506 potuerit,

160 3509 365 3568 quamvis
399 3512 528 3572 prius
563 3510 849 3559 observatam
889 3526 943 3560 ac
980 3520 1313 3571 mensuratam,
1354 3514 1552 3574 ideoque
1601 3514 1794 3573 spatium
1846 3514 1888 3560 ei
1936 3515 2139 3576 integrae

161 3575 489 3627 describendae
546 3579 799 3642 reliquerit.
894 3582 1042 3638 Quare
1107 3582 1410 3643 fragmentum
1472 3582 1782 3628 tantummodo
1831 3596 1883 3629 ex
1933 3582 2138 3631 Mediceo

159 3646 487 3707 transscripsit.
555 3649 670 3696 ilinc
706 3650 1025 3698 Casanatensis
1063 3657 1110 3697 et
1144 3650 1402 3708 Mediceus,
1443 3650 1566 3711 quod
1604 3653 1661 3697 ad
1699 3657 1869 3699 textum
1905 3652 2133 3716 Epistolae
