2340 3900
684 151 718 197 1.
754 150 1064 198 GLEnssers
1101 152 1171 198 ΑΙ)
1211 154 1332 200 COR.
1378 153 1510 204 XLII.
1549 153 1692 201 XLIII.
2101 148 2166 199 89

205 298 303 347 st03
340 296 387 337 et
420 289 587 336 sactum
619 294 694 336 est
726 294 970 350 utrumque
1006 290 1248 337 ordinatim
1286 305 1341 339 ex
1374 293 1603 341 voluntate
1624 292 1722 339 Dei.
1769 292 1926 353 ltaque
1963 292 2165 353 acceptis

202 359 446 415 mandatis,
495 365 541 405 et
572 372 660 420 per
692 358 1080 405 resurrectionem
1116 359 1293 406 Domini
1338 363 1485 409 nostri
1521 363 1625 410 Iesu
1661 362 1828 409 Christi
1863 361 1998 423 plena
2034 361 2167 407 certi·

203 428 357 475 tudine
394 427 568 484 imbuti,
603 428 776 489 Deique
808 426 950 474 verbo
989 427 1262 484 confirmati,
1302 444 1403 476 oum
1442 438 1569 479 certa
1589 430 1785 493 Spiritus
1825 429 1979 477 Sancti
2002 428 2168 477 fiducia

202 498 377 558 egressi
411 503 542 551 sunt,
590 497 921 544 annunciantes
966 497 1098 558 regni
1133 497 1213 543 Dei
1250 499 1505 548 adventum.
1574 502 1662 547 Per
1699 501 1912 563 regiones
1950 500 2088 562 igitur
2123 506 2170 547 et

202 566 342 614 urbes
379 566 567 613 verbmn
602 566 947 628 praedicanteS,
1000 566 1232 627 primitias*
1278 582 1459 625 earum,
1513 571 1678 632 spiritu
1726 584 1829 617 cum
1877 568 2165 632 probassent,

203 636 541 683 constituerunt
578 636 825 697 episcopos
862 642 909 682 et
943 634 1163 682 diaconos
1199 649 1359 682 eorum
1413 640 1490 698 qui
1542 640 1762 686 credituri
1797 646 1938 686 erant.
2010 639 2166 701 Neque

203 705 292 752 hoc
330 705 516 766 quidem
551 718 720 752 novum
755 705 1009 752 institutum
1042 705 1150 761 fuit3
1186 704 1340 751 multis
1378 708 1497 754 enim
1535 715 1659 755 retro
1697 709 1864 756 seculis
1901 709 1956 756 de
1990 709 2168 771 episco-

201 774 274 836 pis
311 781 358 821 et
394 774 599 822 diaconis
634 774 859 836 scriptum
895 780 981 820 est.
1054 773 1132 821 Sic
1165 775 1287 821 enim
1326 774 1491 822 alicubi
1530 778 1640 824 dicit
1688 779 1938 839 scriptura:
1985 778 2168 837 ,consti-

202 851 323 892 tuam
357 845 605 907 episcopos
640 858 801 892 eorum
837 844 884 891 in
921 843 1105 902 iustitia,
1145 850 1191 891 et
1227 844 1446 893 diaconos
1485 859 1643 893 eorum
1682 847 1728 893 in
1765 846 1883 894 tide.‘

198 1108 345 1159 xuu.
417 1108 570 1159 Moses
604 1111 715 1160 olim
749 1112 1080 1159 contentionem
1116 1112 1174 1158 de
1207 1111 1492 1158 sacerdotali
1528 1112 1753 1173 diqnicate
1789 1118 1939 1161 ortam
1973 1114 2168 1160 sedavit.

332 1250 389 1297 Et
420 1249 532 1308 quid
568 1249 747 1306 mirum,
784 1249 839 1306 si,
877 1248 1045 1310 quibus
1080 1248 1129 1295 in
1164 1247 1349 1296 Christo
1373 1262 1399 1295 a
1423 1249 1515 1296 Deo
1543 1250 1633 1296 hoc
1671 1258 1835 1297 munus
1875 1249 2167 1297 commissum

194 1320 295 1375 tuit.
332 1319 595 1398 praedictos
635 1318 990 1366 constituerint?
1028 1318 1401 1397 quandoquidem
1435 1318 1596 1366 heatus
1633 1319 1831 1382 Moyses,
1870 1319 2035 1377 ,fidelis
2073 1333 2169 1366 ser·

194 1404 276 1438 vus
312 1391 359 1438 in
393 1390 606 1437 universa
641 1386 822 1444 domo,‘
858 1389 1037 1445 omnia,
1077 1402 1195 1449 quae
1229 1389 1317 1450 ipsi
1352 1389 1561 1436 mandata
1596 1396 1738 1446 erant,
1776 1390 1821 1436 in
1860 1389 2004 1436 sacris
2038 1387 2169 1434 libris

194 1460 448 1516 notaverit,
498 1472 632 1520 quem
668 1459 838 1505 caeteri
873 1458 1126 1520 prophetae
1165 1459 1348 1519 sequuti
1385 1465 1523 1515 sunt,
1560 1459 1616 1505 iis
1680 1473 1794 1520 quae
1834 1458 1889 1504 ab
1923 1459 2028 1519 ipso
2067 1470 2166 1502 san-

195 1530 284 1578 cita
318 1535 428 1578 sunt
461 1528 770 1576 testimonium
805 1528 979 1590 pariter
1014 1527 1328 1589 perhibentes,
1394 1527 1472 1575 Ille
1511 1529 1646 1586 enim,
1682 1542 1786 1575 cum
1817 1527 2057 1575 aemulatio
2082 1540 2169 1588 pro

195 1600 453 1648 sacerdotio
490 1598 742 1655 incidisset,
778 1604 826 1645 et
861 1597 1006 1645 tribus
1044 1598 1163 1645 inter
1183 1612 1233 1644 se
1273 1597 1571 1645 dissentirent
1607 1612 1829 1659 quaenam
1871 1597 2048 1644 illarum
2074 1596 2166 1658 glo.-

195 1672 319 1717 rioso
355 1669 434 1716 illo
469 1669 653 1715 nomine
678 1667 883 1715 ornanda
918 1674 1058 1723 esset,
1096 1668 1230 1714 iussit
1252 1668 1493 1714 duodecim
1522 1667 1717 1714 tribuum
1745 1668 1978 1729 principes
2003 1666 2170 1712 afferre

197 1739 283 1786 sibi
316 1740 482 1800 virgaS,
515 1752 632 1799 quae
667 1737 1030 1798 uniuscuiusque
1070 1737 1216 1784 tribus
1254 1751 1422 1784 nornen
1462 1739 1736 1798 inscriptum
1763 1737 2000 1785 haberent.
2050 1737 2169 1792 Quas

196 1823 301 1856 cum
338 1808 605 1869 accepisset,
643 1806 978 1854 infasciculum
1015 1806 1182 1868 ligavit,
1221 1812 1267 1852 et
1303 1807 1483 1853 annulis
1512 1807 1772 1869 principum
1792 1806 1993 1853 tribuum
2021 1805 2168 1866 signa-

196 1878 273 1935 vit,
309 1885 357 1925 et
389 1878 436 1925 in
472 1876 768 1924 tabernacqu
804 1876 1053 1923 testimonii
1091 1891 1234 1938 super
1270 1890 1473 1923 mensam
1511 1877 1590 1922 Dei
1630 1877 1845 1938 deposuit
1881 1890 1969 1922 eas.
2044 1874 2169 1921 Clau-

196 1962 344 2008 toque
377 1945 677 1994 tabernaculo
729 1945 880 1992 claves
926 1946 1136 1992 similiter
1183 1952 1230 1992 et
1266 1946 1416 2006 virgas
1453 1946 1669 2007 signavit,
1716 1953 1762 1992 et
1798 1946 1909 1992 dixit
1946 1945 2035 1991 eis:
2088 1942 2170 1989 viri

199 2017 380 2072 fratres,
416 2014 545 2061 euius
581 2016 729 2062 tribus
765 2015 892 2075 virga
927 2014 1262 2076 germinaverit,
1299 2015 1417 2060 hanc
1444 2015 1581 2075 elegit
1606 2016 1740 2071 DeuS,
1779 2028 1894 2075 quae
1931 2013 2019 2075 ipsi
2041 2027 2170 2059 sacra

200 2085 333 2132 faciat
366 2091 415 2131 et
460 2084 698 2131 ministret.
767 2082 894 2130 {ane
942 2091 1091 2130 autem
1136 2083 1255 2130 facto
1302 2084 1594 2144 congregavit
1642 2085 1901 2130 universum
1950 2081 2168 2144 populum

199 2153 366 2210 Israel,
416 2160 631 2200 sexcenta
674 2152 811 2200 millia
841 2153 1067 2209 virorum,
1121 2160 1167 2200 et
1202 2152 1400 2199 tribuum
1438 2152 1725 2215 principibus
1771 2152 1918 2215 sigilla
1954 2150 2168 2207 ostendit,

199 2222 537 2271 ubemmtum
573 2222 823 2271 testimonii
857 2224 1049 2284 aperuit,
1086 2229 1133 2270 et
1168 2222 1316 2283 virgas
1354 2222 1558 2284 protulit.
1629 2223 1683 2269 Et
1718 2223 1898 2270 inventa
1936 2227 2007 2268 est
2044 2221 2195 2282 virga'

195 2293 387 2339 uronis
423 2305 515 2338 non
552 2299 722 2340 tantum
756 2293 1060 2353 germinasse.
1110 2290 1194 2338 sed
1231 2298 1276 2338 et
1324 2292 1523 2339 fructum
1573 2292 1740 2338 serens.
1812 2292 1951 2348 Quid,
2000 2290 2168 2342 dilecti,

196 2360 325 2407 vobis
361 2360 566 2407 videtin-3
610 2363 677 2408 Διι
714 2361 804 2408 boc
841 2360 1041 2408 futurum
1077 2375 1169 2407 non
1206 2362 1513 2421 praesciverat
1547 2361 1759 2422 Moyses?
1809 2361 1996 2407 Maxime
2033 2373 2167 2405 nove·

197 2436 292 2486 ηις
327 2443 482 2477 verum
519 2443 577 2477 ne
610 2430 776 2477 seditio
814 2430 859 2476 in
897 2429 1068 2491 populo
1108 2429 1247 2476 Israel
1285 2430 1498 2485 oriretur,
1539 2430 1599 2476 ita
1637 2444 1686 2476 se
1725 2430 1884 2491 gessit,
1920 2434 1971 2476 ut
1998 2442 2166 2475 nomen

193 2499 316 2555 ,veri
367 2505 414 2546 et
449 2497 593 2546 solius
630 2496 738 2546 Dei‘
782 2498 1144 2559 glorificaretur,
1197 2498 1271 2544 cui
1322 2499 1382 2545 sit
1417 2499 1560 2560 gloria
1611 2500 1656 2545 in
1692 2499 1849 2546 secula
1886 2498 2165 2546 seculorum.

193 2566 358 2615 Amen!

277 2812 550 2866 eap.x1.111.
625 2812 667 2862 l)
717 2808 1025 2862 πιστεύοντες
1083 2814 1146 2855 ed.
1205 2815 1331 2881 (Opp.
1372 2816 1435 2856 ed.
1479 2816 1665 2868 Mangey‚
1697 2816 1740 2856 T.
1772 2816 1816 2856 11.
1855 2829 1895 2868 p.
1933 2814 2058 2865 162),
2088 2816 2168 2856 Au-

192 2869 342 2919 Iunins,
363 2882 549 2922 germana
571 2869 735 2912 Codicis
756 2870 932 2911 lectione
952 2880 1145 2913 πιστευ-
1204 2872 1385 2923 gustinus
1432 2872 1579 2922 (Serm.
1612 2873 1707 2914 245.
1740 2872 1923 2925 Append.
1955 2873 1999 2913 T.
2028 2872 2071 2912 V.
2104 2872 2166 2912 ed.

193 2926 360 2973 θέντες
387 2938 463 2979 pro
495 2926 727 2969 coniectura
756 2926 808 2968 ad
843 2938 954 2968 oram
983 2927 1147 2968 reiecta.
1206 2928 1388 2982 Bened..)
1443 2929 1523 2970 Cot.

194 2983 277 3024 Csr.
308 2981 386 3024 Tit.
420 2983 457 3033 I,
486 2983 528 3025 3.

278 3067 325 3121 2)
354 3067 477 3109 flebr.
505 3067 547 3119 3,
579 3067 619 3109 2.
649 3068 688 3109 5.
738 3068 853 3109 Νιιιιι.
889 3067 953 3117 12,
984 3068 1024 3109 7.

276 3152 323 3206 3)
353 3152 559 3194 Commate
576 3152 667 3194 beic
689 3151 811 3193 distin
867 3150 1052 3202 untCot.‚
1070 3150 1151 3192 Co-

194 3208 288 3251 Iom.
318 3216 358 3251 et
386 3209 452 3260 aL,
486 3208 759 3263 supplentquc
823 3222 856 3256 ς.

278 3292 324 3346 4)
345 3293 572 3335 Referendo
590 3293 789 3346 virgarum
800 3293 1007 3334 historiam
1018 3292 1151 3346 (Num.

195 3361 232 3391 c.
267 3348 348 3399 17.)
380 3349 421 3391 b.
445 3349 632 3391 Clemens
654 3350 795 3392 adiicit
824 3350 1040 3391 nonnullas
1070 3350 1151 3391 cir-

194 3405 453 3448 cumstantias
482 3406 699 3449 admodum
727 3406 983 3457 verisimiles,
1033 3413 1152 3460 atque

192 3467 239 3504 nt
263 3461 423 3504 videtur
450 3462 654 3505 desumus
685 3475 732 3504 ex
764 3463 1040 3505 Hebraeorum
1070 3470 1152 3504 tra-

195 3516 430 3560 ditionibus.
488 3518 588 3561 Cnm
628 3532 725 3562 vero
768 3519 982 3561 duodecim
1020 3519 1152 3571 virgas

195 3574 333 3627 ponit,
385 3573 526 3616 eadem
571 3575 612 3617 in
652 3576 851 3618 sententia
891 3584 1074 3617 versatur
1106 3589 1153 3615 ac

194 3628 306 3672 Philo
353 3631 526 3673 ludam
573 3631 663 3674 Lib.
699 3633 763 3674 111.
810 3632 860 3673 de
902 3632 988 3673 Vita
1030 3632 1153 3673 noeis

1292 3012 1338 3067 5)
1370 3014 1426 3055 De
1459 3014 1538 3054 hoc
1581 3013 1702 3054 silent
1741 3024 1909 3065 prorsus
1946 3025 2085 3053 sacrae
2118 3012 2167 3053 li-

1209 3077 1341 3121 terac;
1397 3071 1641 3112 censendum
1697 3070 1817 3121 igitur
1869 3076 1949 3118 est,
2000 3068 2167 3121 petitum

1209 3126 1334 3168 ruisse
1352 3140 1397 3168 ex
1419 3127 1639 3168 indubitata
1654 3127 1786 3179 aliqua
1804 3125 2031 3166 traditione.
2056 3124 2166 3166 Wolt.

1295 3211 1339 3264 6)
1371 3212 1478 3253 Pitra
1526 3212 1564 3252 in
1607 3211 1797 3277 spicileg.
1847 3209 2018 3250 Solcsm.
2059 3210 2085 3250 1.
2125 3221 2164 3275 p.

1210 3267 1306 3309 293.
1346 3268 1557 3320 legendum
1598 3268 1701 3309 coni.
1734 3262 1951 3319 ἐνόησεν,
1995 3266 2086 3319 quia
2126 3265 2166 3306 in

1211 3324 1435 3375 fragmento
1467 3326 1611 3367 veteris
1653 3323 1847 3365 versionis
1887 3298 2033 3363 latinae
2071 3335 2092 3363 a
2124 3322 2165 3363 S.

1211 3380 1336 3421 Paulo
1371 3382 1530 3423 Nolano
1563 3389 1605 3422 ut
1643 3386 1756 3433 putat
1791 3384 1972 3420 cxmatae
2021 3378 2167 3432 legitur

1210 3439 1371 3479 sciebat.
1417 3438 1462 3479 H.
1495 3438 1557 3479 cd.
1581 3438 1639 3478 IV.

1295 3508 1414 3558 7)1n
1467 3510 1689 3558 fragmento
1731 3505 1838 3558 apud
1881 3505 2028 3547 Pitram
2074 3505 2099 3546 Ι.
2139 3506 2165 3547 Ι.

1211 3563 1378 3614 legitur:
1409 3570 1449 3605 ut
1485 3564 1729 3605 honorabilis
1755 3562 1883 3603 Aaron
1915 3563 2164 3604 inveniretur.

1300 3633 1344 3686 8)
1373 3634 1511 3674 Ioann.
1546 3633 1608 3683 17,
1640 3633 1679 3674 3.
