2340 3900
217 169 257 210 χ
983 150 1411 200 PROLEGOMENA.

227 292 528 347 Christianos
567 292 760 354 spectat.
820 285 1022 335 Constat
1058 283 1187 335 enim
1219 284 1346 337 inter
1368 301 1551 346 omneS‚
1589 283 1769 335 multos
1797 288 1930 334 extra
1954 278 2186 332 Palaesti-

226 380 338 415 nam
384 359 618 412 Ethnicos
663 354 916 406 nonnullas
964 353 1293 406 ordinationes
1327 355 1562 406 Mosaicas
1600 353 1906 426 observasse,
1952 347 2022 425 uti
2057 342 2187 400 ἐκλε-

226 429 404 484 κτικοί.
475 427 625 478 Huius
674 429 840 473 coetus
888 414 1113 474 homine‘s
1156 429 1265 474 ante
1317 425 1484 475 oculos
1521 422 1742 479 babebat,
1792 434 1871 483 qui
1913 423 2110 482 scripsit
2143 433 2184 468 c.

229 505 260 554 2
296 517 418 564 „nos
456 495 676 548 similiter
712 495 972 543 errantes“.
1020 493 1119 543 Nec
1152 493 1344 555 mirum,
1383 493 1512 558 quod
1548 498 1717 540 auctor
1753 487 1943 536 adamat
1976 501 2187 551 praeque

226 570 401 622 ceteris
437 565 566 617 lubet
606 562 881 612 istiusmodi
913 569 1122 627 gnoseos
1158 562 1388 628 exemplis
1412 560 1679 625 Epistolam
1716 556 1766 604 in
1796 553 2039 631 allegoriis
2065 569 2184 632 eun-3

226 637 434 691 cleandis
470 649 570 684 non
606 630 710 680 sine
745 630 951 682 artificio
985 630 1235 692 refercire‚
1277 646 1447 680 vocum
1483 630 1542 678 ad
1580 640 1741 676 rerum
1775 638 2014 687 originem
2049 638 2186 689 quasi

225 702 607 775 permanantium
661 699 985 751 delinimentis
1048 699 1273 764 gestiens.
1354 699 1477 748 Hinc
1525 693 1817 760 disparilitas
1854 698 1962 741 orta
1995 691 2048 742 in
2082 690 2184 769 dis-

226 773 461 840 ceptando
505 787 559 820 ac
605 768 789 833 singula
833 768 1188 835 pertractando.
1272 768 1383 818 Fuit
1436 773 1595 815 autem
1643 763 1691 812 id
1729 760 1965 826 temporis
2001 775 2184 826 gravis-

228 845 360 903 sima,
397 856 458 890 ne
494 839 650 889 dicam
684 837 826 890 unica
860 836 1074 904 quaestio
1111 836 1202 897 illa,
1244 837 1357 903 quid
1394 832 1693 885 auctoritatis
1730 835 1860 880 esset
1892 829 2043 880 veteri
2078 830 2183 879 soe-

225 911 327 962 deri
372 909 422 958 in
470 905 737 972 evangelio,
785 913 1043 972 postquam
1087 906 1234 955 Paulo
1277 904 1510 970 Apostolo
1548 906 1808 966 praeeunte
1843 898 1971 951 haud
2003 897 2186 958 levibus

223 976 520 1043 argumentis
569 974 648 1028 alii
694 975 766 1025 usi
812 975 1000 1025 fuerant
1047 974 1107 1024 ad
1142 974 1495 1024 immunitatem
1531 971 1633 1020 eius
1668 986 1694 1018 a
1731 969 1836 1045 lege
1870 966 2185 1046 probandam.

221 1049 398 1098 Noster
440 1051 620 1105 autem,
668 1044 911 1110 quomodo
949 1044 1054 1093 fieri
1088 1050 1272 1109 potest,
1292 1076 1297 1078 >
1321 1058 1423 1092 eam
1472 1041 1566 1089 iam
1603 1053 1852 1088 evanuisse
1887 1051 1999 1089 cum
2032 1042 2184 1097 ratio-

224 1115 429 1165 cinando
467 1114 631 1174 docet,
667 1117 769 1170 tum
802 1112 1001 1178 propria
1037 1127 1120 1161 sua
1156 1112 1229 1161 via
1264 1110 1518 1161 ostendere
1555 1113 1770 1158 conatur.
1840 1104 2070 1183 Quamvis
2104 1105 2184 1166 Iu-

224 1183 412 1235 daismo
447 1182 626 1232 belluni
662 1181 842 1231 indicat
880 1181 930 1230 in
951 1180 1372 1231 Christianismum
1406 1175 1757 1242 subreptitanti‚
1794 1190 1944 1241 aeque
1981 1190 2032 1224 in
2067 1173 2189 1226 alios

222 1250 579 1311 animadvertit,
629 1249 714 1300 sed
750 1266 850 1300 non
885 1250 979 1299 nisi
1015 1249 1186 1299 leniter
1222 1250 1446 1307 hertam,
1485 1262 1713 1306 monem,
1751 1244 1984 1304 suadem,
2021 1242 2187 1296 obiur-

222 1335 364 1385 gam,
413 1319 493 1385 qui
544 1317 694 1368 solius
730 1319 842 1368 fidei
878 1318 1217 1368 iustificatione
1254 1317 1362 1367 elati
1399 1316 1540 1366 bonis
1577 1313 1804 1380 operibus
1838 1328 2011 1379 pamm
2046 1328 2184 1363 vaca-

222 1393 336 1438 runt
369 1385 430 1452 (c.
467 1385 536 1451 4),
575 1387 815 1452 sequioris
850 1388 1080 1437 nimirum
1119 1386 1433 1437 Gnosticismi
1469 1399 1826 1450 praecursores
1876 1382 2011 1433 Inter
2043 1382 2190 1435 hasce

223 1457 341 1508 duas
374 1462 539 1521 partes
575 1463 742 1506 auctor
777 1463 957 1506 rectam
994 1456 1158 1506 salutis
1196 1455 1415 1506 semitam
1455 1453 1761 1503 sternendam
1800 1458 1948 1503 curat.

363 1525 410 1576 3.
471 1525 582 1585 Quo,
626 1530 845 1590 tempore
880 1525 1099 1591 Epistola
1137 1525 1313 1590 scripta
1351 1524 1517 1583 fuerit,
1564 1539 1664 1572 non
1699 1521 1864 1588 liquet.
1935 1520 2189 1573 Verumta-

221 1609 335 1648 men
356 1593 740 1658 Hierosolymam
777 1610 1003 1654 eversam‚
1042 1595 1274 1658 templum
1297 1594 1608 1654 destructum,
1646 1591 1934 1642 ludaeorum
1957 1589 2189 1657 populum

224 1679 251 1712 a
296 1661 527 1712 Romanis
579 1662 865 1713 debellatum
914 1679 1013 1713 non
1061 1663 1282 1727 ambigue
1327 1662 1598 1726 significant
1643 1660 1750 1711 vbb.
1801 1657 1864 1725 (c.
1898 1658 1981 1725 4):
2049 1675 2187 1720 „cum

223 1731 440 1781 videritis
487 1737 618 1780 tanta
663 1731 798 1796 signa
846 1739 894 1781 et
939 1738 1159 1781 monstra
1206 1732 1255 1780 in
1298 1731 1476 1797 populo
1526 1731 1834 1790 ludaeorum,
1879 1735 1929 1780 et
1974 1728 2045 1779 sic
2079 1727 2191 1779 illos

226 1800 481 1866 dereliquit
523 1800 800 1851 Dominus“.
870 1802 968 1851 Nec
1004 1800 1093 1851 alia
1129 1807 1412 1850 enarrantur
1457 1816 1497 1849 c.
1540 1802 1625 1851 16:
1679 1794 1787 1850 Διὰ
1819 1791 1920 1864 γὰρ
1953 1789 2015 1848 τὸ
2045 1797 2191 1848 πολε·

221 1870 336 1933 μεῖν
386 1862 579 1928 αὐτοὺς
633 1863 910 1937 καθῃρέθη
952 1862 1058 1919 ὑπὸ
1110 1869 1217 1920 τῶν
1266 1863 1472 1935 ἐχθρῶν
1490 1883 1501 1894 ·
1544 1868 1646 1920 νῦν
1688 1864 1777 1920 καὶ
1812 1860 1966 1918 αὐτοὶ
2002 1864 2053 1918 οἱ
2085 1865 2193 1917 τῶν

224 1934 430 2004 ἐχθρῶν
473 1932 724 2004 ὑπηρέται
768 1933 1279 2021 ἀνοικοδομήσουσιν
1324 1933 1502 1989 αὐτόν.
1580 1932 1751 1989 Πάλιν
1794 1928 1866 1998 ὥς
1910 1931 2123 2004 ἤμελλεν
2157 1928 2191 2004 ἡ

223 2002 372 2066 πόλις
418 2003 505 2057 καὶ
557 2003 587 2058 ὁ
632 2002 760 2068 ναὸς
804 2005 891 2060 καὶ
935 2001 964 2058 ὁ
999 2009 1131 2067 λαος
1160 2001 1365 2073 Ἰσραὴλ
1400 2006 1815 2074 παραδίδοσθαι,
1863 2001 2191 2074 ἐφανερώθη.

223 2078 347 2136 Eos,
395 2077 454 2126 ad
491 2093 613 2142 quos
649 2078 864 2143 Epistola
902 2078 1010 2128 data
1047 2079 1152 2138 suit,
1191 2078 1461 2143 gravissimi
1499 2078 1626 2128 illius
1664 2077 1851 2138 iudicii,
1890 2093 1985 2144 quo
2020 2076 2190 2134 Domi-

224 2162 315 2197 nus
351 2145 633 2196 Iudaeorum
678 2148 907 2212 populum
955 2146 1178 2197 indicavit
1228 2163 1492 2213 eorumque
1525 2147 1761 2198 excidium
1799 2145 2079 2212 complevit,
2116 2151 2190 2197 te-

226 2220 326 2263 stes
362 2214 523 2275 fuisse,
559 2231 615 2264 ex
650 2217 797 2266 modo
835 2215 1022 2266 dicendi
1061 2232 1101 2265 c.
1124 2218 1155 2266 4
1193 2216 1448 2281 colligitur.
1486 2218 1606 2266 Cum
1630 2215 2025 2282 persecutionum
2052 2230 2190 2266 men-

226 2282 294 2332 tio
332 2283 415 2331 fiat
450 2283 601 2343 nulla,
656 2284 916 2334 verisimile
954 2291 1051 2345 est,
1095 2300 1200 2334 eam
1238 2291 1349 2334 ante
1383 2284 1591 2336 Plinium
1629 2284 1680 2335 in
1714 2284 1936 2350 Bithynia
1970 2284 2190 2345 Procon-

225 2350 378 2401 sulem
413 2350 562 2400 fuisse
599 2352 842 2418 scriptam.

363 2421 410 2470 4.
463 2418 668 2469 Levibus
714 2421 975 2470 admodum
1022 2421 1317 2485 argumentis
1362 2427 1585 2480 utuntur,
1630 2420 1782 2470 immo
1818 2421 2057 2483 futilibus,
2108 2422 2190 2488 qui

226 2487 401 2539 veteris
436 2487 709 2539 traditionis
745 2489 945 2554 vestigia
979 2488 1307 2555 prementes⁸)
1355 2489 1643 2548 Bamaham,
1680 2488 1812 2539 Pauli
1846 2490 2067 2556 Apostoli
2105 2507 2188 2541 so—

225 2558 403 2617 dalem,
449 2556 692 2621 Epistolae
729 2557 976 2608 auctorem
1014 2573 1119 2607 esse
1155 2557 1315 2607 velint.
1389 2558 1542 2607 Totus
1579 2557 1708 2607 enim
1742 2559 1977 2609 tractandi
2014 2559 2189 2613 modus

227 2642 402 2691 resque
462 2625 594 2690 ipsae
653 2633 972 2693 pertractatae
1037 2631 1206 2676 contra
1250 2643 1335 2676 eos
1387 2626 1644 2676 clamitant.
1723 2626 1967 2679 Barnabas
2025 2627 2189 2682 Levita

229 2695 387 2813 cygn)
427 2694 657 2745 oriundus
670 2694 711 2760 ⁹)
757 2696 876 2760 legis
912 2695 1150 2745 Mosaicae
1184 2695 1292 2760 plus
1328 2711 1497 2760 expers
1534 2711 1642 2746 esse
1679 2695 1902 2757 debebat,
1955 2713 2100 2763 quam
2133 2714 2190 2748 ex

226 2779 266 2812 c.
372 2768 419 2812 et
455 2763 485 2814 8
542 2763 709 2814 elucet.
780 2765 944 2830 Neque
991 2764 1050 2813 de
1095 2763 1228 2829 Syris
1277 2764 1406 2814 idem
1453 2764 1770 2823 venditasset,
1819 2764 2189 2818 circumcisione

152 2858 161 2862 s
224 2847 311 2882 eos
360 2831 429 2882 uti
445 2842 462 2881 ε’
501 2831 550 2882 id
598 2833 727 2899 quod
774 2849 830 2882 ex
875 2849 933 2882 eo
978 2838 1199 2898 tempore
1245 2833 1416 2882 melius
1463 2833 1708 2897 cognitum
1755 2833 1933 2884 habere
1971 2834 2185 2897 debebat,

226 2917 319 2966 quo
356 2899 461 2967 ipse
499 2916 608 2951 cum
643 2902 789 2952 Paulo
828 2902 1064 2967 Apostolo
1102 2901 1386 2951 Antiochiae
1422 2899 1779 2967 morabatur.¹⁰)
1847 2902 1989 2953 Certe
2007 2919 2185 2963 rerum,

226 2986 342 3035 quas
391 2970 529 3030 dicit,
581 2970 832 3029 scientiam
868 2969 1234 3036 doctrinamque
1269 2971 1502 3035 plurium,
1557 2987 1699 3036 quain
1734 2986 1822 3036 pai·
1857 2971 1947 3032 sit,
1999 2971 2183 3023 auctori

223 3039 393 3089 deesse
427 3038 683 3090 fatendum.
745 3039 981 3100 Quocirca
1027 3039 1122 3089 iam
1157 3039 1212 3092 H.
1249 3039 1529 3100 MenardUS‚
1578 3039 1764 3105 primus
1802 3039 2046 3106 Epistolae
2080 3041 2183 3091 edi—

312 3218 356 3270 8)
385 3219 413 3258 Ι.
454 3217 639 3265 Vossius,
691 3216 818 3255 Notae
869 3216 919 3255 ad
967 3215 1172 3255 Barnabae
1231 3218 1449 3257 Comment.
1510 3218 1558 3257 de
1608 3216 1810 3257 authentia
1859 3217 1932 3268 Ep.
1963 3217 2183 3257 Barnabae.

223 3274 406 3325 Apostoli
444 3273 668 3324 Epistolam
711 3271 949 3311 catholicam
981 3284 1021 3322 p.
1053 3271 1171 3321 310.;
1231 3274 1397 3313 Hasniae
1425 3274 1555 3323 18283
1586 3274 1742 3314 Franke
1770 3273 1811 3311 in
1843 3272 2014 3313 Guerike
2045 3278 2084 3313 et
2105 3273 2183 3314 Ru-

225 3330 268 3369 L.
301 3330 345 3369 E.
371 3329 515 3380 Dupin‚
545 3328 645 3368 Bibl.
679 3327 939 3367 des'auteurs
970 3332 1043 3366 etc.
1075 3327 1118 3366 T.
1146 3329 1173 3367 l.
1232 3330 1400 3368 delbach
1432 3329 1661 3369 Zeitschrist
1691 3330 1754 3368 fur
1784 3328 1882 3368 luth.
1905 3329 2182 3370 Theotisca).

224 3398 264 3436 p.
302 3385 326 3424 6
353 3397 439 3436 sq.;
480 3386 525 3424 N.
564 3383 759 3424 Noun-ius
809 3383 849 3422 in
890 3388 1083 3433 apparatu
1123 3383 1173 3422 ad
1230 3387 1327 3425 fasc.
1358 3385 1394 3424 2.

224 3440 324 3479 Bibl.
356 3452 456 3479 max.
483 3440 556 3479 PP.
592 3440 635 3479 T.
649 3440 678 3478 I.
709 3439 812 3480 Diss.
831 3439 895 3489 3.;
927 3438 1174 3488 Gallandius‚
1317 3440 1362 3492 9)
1391 3442 1474 3481 Act.
1506 3442 1547 3491 4,
1578 3441 1632 3482 36
1654 3453 1743 3493 sqq.

223 3495 324 3536 Bibl.
339 3500 416 3534 vet.
435 3496 595 3536 Patrum
614 3495 699 3535 Τ.Ι.
717 3495 874 3546 Proleg.
894 3494 1173 3546 p.XXleqq.;
1319 3497 1389 3548 10)
1419 3498 1502 3538 Act.
1538 3497 1602 3548 11,
1631 3497 1698 3538 22.
1729 3497 1817 3548 25.;
1853 3496 1918 3546 15,
1950 3495 2079 3550 2sqq.
2097 3496 2182 3538 Gal.

224 3551 376 3599 Henke,
407 3551 455 3590 de
491 3551 710 3602 Epistolae,
743 3564 844 3603 quae
868 3549 1073 3590 Barnabae
1104 3550 1175 3589 tri·
1232 3553 1270 3603 2,
1309 3553 1343 3594 1.
1378 3554 1416 3594 9.

224 3605 359 3646 buitur
379 3635 389 3655 ‚
422 3605 636 3647 authentia.
677 3607 763 3648 Jen.
798 3606 946 3658 1827.;
988 3605 1174 3655 Romam,
