2340 3900
238 165 338 216 298
532 168 735 216 IGNATH
771 167 1042 215 EPISTULA
1079 167 1148 214 AD
1187 167 1687 219 SMYRNENSES.1X
1728 171 1777 216 X.
1813 169 1886 214 XI.

235 296 439 384 ἀγαθῶν
474 297 526 348 ἐν
561 294 842 382 ἀνθρώποις
887 294 1211 385 ἆναβεβηκός·
1245 292 1307 366 ἧς
1343 297 1370 352 6
1416 300 1751 387 καταμανεὶς,
1774 297 1863 350 οὐκ
1912 295 2177 384 ἄνθρωπον

235 363 469 432 ἀτιμάζει,
512 363 631 416 ἀλλὰ
671 362 821 427 Θεὸν,
857 368 938 417 καὶ
978 364 1192 453 Χριστὸν
1220 365 1436 454 Ἰησοῦν,
1474 367 1556 420 τὸν
1592 365 1919 453 πρωτότοκον,
1966 367 2048 418 καὶ
2093 365 2176 432 μό-

234 455 319 486 νον
353 439 412 506 τῇ
447 431 592 498 φύσει
626 438 717 486 τοῦ
753 433 950 502 Πατρὸς
987 433 1216 504 ἀρχιερέα.
1296 436 1460 489 Πάντα
1497 432 1586 490 οὗν
1636 437 1752 521 ὑμῖν
1805 433 1902 502 μετ’
1959 435 2178 498 εὐταξίας

234 486 540 554 ἐπιτελείσθω
587 503 640 554 ἐν
692 507 898 574 Χριστῷ.
973 505 1038 555 Οἱ
1079 507 1236 558 λαϊκοὶ
1281 514 1380 568 τοῖς
1431 507 1675 567 διακόνοις
1710 503 2174 556 ὑποτασσέσθωσαν·

234 573 284 623 οἱ
330 570 549 624 διάκονοι
593 578 694 633 τοῖς
737 557 1195 660 πρεσβυτέροις·οἷ
1237 574 1548 663 πρεσβύτεροι
1587 582 1653 626 τῶ
1704 573 1973 661 ἐπισκόπῳ·
2014 570 2044 624 6
2081 573 2175 625 ἐπί-

235 657 415 702 σκοπος
449 646 532 729 τῷ
553 645 758 728 Χριστῷ,
799 663 864 704 ως
900 641 1045 704 αὐτὸς
1077 649 1143 714 τῷ
1179 648 1348 732 Πατρί.
1419 643 1538 696 Κατ’
1581 629 1679 710 ἐμὲ5
1707 639 2017 704 ἆνεπαύσατε,
2044 640 2176 693 ἀδελ-

233 710 346 775 φοὶ,
383 710 467 762 καὶ
499 707 627 776 ὑμᾶς
655 695 845 777 Ἰήσοῦς
880 709 909 764 6
913 697 1168 799 Χριστός.
1232 712 1444 766 Ἀπόντα
1479 734 1534 780 με
1581 734 1661 764 και
1713 711 1949 778 παρόντα6
1993 708 2177 798 ἠγαπή-

232 794 367 830 σατε·
418 777 674 845 ἀμείψεται
725 778 852 847 ὖμᾶς
899 779 927 833 6
969 780 1115 846 Θεὸς,
1167 781 1235 833 δι’
1288 782 1345 836 ὃν
1395 785 1542 834 ταῦτα
1579 784 1646 842 εἰς
1674 779 1757 832 τὸν
1794 780 1990 846 δέσμιον
2026 777 2177 832 αὐτοῦ

230 849 546 910 ἐνεδείξασθε.
616 851 685 900 Εἰ
731 848 823 918 γὰρ
873 851 955 903 καὶ
1009 850 1074 919 μή
1131 853 1223 918 εἶμι
1273 850 1463 915 ἱκανὸς,
1517 849 1635 902 ἀλλὰ
1681 847 1734 900 τὸ
1774 854 1862 914 τῆς
1896 850 2179 935 προθυμίας

231 915 369 983 ὑμῶν
386 918 561 1001 μέγα·
596 915 660 970 ‘0
705 925 854 986 τιμῶν
901 918 992 1006 γὰρ
1044 919 1299 988 προφήτην
1347 923 1414 981 εἰς
1464 918 1616 985 ὄνομα
1663 917 1943 1006 προφήτου,
1993 916 2178 983 μισθὸν

230 984 486 1074 προφήτου
533 984 760 1074 λήψεται·
809 989 1052 1056 δηλονότιἿ
1102 991 1183 1042 καὶ
1233 989 1260 1042 6
1306 996 1454 1057 τιμῶν
1508 990 1701 1055 δέσμιον
1743 986 1906 1054 Ἰησοῦ
1962 991 2176 1056 Χριστοῦ

231 1054 484 1125 μαρτύρων
520 1056 728 1125 λήψεται
761 1057 959 1125 μισθόν.

367 1190 415 1234 X
492 1183 687 1234 Φίλωνα
732 1184 815 1235 καὶ
850 1186 999 1236 Γαΐον
1051 1184 1134 1235 καὶ
1159 1179 1503 1270 Ἀγαθόποδα,
1543 1184 1590 1233 o‘t
1640 1177 2047 1268 ἐπηκολούθησαν
2096 1202 2181 1265 μοι

230 1251 298 1311 εἰς
330 1249 473 1337 λόγον
513 1255 661 1315 Θεοῦ,
712 1245 929 1305 διάκονοι
968 1257 1181 1320 Χριστοῦ
1231 1251 1393 1314 όντες,
1444 1256 1599 1311 καλῶς
1650 1249 1906 1317 ἐποιήσατε
1950 1248 2179 1313 ὑποδεξά-

230 1340 367 1385 μενοι
404 1342 470 1382 ως
506 1321 764 1383 διακόνους
798 1327 1041 1410 Χριστοῦ·
1081 1326 1129 1373 οἰ
1164 1323 1245 1373 καὶ
1291 1319 1482 1407 σφόδρα
1532 1319 1863 1406 εὐχαριστοῦσι
1908 1325 1975 1371 τῶ
2012 1322 2180 1406 Κυρίῳ

230 1386 351 1458 ὕπερ
388 1387 551 1456 ὑμῶν,
589 1390 666 1442 ὅτι
702 1389 879 1454 αὐτους
915 1389 1209 1444 ἆνεπαύσατε
1244 1388 1362 1442 κατὰ
1396 1388 1552 1442 πάντα
1601 1388 1792 1476 τρόπον.
1870 1373 2028 1442 Οὐδὲν
2063 1387 2181 1456 ὑμῖν

229 1458 723 1543 παραλογισθήσεται,
779 1463 848 1513 ὠν
898 1463 966 1523 εἰς
1026 1459 1204 1521 αὐτοὺς
1265 1458 1539 1523 ἐποιήσατε·
1595 1457 1696 1547 δῴῃ
1750 1458 1864 1525 ’ὑμῖν
1912 1457 1941 1511 6
1961 1457 2180 1546 (Κύριος

230 1526 414 1612 εὑρεῖν
423 1530 550 1591 ε’λεος
583 1529 715 1598 παρὰ
734 1528 938 1618 Κυρίου
976 1531 1027 1582 ἐν
1065 1531 1221 1616 ἐκείνῃ
1250 1535 1325 1616 τῇ
1356 1527 1538 1614 ήμέρα.
1602 1513 1898 1595 Ἀντίψυχον
1943 1527 2081 1594 ’ὑμῶν
2124 1527 2179 1580 τὸ

227 1595 417 1664 πνεῦμά
450 1619 545 1664 μου
582 1599 663 1649 καὶ
698 1599 756 1651 τὰ
772 1597 938 1685 δεσμα
974 1619 1093 1666 μου,
1141 1598 1171 1649 ἃ
1208 1597 1296 1665 οὐχ
1338 1596 1758 1688 ὖπερηφανήσατει
1796 1597 1910 1649 οὐδὲ
1948 1596 2181 1670 ἐπησχύν-

228 1673 376 1733 θητε·
440 1666 516 1720 διὸ
579 1666 694 1720 οὐδὲ
755 1666 881 1736 ὖμᾶς
938 1668 1373 1735 ἐπαισχυνθήσεται
1417 1666 1450 1734 ἦ
1516 1670 1667 1719 τελεία
1718 1668 1874 1731 ἐλπὶς,
1916 1651 2104 1734 Ἰησοῦς
2153 1665 2182 1719 6

233 1734 456 1805 Χριστός.

371 1872 441 1917 XI.
512 1866 585 1915 Αἱ
629 1868 887 1960 προσευχαι
934 1864 1071 1932 ’ὑμῶν
1114 1864 1318 1950 ήγγισαν
1367 1866 1434 1925 εἰς
1468 1885 1557 1930 την
1592 1862 1874 1952 Ἀντιοχέων
1909 1866 2181 1952 ἐκκλησίαν,

225 1935 308 1985 καὶ
354 1931 688 2001 εἰρηνεύεται·1
734 1933 856 1986 όθεν
910 1935 1159 2020 δεδεμένος
1206 1954 1390 1994 παντας
1450 1931 1742 2000 ἀσπάζομαι,
1791 1931 1882 1985 οὐκ
1930 1955 1999 1985 ων
2051 1932 2184 1996 αξιος

226 2005 416 2055 ἐκεῖθεν
459 2003 662 2090 ἔσχατος
693 2001 852 2055 αὐτῶν
902 2002 994 2056 ῶν
1046 2002 1168 2055 κατὰ
1214 2003 1265 2054 δὲ
1300 2002 1488 2069 θέλημα
1541 2008 1628 2054 τοῦ
1670 2003 1822 2054 Θεοῦ
1858 2001 2183 2069 κατηξιώθην,

227 2071 318 2125 οὐκ
370 2073 423 2124 ἐκ
468 2070 784 2139 συνειδήσεως
830 2074 970 2140 ἐμῆς,
1017 2071 1126 2125 ἀλλ’
1169 2073 1220 2124 ἐκ
1259 2070 1448 2159 χάριτος
1486 2074 1638 2124 Θεοῦ·
1674 2094 1736 2139 ην
1772 2069 1970 2160 εὔχομαι
2002 2074 2185 2125 τελείαν

226 2163 308 2228 μοι
343 2143 624 2208 δοθῆναι,“’
612 2143 690 2194 ι’να
727 2143 778 2194 ἐν
812 2149 917 2203 ταῖς
951 2149 1239 2210 προσευχαῖς
1272 2139 1410 2208 ὑμῶν
1452 2143 1578 2193 Θεοῦ
1615 2140 1834 2208 ἐπιτύχω.
1893 2139 2067 2203 ““Ὀπως
2093 2136 2184 2194 οὖν

225 2209 363 2277 ὑμῶν
398 2209 451 2263 τὸ
483 2213 622 2298 ε’ργον
657 2213 833 2264 τέλειον
867 2212 1059 2281 γένηται
1096 2213 1176 2264 ἐπι
1209 2217 1296 2278 τῆς
1330 2217 1420 2280 γῆς
1455 2211 1537 2262 καὶ
1570 2212 1622 2263 ἐν
1655 2216 1722 2283 τῷ
1759 2210 1976 2296 ουρανῷ,
2013 2211 2186 2282 πρέπει

227 2283 295 2342 εἰς
336 2283 463 2332 Θεοῦ
507 2279 672 2349 τιμὴν,
722 2288 1048 2351 χειροτονῆσαι
1101 2280 1188 2349 τὴν
1226 2282 1482 2347 ἐκκλησίαν
1515 2278 1653 2348 ὑμῶν
1686 2266 2080 2365 θεοπρεσβύτην,
2117 2283 2184 2343 εἰς

225 2349 278 2402 τὸ
315 2348 572 2435 γενόμενον
614 2351 664 2402 ἐν
700 2353 861 2421 Συρία
898 2357 1192 2439 συγχαρηναι
1228 2349 1419 2413 αὐτοῖς,
1457 2349 1527 2402 ότι
1580 2349 1908 2417 εἰρηνεύουσι,
1954 2351 2036 2402 καὶ
2071 2348 2182 2403 ἀπέ-

225 2422 375 2485 λαβον
409 2417 461 2470 τὸ
496 2421 623 2470 ἰ’διον
639 2420 892 2504 μέγεθος,
932 2421 1015 2472 καὶ
1051 2420 1416 2485 ἆπεκατεσταθη
1455 2418 1618 2481 αὐτοῖς
1652 2418 1705 2471 τὸ
1751 2421 1879 2472 ἰ’διον
1926 2417 2180 2486 σωμάτιον.

211 2487 280 2540 ‘O
317 2485 473 2554 ἐφάνη
504 2509 587 2554 μοι
622 2486 770 2553 ἄξιον,
807 2494 948 2541 τοῦτο
985 2491 1125 2554 ἐστὶν,
1163 2489 1282 2540 ὥστε
1317 2489 1505 2575 πέμψαι
1539 2508 1648 2540 τινα
1681 2494 1778 2540 τῶν
1814 2486 2051 2578 ὑμετέρων
2071 2487 2177 2555 μετ’

227 2558 507 2624 ἐπιστολῆς,
554 2558 637 2608 ίνα
689 2558 981 2644 συνδοξοῖση3
1014 2557 1115 2643 τὴν
1160 2556 1281 2610 κατὰ
1322 2555 1448 2609 Θεὸν
1484 2557 1649 2619 αυτοῖς
1682 2559 1943 2627 γενομένην
1979 2557 2183 2618 εὐδίαν,4

226 2628 308 2678 καὶ
343 2625 419 2678 ’ότι
453 2626 641 2692 λιμένος
677 2624 884 2695 εὐόρμου
920 2626 1168 2694 τετύχηκα,
1209 2632 1438 2695 Χριστοῦ,
1476 2625 1558 2678 δια
1593 2632 1689 2679 τῶν
1723 2633 2001 2715 προσευχῶν
2025 2625 2179 2695 ὑμῶν.

235 2697 413 2748 Τέλειοι
447 2693 605 2759 ὄντες,
643 2696 795 2748 τέλεια
828 2698 912 2750 καὶ
944 2703 1190 2784 φρονεῖτε·
1228 2696 1429 2749 θέλουσι
1461 2694 1553 2766 γὰρ
1588 2694 1704 2764 ὑμῖν
1740 2717 1794 2750 ευ
1827 2696 2064 2766 πράττειν,
2101 2698 2184 2750 καὶ

227 2763 255 2817 6
301 2763 424 2827 Θεὸς
459 2762 647 2833 ε’τοιμός
681 2765 826 2819 ἐστιν5
864 2768 932 2828 είς
965 2765 1019 2819 τὸ
1050 2773 1321 2835 παρασχεῖν

1318 2999 1364 3052 2)
1397 2998 1516 3041 κατὰ
1555 3001 1739 3052 θέληιια
1770 3015 1807 3053 p.
1842 2999 1962 3043 κατὰ
2006 3000 2060 3044 δὲ
2099 3004 2182 3044 θέ-

313 3002 357 3055 5)
386 3003 487 3043 Dedi
519 3000 625 3044 κατ’
667 3001 747 3061 ἐμὲ
774 3016 814 3055 p.
837 2997 960 3043 καθό
989 3013 1050 3059 με
1072 3002 1174 3052 vulg·
1233 3057 1357 3113 λημα
1389 3058 1470 3098 τοῦ
1500 3059 1614 3098 θεοῦ
1644 3058 1672 3096 Β
1692 3058 1782 3097 OV-
1825 3058 1953 3098 Etiam
1969 3058 2095 3099 Codd.
2107 3059 2178 3100 CI

230 3061 270 3100 {n
300 3061 327 3099 B
348 3060 377 3098 F
401 3059 431 3098 O
466 3056 594 3100 καθά
622 3073 698 3115 με,
727 3061 755 3099 V
785 3053 949 3115 καθαμ
955 3071 974 3099 ε
1006 3058 1118 3110 (sic),

315 3115 425 3171 6)μ
430 3127 449 3156 ε
480 3116 572 3156 add.
603 3117 691 3157 OV.

311 3169 358 3222 7)
389 3129 612 3223 δηλονότι
653 3172 682 3212 F
709 3172 739 3212 Ο
764 3171 818 3222 V,
861 3167 1003 3222 δῆλον
1041 3169 1115 3211 ὅτι
1146 3170 1174 3208 Β

229 3228 345 3277 vulg.
378 3240 440 3278 ap.
472 3227 655 3267 Vossium
699 3241 732 3268 c.
762 3227 876 3279 signo
910 3226 1175 3267 distinctionis

229 3283 412 3323 minimae
441 3283 694 3335 interposito.

314 3364 409 3430 Cap.
426 3366 469 3406 X.
505 3362 956 3423 1)ὑπεραφανησατε
976 3367 1017 3415 Β,
1032 3363 1175 3418 ὑπερ-

228 3416 662 3571 ἕὲίῗέξῧῖἕξίεοαὲε
677 3419 1176 3532 ..Vssffzssssffissmss‘ii

231 3545 296 3571 scr
370 3563 379 3572 .

320 3614 413 3666 Cap.
442 3617 502 3657 XI.
564 3615 605 3669 1)
637 3613 896 3673 εἰρηνεύετε
926 3619 957 3659 Ο
978 3618 1021 3658 V.

1232 3114 1457 3153 breviorem
1489 3113 1766 3154 recensionem
1808 3114 2036 3155 exhibentes
2067 3127 2178 3156 voce.

1234 3170 1316 3211 τοῦ
1346 3170 1460 3210 θεοῦ
1489 3169 1716 3219 repudiant

1319 3225 1363 3275 3)
1396 3220 1672 3271 συνδοξάσει
1708 3224 1912 3276 0V,i11ic
1942 3230 2178 3265 correctum.

1314 3279 1358 3330 4)
1394 3278 1582 3322 εὐδείαν
1613 3280 1702 3320 OV.

1317 3335 1360 3386 5)
1396 3334 1608 3391 ἑτοίμους
1659 3349 1701 3387 p.
1742 3334 1768 3376 ὁ
1826 3332 1942 3381 Θεὸς
1994 3332 2180 3404 ἕτοιμός

1232 3388 1361 3432 ἔστιν
1391 3391 1422 3430 O
1447 3392 1489 3440 V,
1520 3392 1560 3430 in
1590 3391 1661 3431 illo
1692 3389 1717 3431 ὁ
1753 3388 1869 3437 Θεὸς
1898 3389 2085 3448 ἑτοιμὸς
2113 3393 2179 3438 εἰς

1231 3447 1270 3486 in
1300 3459 1423 3497 marg.
1453 3447 1581 3486 Etiam
1609 3447 1649 3486 in
1679 3447 1708 3486 B
1740 3445 1869 3488 ἔστιν
1900 3447 2024 3488 deest.

1321 3556 1388 3609 11)
1419 3557 1686 3598 Sacerdotium
1717 3563 1774 3598 est
1806 3571 1952 3599 summa
1970 3559 2069 3612 Pal„
2100 3560 2175 3601 Sa-

1233 3614 1446 3655 cerdotium
1480 3613 1581 3652 enim
1617 3627 1766 3654 summa
1801 3612 1897 3665 Reg.
