2340 3900
526 185 735 236 tolum
769 183 1039 233 EPISTOLA
1069 187 1140 235 Al)
1176 186 1529 235 summos,
1581 185 1654 234 111.
1690 183 1762 235 w.
1799 185 1848 233 V.
2057 181 2155 234 189

486 324 565 373 111.
634 325 842 374 aristus
877 332 919 373 ct
945 332 1050 387 post
1084 329 1461 375 resurrectionem
1493 327 1548 375 in
1581 340 1725 375 came
1757 325 1862 388 suit-

333 425 430 486 Bgo
466 423 586 471 enim
619 422 732 479 scio,
769 429 816 469 et
850 428 959 484 post
979 424 1367 471 resurrectionem
1392 438 1496 472 eum
1520 425 1567 471 in
1595 437 1732 472 carue
1755 423 1916 481 fuisse,
1951 428 1998 469 et
2015 421 2156 469 credo

198 510 302 542 eum
336 493 485 540 adhuc
518 493 567 539 in
601 505 740 539 carne
775 505 895 541 esse.
966 491 1022 538 Et
1056 492 1238 556 quando
1275 494 1332 540 ad
1369 493 1553 541 Petrum
1600 501 1645 541 et
1689 494 1844 542 socios
1887 492 1988 540 eius
2020 491 2156 550 venit,

196 565 266 625 eis
300 561 434 609 dixit:
469 560 833 623 ,apprehendite‚
870 561 1049 623 palpate
1085 575 1177 618 me,
1215 569 1260 609 et
1298 563 1461 619 videte,
1498 563 1623 624 quod
1645 577 1736 610 non
1760 563 1844 611 sim
1869 562 2157 610 daemonium

196 629 512 693 incorporale!
585 630 642 678 Et
676 629 917 678 confestim
952 631 1101 693 ipsum
1137 631 1387 692 tetigerunt
1422 639 1468 678 et
1517 632 1835 691 crediderunt,
1884 631 2011 679 mixti
2048 630 2156 678 'eius

194 701 321 751 carni
357 707 405 748 et
437 701 634 763 spiritui.
704 700 904 761 Propter
950 700 1040 747 hoc
1087 701 1221 746 etiam
1259 707 1453 747 mortem
1489 708 1854 761 contemserunt,
1901 708 1948 750 et
1991 700 2154 750 mortis

197 777 305 819 sunt
337 770 504 817 inventi
538 771 755 817 victores.
823 768 937 817 Post
971 770 1357 816 resurrectionem
1404 777 1554 817 autem
1602 785 1706 817 cum
1750 771 1839 819 illis
1875 770 2076 820 comedit
2112 775 2159 817 et

196 840 322 895 bibit,
360 848 412 887 ut
447 839 656 898 carnaliS,
695 839 899 901 quamvis
938 839 1237 901 spiritualiter
1274 840 1428 886 unitus
1465 847 1591 887 esset
1628 840 1764 888 Patri.

331 962 449 1012 *nt
520 965 616 1028 Ego
653 965 775 1013 enim
813 966 948 1012 etiam
983 972 1090 1027 post
1124 965 1510 1012 resurrectionem
1563 965 1608 1011 in
1655 979 1793 1012 carne
1843 966 1991 1027 ipsum
2038 965 2156 1023 novi,

195 1045 243 1084 et
276 1049 382 1083 esse
418 1035 586 1083 credo:
624 1035 799 1083 etenim
838 1034 1021 1096 quando
1059 1035 1114 1082 ad
1128 1035 1310 1082 Petrum
1352 1034 1598 1096 sociosque
1633 1035 1731 1081 eius
1768 1036 1904 1092 venit,
1931 1035 1993 1082 ait
2018 1035 2154 1097 ipsis:

197 1106 439 1167 Accipite,
492 1105 673 1167 palpate
723 1119 828 1162 me,
877 1110 926 1152 et
969 1103 1139 1162 videte,
1200 1105 1325 1166 quod
1374 1118 1467 1151 non
1517 1118 1616 1151 sum
1666 1104 1955 1165 daemonium
2008 1105 2157 1151 incor-

194 1172 414 1238 poreum.‘
478 1174 533 1222 Et
567 1176 717 1222 statim
753 1189 858 1222 eum
894 1179 1239 1223 contrectarunt
1275 1181 1321 1221 et
1367 1173 1690 1232 crediderunt,
1738 1174 1863 1221 mixti
1897 1175 1996 1222 eius
2034 1174 2159 1221 carni

193 1250 243 1292 et
274 1245 469 1308 spiritui.
539 1244 828 1307 Quapropter
872 1250 918 1292 et
962 1251 1156 1292 mortem
1203 1250 1603 1306 contempserunt3
1656 1258 1760 1291 nam
1797 1246 1933 1292 morti
1984 1243 2160 1306 superi-

195 1329 302 1363 ores
344 1315 515 1363 inventi
563 1314 761 1362 fuerunt.
831 1314 943 1362 Post
987 1315 1374 1363 resurrectionem
1421 1328 1531 1362 vero
1580 1329 1684 1362 cum
1734 1315 1846 1377 ipsis
1882 1314 2082 1363 comedit
2116 1319 2163 1360 et

195 1383 310 1433 bibit
343 1391 557 1448 tanquam
594 1384 816 1444 carnalis,
852 1384 960 1432 licet
996 1384 1244 1447 spiritualis
1281 1385 1436 1433 unitus
1469 1391 1595 1433 esset
1628 1399 1732 1432 cum
1766 1384 1913 1431 Patre.

199 1510 270 1559 w.
337 1512 501 1562 Cavete
546 1513 678 1561 vobis
721 1512 782 1561 ab
826 1511 1073 1559 haereticis
1107 1513 1223 1560 istis.
1294 1512 1400 1561 Nisi
1432 1511 1641 1560 Christus
1683 1525 1792 1559 vere
1819 1524 1995 1573 passus
2031 1517 2160 1566 esset,

963 1609 1048 1642 nec
1083 1609 1166 1657 eqo
1195 1602 1398 1658 paterer.

334 1692 396 1739 De
430 1692 503 1740 his
537 1699 688 1741 autem
719 1693 943 1742 admoneo
980 1707 1087 1752 νος,
1138 1693 1422 1751 charissimi,
1469 1694 1671 1756 quamvis
1706 1706 1787 1740 vos
1834 1692 1957 1740 idem
1994 1692 2164 1740 sentire

198 1763 351 1809 sciam.
422 1761 514 1810 Sed
551 1764 820 1825 praemunio
855 1778 938 1811 vos
977 1771 1134 1811 contra
1173 1763 1318 1822 seraS,
1364 1764 1560 1812 humana
1594 1763 1749 1826 specie
1785 1763 1991 1821 indutas,
2045 1775 2163 1823 quos

195 1845 288 1879 non
327 1831 474 1879 solum
510 1839 696 1895 oportet
727 1847 810 1881 vos
845 1847 938 1881 non
974 1835 1197 1897 recipere,
1234 1834 1331 1891 sed,
1369 1835 1408 1881 si
1444 1833 1668 1897 possibile
1694 1840 1778 1891 est,
1815 1847 1966 1894 neque
1990 1832 2163 1880 obviam

198 1902 266 1948 eis
304 1900 430 1959 fieri,
481 1902 628 1951 solum
662 1917 773 1951 vero
808 1918 895 1965 pro
931 1905 999 1952 eis
1038 1919 1197 1962 orare,
1247 1918 1357 1951 num
1404 1904 1599 1966 aliquam
1650 1904 1977 1965 poenitentiam
2015 1908 2164 1963 agant,

201 1970 325 2032 quod
362 1971 606 2019 admodum
642 1971 827 2020 difficile
863 1981 950 2021 est.
1022 1974 1166 2021 Huius
1203 1980 1352 2020 autem
1387 1980 1659 2035 potestatem
1695 1972 1835 2020 habet
1871 1971 2000 2019 Iesus
2038 1971 2163 2017 Chri·

200 2047 315 2097 stus,
352 2041 431 2101 qui
465 2054 573 2088 vera
607 2049 681 2089 est
713 2042 804 2088 vita
837 2050 1007 2090 nostra.
1079 2041 1127 2089 Si
1164 2049 1312 2090 autem
1349 2043 1460 2090 illud
1497 2043 1553 2090 ad
1589 2043 1900 2105 apparentiam
1937 2047 2110 2089 tantum
2138 2054 2162 2087 a

200 2108 389 2156 Domino
425 2117 586 2157 nostro
621 2117 853 2172 peractum
891 2119 974 2171 est,
1011 2119 1057 2159 et
1092 2126 1179 2174 ego
1217 2112 1273 2159 ad
1309 2113 1616 2175 apparentiam
1652 2118 1825 2159 tantum
1846 2111 2024 2173 vinctus
2046 2124 2161 2158 sum.

202 2178 293 2225 Cur
325 2191 435 2226 vero
471 2186 518 2226 et
550 2180 775 2242 meipsum
811 2181 977 2229 tradidi
1013 2183 1163 2238 morti,
1202 2182 1256 2228 ad
1292 2182 1467 2244 ignem,
1519 2182 1576 2229 ad
1612 2181 1824 2245 gladium,
1859 2181 1917 2229 ad
1952 2179 2162 2228 bestias?

203 2246 383 2304 verm,
419 2249 498 2310 qui
533 2263 680 2312 prope
715 2249 931 2312 gladium,
965 2266 1109 2314 prope
1150 2251 1289 2298 Deum
1326 2259 1421 2309 est,
1458 2252 1538 2314 qui
1575 2266 1678 2299 cum
1716 2252 1891 2308 bestiis,
1930 2264 2033 2298 cum
2069 2250 2163 2298 Deo

201 2324 296 2374 αις
345 2318 591 2366 dummodo
643 2319 703 2367 sit
749 2321 795 2367 in
847 2322 1030 2369 nomine
1065 2321 1166 2369 lesu
1204 2319 1385 2368 Christi.
1459 2320 1514 2368 Ut
1558 2321 1693 2368 simul
1750 2335 1853 2368 cum
1889 2320 1969 2367 illo
2006 2319 2164 2382 patiar,

201 2387 351 2434 omnia
385 2388 606 2445 sustineo,
643 2389 746 2451 ipso
783 2389 1030 2438 roborante
1065 2405 1150 2449 me,
1187 2391 1265 2452 qui
1302 2390 1534 2453 perfectus
1573 2391 1710 2439 homo
1747 2390 1893 2438 factus
1930 2396 2017 2437 est.

338 2509 446 2559 ‘m
515 2513 578 2562 De
624 2514 696 2561 his
746 2522 897 2563 autem
941 2530 1212 2565 commoneo
1259 2531 1354 2574 vos,
1392 2517 1639 2574 carissimi,
1693 2517 1844 2564 sciens
1893 2522 1940 2563 et
1970 2515 2065 2563 'vos
2102 2515 2164 2562 ita

198 2583 393 2631 sentire:
438 2583 524 2631 sed
558 2585 826 2646 praemunio
864 2599 944 2634 vos
983 2593 1142 2635 contra
1178 2586 1299 2634 feras
1337 2586 1578 2634 humanam
1613 2586 1805 2634 formam
1837 2599 1949 2648 prae
2001 2600 2053 2634 se
2099 2585 2163 2633 fe·

199 2660 369 2711 rentes,
403 2666 519 2715 quas
553 2667 636 2701 vos
671 2667 763 2703 non
793 2654 932 2704 modo
970 2669 1061 2703 non
1099 2656 1351 2718 suscipere,
1388 2657 1470 2704 sed
1500 2670 1743 2705 occursum
1782 2669 1967 2718 quoque
1993 2669 2164 2712 earum,

197 2722 239 2770 si
274 2721 377 2771 fleri
411 2728 587 2785 potest,
623 2724 764 2773 vitare
800 2725 962 2783 decet3
1016 2725 1256 2788 solumque
1295 2741 1380 2788 pro
1418 2727 1475 2774 iis
1514 2740 1671 2784 orare,
1712 2726 1752 2774 si
1790 2726 1974 2788 quando
2007 2725 2164 2788 poeni·

197 2793 340 2840 tentia
384 2791 635 2852 ducantur,
684 2794 812 2858 qnod
857 2794 1044 2844 difficile
1092 2803 1177 2845 est.
1251 2795 1368 2844 lllud
1404 2810 1513 2845 vero
1551 2797 1598 2843 in
1634 2810 1718 2844 sua
1753 2801 1977 2859 potestate
2017 2795 2164 2843 solum

198 2860 336 2910 babet
369 2860 499 2910 lesus
528 2861 750 2919 Christus,
787 2879 892 2914 vera
924 2873 1084 2914 nostra
1120 2867 1222 2914 vita.
1296 2866 1345 2914 Si
1381 2867 1500 2914 enim
1539 2866 1636 2914 sola
1672 2866 1888 2927 opinione
1925 2865 2014 2912 ista
2047 2864 2166 2912 sacta

199 2929 327 2978 inere
363 2943 390 2977 a
428 2929 617 2979 Domino
652 2940 839 2991 nostro,
876 2941 925 2982 et
958 2948 1045 2997 ego
1085 2936 1303 2998 opinione
1341 2935 1488 2984 solum
1525 2937 1703 2983 vinctus
1741 2949 1856 2983 sum.
1929 2934 2020 2982 Cur
2055 2947 2164 2982 vero

201 2999 425 3061 meipsum
453 3000 590 3047 morti
625 3000 792 3060 obtuli,
827 3002 884 3049 ad
921 3003 1100 3066 ignem,
1136 3005 1194 3052 ad
1243 3005 1467 3068 gladium,
1516 3006 1571 3053 ad
1627 3005 1778 3052 seras?
1847 3002 1939 3051 Sed
1987 3003 2164 3051 vicinus

202 3066 379 3129 gladio,
413 3068 589 3116 vicinus
625 3067 748 3129 Βοῦς
802 3077 961 3134 septus
990 3072 1129 3131 teris,
1167 3081 1325 3137 septus
1362 3075 1482 3123 Deo:
1536 3082 1708 3123 tantum
1746 3075 1790 3121 in
1840 3072 2021 3120 nomine
2058 3071 2164 3120 lesu

201 3135 394 3195 Christi,
434 3144 485 3186 nt
516 3137 604 3200 ipsi
639 3140 905 3203 compatiar.
978 3141 1136 3190 Omnia
1171 3144 1404 3204 sustineo,
1443 3146 1545 3209 ipso
1595 3159 1668 3193 me
1719 3142 2036 3203 confortante,
2086 3143 2163 3204 qui

199 3205 431 3268 perlectus
466 3206 605 3257 bomo
639 3215 772 3258 natus
805 3217 893 3259 est.

719 3335 766 3382 V.
836 3336 1104 3385 Metulum
1141 3338 1315 3386 errores
1348 3339 1645 3389 Docetarum.

340 3428 451 3479 Eum
482 3429 612 3479 stulti
655 3432 840 3495 quidam
876 3432 1126 3496 abnegant,
1174 3435 1327 3495 potius
1364 3442 1514 3485 sutem
1550 3438 1606 3486 ab
1643 3451 1698 3485 eo
1736 3434 2044 3499 abnegantur,
2086 3448 2163 3498 pa·

205 3498 326 3545 troni
359 3500 522 3548 mortis
555 3501 724 3564 magis,
771 3516 905 3565 qnam
940 3504 1171 3561 veritatis;
1221 3502 1387 3565 quibus
1434 3519 1518 3554 nec
1558 3506 1827 3570 prophetiae
1875 3517 2164 3567 persuasere,

206 3676 216 3684 .
341 3603 430 3655 ⁸V·
497 3609 640 3668 Quem
675 3613 882 3662 nonnulli
918 3615 1180 3677 ignorantes
1216 3622 1406 3676 negant,
1443 3616 1510 3664 vel
1563 3617 1715 3678 potius
1759 3616 1911 3680 negati
1958 3622 2065 3664 sunt
2110 3616 2166 3664 ab

204 3689 329 3738 ipso,
365 3690 468 3726 cnm
507 3678 599 3729 sint
630 3684 811 3745 patroni
846 3684 1007 3733 mortis
1045 3684 1225 3746 potius,
1265 3698 1398 3746 quam
1432 3685 1647 3744 veritatis,
1685 3698 1802 3749 quos
1839 3698 1926 3736 nec
1962 3684 2166 3750 Prophe·
