2340 3900
202 214 301 264 660

202 409 439 464 ἐραπίσθη
470 408 529 462 (et
558 404 608 464 ἐρ
611 355 740 464 ραρπ.)
771 408 866 448 236.
898 415 980 449 not.
1014 409 1077 450 16.

199 465 337 522 ῥαχίη
369 464 567 534 (ῥαχίηλ,
583 421 751 521 ρρραχίλ)
786 465 848 504 14.
882 471 964 505 not.
1001 464 1067 505 25.

201 519 428 590 ῥαψωδὸς
457 521 554 562 328.

201 575 370 636 ρεμβὸς
398 577 495 618 310.
540 572 701 633 ῥεμβοὶ
733 573 829 615 282.

201 629 548 696 ῥιψοκινδύνως
578 631 645 671 60.

662 722 702 752 0¹.

205 779 436 837 σάββατον
462 781 585 839 μέγα
615 781 712 822 396.

204 838 504 905 σαββατίζειν
529 837 618 878 146.
653 835 748 876 248.

204 894 257 936 τὸ
287 891 422 960 ἅγιον
451 891 594 934 αὐτοῦ
627 891 819 946 σαρκίον
851 890 946 931 402.

205 946 496 1017 σαρκοφόρος
532 949 622 989 190.
652 948 751 1012 294.

202 1003 227 1047 ὁ
271 1007 478 1051 σατανᾶς
518 1005 613 1045 256.
668 996 822 1059 ἅρχων
863 1001 1026 1058 καιροῦ
1077 1002 1154 1054 τῆς

260 1059 468 1126 ἀνομίας
487 1060 552 1100 38.

203 1113 286 1159 ἐὰν
315 1111 584 1167 σιωπήσητε
616 1111 706 1154 ἀπ’
741 1110 854 1177 ἐμοῦ
889 1112 979 1153 166.

203 1169 254 1214 ἓν
284 1174 348 1225 τῷ
380 1169 507 1224 αὐτῳ
539 1169 682 1226 ἐσμὲν
713 1163 958 1224 σκάμματι
990 1168 1057 1208 54.

206 1230 368 1274 σκεῦος
390 1226 591 1293 ἐκλογῆς
599 1226 695 1266 332.
728 1225 890 1270 σκεῦος
914 1225 994 1264 τοῦ
1017 1219 1160 1266 πνεύ-

244 1297 409 1352 ματος
439 1283 504 1323 26.
545 1279 598 1322 τὸ
628 1278 772 1322 καλὸν
802 1280 964 1324 σκεῦος
992 1279 1060 1319 44.

207 1338 260 1380 τὸ
304 1340 540 1405 σκῆπτρον
578 1339 674 1403 τῆς
704 1330 1083 1404 μεγαλωσύνης
1079 1335 1160 1376 τοῦ

262 1397 378 1436 θεοῦ
407 1391 431 1434 6
467 1389 622 1450 κύριος
652 1389 787 1449 ἡμων
832 1393 1044 1448 Χριστος
1072 1389 1161 1444 Ἰη-

268 1452 378 1496 σοῦς
406 1450 472 1490 62.

209 1504 501 1570 ἐσκοτωμένη
534 1499 721 1546 διάνοια
752 1503 818 1543 82.

210 1555 498 1626 σκυθρωπόν
528 1573 573 1600 τι
603 1555 805 1612 πάσχειν
833 1557 927 1598 356.

211 1611 450 1673 σμικρύνω
480 1616 576 1656 234.

211 1671 461 1712 σπαταλᾶν
489 1671 556 1710 22.
587 1671 682 1711 310.

210 1726 562 1777 &novdt-o‘fifqvca
592 1727 690 1778 θεῷ
725 1725 814 1765 166.

211 1779 334 1835 ἔχειν
362 1778 412 1822 ἒν
443 1781 652 1836 στέρνοις
681 1780 776 1819 210.

213 1836 377 1888 στῆλαι
403 1834 480 1876 καὶ
512 1831 654 1890 τάφοι
684 1834 863 1890 νεκρῶν
896 1832 988 1873 178.

213 1851 480 1939 στασιάζειι
511 1891 576 1931 88.
610 1890 678 1931 92.
708 1890 776 1930 94.
811 1889 1004 1929 96.100.
1053 1897 1166 1929 στα-

271 1943 388 1996 σιάζ.
419 1942 540 2000 πρός
570 1958 675 1987 τινα
705 1946 774 1986 50.

215 1999 381 2048 στάσις
411 2003 489 2042 καὶ
519 2003 699 2058 σχίσμα
730 2001 798 2042 48.

213 2057 266 2100 οὐ
298 2056 357 2099 τὰ
376 2056 558 2099 εστῶτα
596 2057 827 2115 στηρίζειν
856 2052 972 2097 ἀλλά
1003 2052 1060 2097 τὰ
1087 2056 1168 2095 πί-

271 2127 452 2156 πτοντα
486 2114 578 2155 108.

216 2172 421 2224 στοιχεῖν
455 2171 519 2224 τῷ
544 2165 662 2209 κατὰ
688 2165 739 2209 τὸ
764 2165 1032 2223 εὐαγγέλιον
1045 2162 1168 2222 λόγῳ

217 2280 661 2350 στραγγαλωθῆναι
671 2280 766 2320 230.

217 2336 437 2403 στυγητοὶ
468 2338 532 2389 τῷ
563 2337 661 2390 θεῷ
696 2336 762 2376 80.

216 2390 240 2432 6
272 2395 353 2432 τοῦ
384 2393 595 2458 Χριστοῦ
628 2376 918 2447 στρατιώτης
950 2390 1044 2431 208.

219 2447 459 2515 στωμυλία
489 2444 642 2514 λόγων
672 2447 768 2487 372.

219 2500 273 2543 τὸ
315 2500 590 2556 συγγενικὸν
621 2499 756 2558 ἔργον
783 2501 879 2541 320.

221 2559 572 2612 συγγνωμονεῖν
636 2558 726 2597 156.
797 2555 1176 2622 συγγνωμονεΐτέ

274 2627 357 2669 μοι
380 2613 475 2652 344.
503 2607 785 2680 συγγνώμην
814 2625 897 2667 μοι
919 2609 1046 2665 ἔχετε
1073 2611 1192 2651 344.

221 2669 506 2734 συγκοπιᾶτε
539 2663 749 2718 ἀλλήλοις
783 2669 878 2707 202.

221 2720 531 2788 συγκοινωνὸς
561 2724 657 2763 404.

222 2780 266 2820 εἴ
292 2774 397 2820 τινά
423 2792 515 2833 μου
541 2791 600 2832 γν
637 2792 728 2834 μης
765 2774 1022 2834 λαμβάνετε
1058 2786 1170 2832 συμ-

273 2834 463 2885 βουλίαν
492 2836 559 2873 44.

222 2889 430 2955 συγχέων
459 2901 541 2940 την
571 2886 785 2935 εὐταξίαν
818 2889 913 2930 296.

223 2941 498 3009 συμμύσται
527 2939 721 2985 Παύλου
757 2945 846 2984 130.
876 2944 972 2984 332.

223 3003 305 3041 τοῦ
349 2995 626 3056 σύμπαντος
664 2996 844 3067 κόσμου
885 3000 951 3040 66.
995 2995 1020 3038 6
1053 2996 1148 3054 σύμ

279 3068 374 3101 πας
405 3057 500 3096 τῶν
530 3058 787 3110 προφητῶν
810 3056 954 3112 χόρος
985 3055 1078 3095 286.

224 3112 611 3176 συμπαρεκτείνω
643 3112 737 3151 222.

225 3165 504 3234 συμπλοκαὶ
521 3178 669 3219 αναγι
672 3181 715 3206 οι
747 3168 814 3207 76.

223 3219 391 3263 εαυτὸν
447 3217 693 3290 σύμφυτον
745 3223 923 3263 θέσθαι
972 3222 1061 3287 τῷ

281 3271 492 3318 θανάτου
533 3275 674 3318 αὐτοῦ
716 3276 761 3329 (i.
801 3291 835 3318 e.
868 3277 978 3328 Chr.)
1041 3273 1175 3332 ὁμοι-

283 3328 437 3397 ώματι
467 3332 562 3371 352.

226 3383 763 3483 5353323'7‘201250‘st‘v0vf
791 3388 859 3428 22

229 3495 646 3537 συνδιδασκαλῖται
683 3498 772 3538 122.

229 3549 517 3619 συνδραιιεῖν
547 3553 613 3598 εἰς
644 3548 839 3605 ενότητα
865 3554 945 3594 τοῦ
955 3551 1180 3618 Χριστοῦ

284 3607 360 3645 καὶ
390 3589 664 3663 συνεδρείαν
693 3610 774 3648 τοῦ
798 3603 1062 3649 ἐπισκόπου
1086 3606 1179 3647 286.

884 209 1049 256 ΙΝΒΕΧ
1085 207 1462 255 GRAECITATIS.

1199 335 1506 404 συνεδρευτὴς
1537 338 1631 380 232.

1199 392 1283 440 τὰς
1313 389 1602 441 συνελεύσεις
1632 395 1878 435 ποιεῖσθαι
1908 392 1976 434 68.

1200 448 1508 492 συνεπελθεῖν
1537 450 1632 492 396.

1201 508 1626 564 συνεπιμαρτυρεῖν
1653 507 1718 547 70.

1201 559 1577 616 συνευριθμίζειν
1613 562 1704 602 174.

1201 618 1400 713 zm?
1400 614 1977 714 ἕέΐιὶνῖἱῶῷεὶὐῖζγῑῗζῖρ
2008 611 2100 654 ¹⁷⁸

1202 727 1533 795 συνομολογεῖν
1559 728 1655 768 354.
1660 687 1696 729 μ

1201 780 1253 824 τὸ
1285 779 1509 826 σύντονον
1543 784 1619 836 τῆς
1650 781 1873 848 ἀληθείας
1903 783 1998 824 206.

1202 839 1470 896 συντρέχειν
1501 840 1556 895 τῇ
1585 836 1751 896 γνώμῃ
1785 840 1879 884 122
1909 839 2008 880 322.

1202 895 1425 960 συντυχία
1452 883 1548 934 214.

1201 945 1443 1047 σύξὸϊόῃμον
1475 941 1583 1006 ἆραι
1613 950 1695 1000 τῆς
1730 944 2030 993 ἀναστάσεως
2063 949 2153 990 186.

1204 1058 1455 1105 συστάσεις
1484 1056 1754 1126 ἀρχοντικαὶ
1786 1059 1879 1100 156.

1203 1114 1255 1157 τὸ
1291 1111 1509 1183 σύστημα
1541 1115 1638 1156 τῶν
1673 1116 1975 1172 Χριστιανῶν
2003 1115 2098 1157 208.

1204 1172 1411 1226 σχίζοντι
1443 1168 1720 1212 ἀκολουθεῖν
1756 1171 1849 1212 176.

1205 1228 1470 1295 σωματεῖον
1501 1225 1593 1266 194.
1636 1222 1878 1294 σωμάτιον
1905 1226 2003 1269 298.

1205 1281 1256 1324 τὸ
1279 1277 1506 1340 σωτήριον
1525 1278 1660 1337 ἡμῶν
1672 1279 1851 1335 Ἰησοῦς
1867 1280 2079 1340 Χριστὸς
2089 1284 2156 1327 82.

1666 1384 1704 1413 t.

1206 1447 1692 1570 ξὲἔιῖνὲἵὲἕέιετξὶζηὸςο
1700 1446 1790 1543 122
1811 1447 1888 1546 313
1908 1503 2046 1547 τέκνα
2079 1505 2160 1558 τῆς

1263 1556 1499 1604 ἀπωλείας
1527 1558 1622 1599 248.

1207 1613 1320 1666 τέθη
1325 1627 1384 1654 κα
1411 1614 1479 1654 32.
1509 1620 1592 1654 not.
1627 1614 1691 1654 17.

1208 1628 1379 1716 τέλεηιος
1409 1666 1527 1710 κατὰ
1556 1669 1723 1711 πίστιν
1757 1669 1849 1713 100.

1207 1721 1439 1777 τελειότης
1469 1722 1812 1782 ἀνυπέρβλητος
1845 1725 1935 1767 100.

1207 1781 1513 1844 τελειωθῆναι
1542 1780 1611 1832 (de
1644 1779 1792 1832 morte)
1824 1780 1918 1821 230.

1209 1831 1272 1879 ῶς
1302 1829 1368 1875 ῶν
1398 1849 1469 1880 τις
1502 1835 1594 1875 122.

1204 1887 1612 1993 ἸηῖοῦςῙΧριστὸς
1644 1888 1696 1931 τὸ
1727 1888 2001 1948 ἀδιάκριτον
2031 1889 2163 1950 ἡμῶν

1289 1957 1345 1997 ην
1405 1946 1457 1985 22

1210 1997 1264 2040 τὸ
1295 2000 1443 2097 τέρμα
1477 2001 1559 2053 τῆς
1588 1997 1770 2048 δύσεως
1798 2002 1865 2043 52.

1212 2069 1346 2098 τοκετ
1378 2071 1400 2103 ς
1407 2056 1622 2123 (lucrum)
1660 2058 1751 2098 170.

1212 2108 1514 2210 ἷξὲἔθῖῧῗέἴ
1527 2113 1767 2224 ἕξοι...
1796 2170 1888 2213 156

1213 2220 1359 2267 πάλιν
1388 2221 1478 2265 ἔσω
1521 2238 1568 2264 αι
1601 2225 1779 2280 τρέχων
1818 2227 1918 2268 340.
1975 2224 2059 2269 οὐκ
2099 2228 2167 2274 εἰς

1269 2277 1406 2322 κενὸν
1431 2238 1656 2337 ἔὸμαμονρ
1669 2282 1765 2323 366.
1795 2281 1891 2324 375.
1921 2282 2017 2324 387.

1213 2331 1488 2402 τριώνυμος
1503 2337 1598 2377 266.

1215 2387 1365 2434 τύπον
1406 2393 1489 2433 τοῦ
1513 2389 1666 2444 Ἰησοῦ
1703 2390 1856 2439 δεῖξαι
1887 2393 1954 2436 28.
2013 2397 2169 2438 ποιεῖν

1270 2442 1422 2489 τύπον
1452 2449 1654 2503 σταυροῦ
1684 2449 1751 2489 28.

1213 2505 1327 2544 θεοῦ
1365 2506 1523 2557 τυχεῖν
1551 2503 1646 2544 328.
1688 2499 1864 2559 βλάβην
1893 2502 1947 2548 οὐ
1977 2502 2060 2558 τὴν
2091 2519 2169 2546 τυ·-

1262 2559 1446 2611 χοῦσαν
1475 2560 1541 2599 60.

1190 2611 1505 2679 ἀποθέμενοι
1533 2609 1681 2681 τύφος
1711 2615 1776 2655 60.

1190 2647 1238 2708 ¹6
1270 2662 1418 2714 τύπος
1450 2670 1532 2709 τοῦ
1558 2666 1710 2720 Ἰησοῦ
1744 2671 2012 2712 14.16.28.
2059 2683 2165 2712 ποι-

1272 2725 1342 2764 εῖν
1376 2719 1527 2766 τύπον
1557 2726 1758 2781 σταυροῦ
1787 2726 1856 2768 28.

1676 2828 1714 2853 υ.

1216 2884 1368 2952 ὑγίεια
1399 2886 1468 2927 68.

1215 2938 1358 2988 ὕθλος
1388 2941 1464 2981 καὶ
1492 2941 1637 2995 γέλως
1665 2943 1760 2984 336.

1155 3019 1174 3027 ·-
1215 2993 1433 3039 ὑπαντᾶν
1464 2998 1559 3038 212.

1217 3049 1478 3094 ὑπεισιέναι
1516 3053 1611 3094 208.

1216 3105 1494 3204 ὑπὲἔξλθεῖν
1535 3109 1630 3150 394.
1679 3111 1760 3152 τοῦ
1790 3109 1868 3161 ζῆν
1897 3097 2174 3155 ὑπεξελθεῖν

1310 3177 1320 3203 l

1093 3221 1175 3260 τοῦ
1218 3217 1242 3259 6
1286 3217 1404 3284 ὑπὲρ
1446 3217 1611 3274 καιρὸν
1649 3219 1744 3260 200.
1790 3217 2016 3284 ελαμψεν
2051 3214 2172 3284 ὑπὲρ

1277 3270 1462 3321 πάντας
1495 3276 1585 3315 136.
1643 3270 1902 3340 ἀγαπήσεις
1942 3269 2060 3338 ὑπὲρ
2091 3270 2175 3323 τὴν

1277 3327 1432 3384 ψυχὴν
1485 3332 1552 3371 40.
1605 3330 1670 3370 68.
1760 3326 1848 3370 ὑπὲ
1931 3325 2175 3384 ἁμαρτιῶν

1281 3385 1570 3453 προσφέρειν
1595 3386 1657 3426 14.
1688 3384 1765 3427 ι’να
1785 3341 1903 3438 ὑπῖρ
1925 3383 2026 3435 (var.
2047 3383 2173 3452 περὶ)

1280 3440 1438 3482 αὐτῶν
1468 3440 1687 3505 ἀνενέγκη
1718 3439 1784 3480 28.
1821 3445 1903 3479 not.
1935 3439 2000 3479 22.
2056 3436 2175 3505 ὑπὲρ

1279 3496 1394 3536 θεοῦ
1437 3492 1724 3547 ἀποθνήσκω
1771 3495 1863 3535 166.
1903 3494 1999 3534 338.
2057 3491 2175 3560 ὑπὲρ

1281 3551 1361 3601 τῆς
1383 3551 1589 3596 πίστεως
1610 3548 1910 3605 ἀναιρεῖσθαι
1931 3549 2027 3590 374.
2058 3546 2176 3602 ὑπὲρ

1282 3610 1321 3644 et
1351 3603 1457 3660 περὶ
1487 3607 1594 3645 fluct.
1624 3607 1690 3646 40.
1732 3632 1734 3635 -
