2340 3900
560 75 847 122 BARNABAE
883 74 1173 122 EPlSTOLA.
1225 77 1334 124 xvi.
1370 77 1499 123 xvii.
1536 76 1684 123 xvnl.
2038 76 2104 125 39

140 215 371 279 praeclare
410 213 625 274 templum
645 213 739 269 Dei,
776 213 823 260 in
859 214 1042 259 nomine
1066 215 1270 262 Doinini.‘
1342 217 1525 264 Invenio
1549 217 1688 278 igitur
1722 215 1845 277 quod
1886 216 2102 276 templum

139 284 302 333 existit.
372 283 469 339 Qua
504 284 682 329 ratione
718 297 831 344 ergo
869 280 1184 329 aedificabitur
1220 286 1265 330 in
1303 287 1485 333 nomine
1507 283 1699 343 Domini,
1737 285 1910 332 discite.
1965 286 2101 331 Ante-

138 367 270 416 quam
307 352 398 398 Deo
435 351 758 409 crederemus,
810 357 911 398 erat
965 352 1117 398 cordis
1169 355 1315 399 nostri
1365 355 1642 402 domicilium
1690 354 1973 416 corruptioni
2022 354 2100 400 oh-

136 423 317 470 noxium
341 428 389 468 et
410 420 651 477 imbecille,
676 421 735 468 ad
756 421 940 468 modum
968 420 1123 483 templi
1150 435 1256 467 vere
1284 437 1367 483 per
1390 439 1551 471 manus
1580 424 1832 480 aedificati3
1856 422 2026 470 referta
2041 425 2099 469 si-

133 492 314 553 qnidem
351 504 534 537 eramus
569 490 852 538 idololatriae
890 489 1052 536 domus
1104 497 1151 536 et
1186 490 1412 552 idolorum
1459 494 1583 540 cultu
1634 494 1903 541 daemonum
1957 492 2099 539 domi·

135 560 316 617 cilium,
354 559 461 620 quia
493 559 686 607 fecimus
722 572 1038 621 quaecumque
1075 559 1167 605 Deo
1206 562 1432 607 contraria
1472 570 1593 609 sunt.
1663 561 1989 609 Aedifieabitur
2023 576 2099 608 au·

134 637 239 686 tem,
274 628 518 684 attendite,
575 630 622 676 in
658 629 842 675 nomine
876 627 1082 684 Domini,
1118 634 1170 675 ut
1205 629 1421 690 templum
1459 631 1634 678 Domini
1669 631 1910 693 magnifice
1945 630 2100 678 aedili-

132 706 275 746 eetur.
345 698 620 755 Quomodo?
663 698 846 761 ⁰5:395oe-
916 700 1114 759 Accepta
1160 699 1432 745 remissione
1483 708 1771 760 peccatorum
1822 707 1868 747 et
1904 715 1985 762 spe
2025 700 2100 747 ha·

129 767 223 815 hita
256 768 304 815 in
335 780 503 814 nomen
538 767 728 825 Domini,
762 767 870 814 facti
903 781 1060 814 sumus
1096 767 1215 823 novi,
1251 768 1418 814 iterum
1465 770 1520 814 ab
1558 766 1735 830 integro
1773 771 1926 817 creati.
1995 769 2100 816 ldeo

132 838 179 884 in
214 837 363 893 nobis,
398 837 444 884 in
481 837 711 884 domicilio
746 843 938 894 nostro,
985 850 1092 883 vere
1127 836 1247 883 Deus
1285 836 1470 883 habitat.
1543 838 1639 894 Quo
1677 839 1853 885 modo?
1904 838 2100 886 Verbum

130 907 230 955 eius
265 906 403 963 fidei,
458 907 633 954 vocatio
669 907 769 954 eius
804 905 1154 968 promissioniS,
1209 906 1431 967 sapientia
1466 908 1806 964 mandatorum,
1856 914 2101 970 praecepta

132 976 393 1033 doctrinae,
447 977 539 1022 imo
575 977 675 1037 ipse
711 977 758 1022 in
796 974 931 1023 nobis
968 975 1240 1037 prophetat,
1277 975 1374 1036 ipse
1412 976 1458 1021 in
1493 975 1627 1022 nobis
1662 977 1909 1034 inliabitat3
1962 978 2099 1024 morti

128 1045 361 1102 addictos,
396 1051 532 1107 porta
568 1045 719 1107 templi
753 1052 924 1107 aperta,
958 1044 1007 1091 id
1042 1051 1114 1092 est
1148 1059 1227 1100 os,
1277 1051 1323 1091 et
1355 1045 1634 1106 poenitentia
1664 1060 1896 1103 concessa,
1929 1061 2014 1093 nos
2054 1047 2099 1092 in

127 1114 344 1176 templum
379 1114 652 1172 introducit,
697 1115 824 1176 quod
858 1114 1032 1162 destrui
1067 1128 1159 1160 non
1195 1120 1361 1175 potest.
1432 1115 1473 1161 ls
1512 1115 1632 1161 enim
1685 1116 1762 1175 qui
1819 1118 1943 1176 cupit
1994 1130 2099 1162 esse

126 1183 291 1242 salvus,
326 1198 420 1231 non
459 1185 505 1231 in
539 1184 770 1231 hominem
803 1184 1006 1246 respicit,
1042 1183 1125 1230 sed
1164 1183 1209 1229 in
1246 1198 1349 1230 eum
1387 1185 1466 1244 qui
1502 1185 1547 1230 in
1593 1184 1776 1230 homine
1813 1184 1998 1241 habitat,
2037 1190 2098 1230 at·

127 1259 218 1316 qne
252 1254 300 1301 in
333 1268 390 1301 eo
426 1254 653 1315 loquitur;
705 1253 937 1301 admirans
981 1253 1107 1315 quod
1143 1267 1373 1314 nunquam
1425 1268 1574 1315 neque
1625 1254 1820 1300 audierit
1855 1268 1958 1300 eum
1994 1253 2100 1298 talia

126 1322 264 1370 verba
299 1338 381 1371 ore
433 1324 724 1380 fundentem,
775 1337 925 1384 neque
974 1323 1074 1384 ipse
1123 1322 1227 1368 talia
1274 1322 1433 1370 audire
1480 1323 1822 1370 desideraverit.
1895 1322 1993 1368 Hoc
2029 1328 2100 1368 est

126 1392 342 1455 templum
376 1392 616 1455 spirituale
653 1393 843 1440 Domino
878 1398 1207 1439 constructum.

549 1517 678 1565 xvn.
748 1519 930 1566 Pn'oris
962 1518 1203 1579 Epistolae
1232 1518 1389 1579 partis
1426 1517 1675 1564 conclusio,

261 1615 484 1673 Quantum
518 1616 691 1678 potnit,
736 1622 785 1662 et
829 1617 929 1663 sine
979 1615 1259 1662 obscuritate
1307 1614 1454 1675 potuit
1500 1612 1630 1659 vohis
1667 1613 1937 1668 monstrari,
1988 1627 2096 1673 spes

126 1685 237 1733 mibi
270 1691 357 1742 est,
393 1700 477 1747 pro
515 1686 666 1733 studio
702 1699 806 1732 meo
842 1699 915 1731 me
951 1684 1063 1731 nihil
1100 1684 1311 1730 omisisse
1348 1697 1509 1729 eorum
1547 1696 1662 1742 quae
1703 1682 1759 1728 ad
1793 1688 1986 1728 vestram
2024 1697 2097 1728 sa-

125 1755 266 1802 lutem
300 1761 524 1817 spectant,
558 1768 769 1817 quaeque
804 1761 913 1801 sunt
946 1753 1218 1815 praesentia.
1292 1752 1339 1798 Si
1389 1752 1510 1798 enim
1561 1752 1616 1798 de
1658 1751 1822 1798 futuris
1860 1752 2094 1812 scripsero

125 1823 283 1881 vobis,
331 1838 423 1871 non
470 1823 758 1886 intelligetis3
806 1823 1021 1885 quoniam
1073 1822 1119 1868 in
1169 1821 1440 1868 abscondito
1488 1821 1691 1882 positum
1745 1826 1828 1868 est.
1896 1820 1951 1867 Et
1983 1820 2095 1867 haec

126 1893 310 1955 quidem
344 1893 402 1941 ad
437 1894 562 1940 bunc
595 1893 796 1940 modum.

452 2015 596 2063 xvut
664 2016 824 2063 Altera
860 2015 1099 2077 Ept‘stolae
1125 2029 1259 2075 pars.
1334 2015 1404 2060 De
1440 2014 1627 2061 duabus
1662 2014 1766 2061 viis.

266 2113 567 2161 Transeamus
602 2119 751 2160 autem
788 2119 836 2159 et
871 2111 928 2158 ad
959 2111 1144 2158 alteram
1167 2112 1472 2172 cognitionem
1496 2118 1630 2172 atque
1652 2111 1919 2157 doctrinam.
1973 2111 2094 2158 Duae

127 2189 235 2230 πει
265 2182 364 2229 viae
400 2182 635 2229 doctrinae
683 2195 738 2229 ae
774 2182 1041 2244 potestatis:
1088 2195 1177 2227 una
1212 2180 1354 2237 lucis,
1404 2181 1546 2227 altera
1582 2179 1888 2226 tenebrarum.
1961 2180 2092 2226 Diss'e-

128 2252 275 2299 rentia
308 2264 420 2298 vero
455 2250 593 2297 muita
645 2251 836 2298 duarum
874 2252 1056 2297 viarum.
1130 2249 1210 2295 Uni
1249 2250 1475 2311 siquidem
1511 2249 1761 2310 praepositi
1801 2255 1908 2295 sunt
1944 2249 2094 2309 angeli

126 2320 204 2367 Dei
239 2320 387 2367 lucem
420 2319 764 2381 praeferentes,
800 2320 930 2367 alteri
964 2332 1072 2365 vero
1110 2318 1258 2380 angeli
1296 2318 1502 2365 Satanae.
1572 2318 1639 2363 Ac
1676 2317 1748 2363 ille
1787 2317 1973 2377 quidem
2008 2317 2090 2364 Do-

125 2388 274 2436 minus
309 2396 382 2435 eet
416 2402 442 2434 a
477 2388 645 2435 seculis
680 2395 727 2435 et
759 2389 805 2435 in
841 2387 1023 2444 secula3
1061 2388 1137 2434 hic
1173 2394 1320 2434 autem
1359 2388 1576 2448 princeps
1613 2387 1834 2447 temporis
1871 2387 2029 2448 iniqui.

126 2544 402 2593 πιστεύεται
431 2548 501 2598 εἷς
522 2545 842 2604 δικαιοσύνην,
873 2545 1079 2605 στόματι
1220 2546 1265 2599 2)
1294 2544 1410 2605 ἡμῖν
1438 2554 1665 2589 correctum
1685 2547 1725 2587 in
1756 2543 1872 2604 ὑμῖν
1903 2548 1948 2589 Ο.

123 2603 178 2649 δὲ
203 2602 504 2663 ὁμολογεῖται
531 2606 602 2655 εἰς
621 2608 871 2661 σωτηρίαν.
924 2605 1077 2647 Deinde
1222 2603 1269 2656 3)
1298 2605 1327 2645 1.
1359 2617 1392 2645 c.
1427 2604 1476 2645 de
1513 2604 1659 2657 quibus
1689 2617 1795 2644 nunc
1828 2604 2088 2657 disceptatur,

124 2659 282 2719 θύραν
310 2662 403 2703 dedi
430 2675 465 2704 c.
484 2663 515 2703 V
534 2662 607 2704 lut.
629 2669 720 2714 vet„
743 2658 898 2720 θύρας
916 2662 1030 2703 BCF
1043 2661 1076 2702 Ο
1135 2674 1169 2701 e.
1199 2673 1235 2711 g.
1265 2673 1358 2701 num
1388 2673 1534 2701 novum
1568 2661 1712 2701 foedus
1743 2660 1867 2701 veteri
1896 2661 1948 2701 sit
1970 2674 2091 2714 prae-

124 2718 229 2770 mlg.
291 2718 435 2760 venun
467 2719 547 2761 iam
576 2718 675 2761 vidit
704 2720 805 2762 nen.
836 2719 878 2760 in
909 2719 1029 2759 notis.
1135 2717 1364 2766 serendum,
1397 2730 1489 2758 num
1520 2716 1651 2757 adhuc
1682 2716 1841 2757 valeant
1872 2724 2089 2770 praecepta

208 2774 282 2826 27)
311 2775 488 2829 Deposui
532 2772 624 2833 γὰρ
670 2789 706 2818 c.
755 2774 963 2817 DCFOV
1003 2776 1075 2815 lnl.
1132 2773 1288 2814 iudaica
1326 2780 1400 2814 etc.
1449 2774 1494 2814 H.
1544 2768 1806 2816 ἔνεστότων
1845 2774 1927 2814 OV
1975 2775 2088 2825 Men„

124 2838 201 2872 ret.
240 2838 280 2873 et
321 2844 404 2874 var.
448 2831 540 2874 leet.
583 2844 649 2885 ap.
690 2831 804 2882 Cot„
846 2831 926 2873 καὶ
968 2831 1073 2881 vulg.
1133 2829 1199 2882 qui
1232 2829 1355 2882 paulo
1387 2836 1477 2870 ante
1508 2825 1797 2872 ἀνοικόντων
1827 2836 1870 2870 ut
1900 2829 1942 2871 C.

125 2888 213 2929 Ιοι
250 2900 363 2929 voce.
409 2888 479 2936 εἰς
517 2885 604 2932 τὸν
639 2882 923 2947 ἄνθρωπον,
967 2885 1070 2929 ἀλλ’
1214 2886 1259 2939 4)
1292 2886 1390 2927 Heio
1436 2886 1582 2927 desinit
1630 2892 1741 2926 vetus
1787 2885 1909 2926 latina
1955 2886 2086 2927 versio

123 2943 288 2985 Vossius
347 2944 603 2986 marmiun.
1130 2942 1169 2983 in
1201 2941 1301 2983 Cod.
1335 2942 1569 2983 Corbeiensi
1599 2947 1818 2995 superstes.

209 2999 284 3053 28)
338 3013 363 3043 r
383 3001 479 3042 nav.
500 3014 536 3043 c.
566 3000 642 3043 lut.
663 3005 755 3051 vet„
783 2997 866 3043 ἐπ’
903 2999 1072 3042 Bcov
1218 2999 1315 3051 Cap.
1346 2999 1476 3040 xviii.
1539 2999 1579 3053 l)
1610 2999 1666 3039 De
1699 2998 1853 3039 diiabus
1891 2997 1964 3037 viis
2005 2997 2085 3040 Csr.

34 3070 48 3081 ⁸
126 3057 226 3099 Uen.
257 3063 298 3098 et
325 3056 510 3111 plerique
539 3056 652 3100 editt.
1133 3055 1270 3096 Consi.
1301 3056 1439 3108 Apost.
1469 3055 1547 3105 Vll,
1582 3056 1597 3097 ¹
1625 3066 1715 3107 sqq.

209 3113 283 3166 29)
312 3110 460 3157 αὐτοῦ
498 3125 539 3167 p.
572 3110 624 3155 ln
666 3113 750 3156 τοῦ
778 3113 807 3154 Β
849 3112 909 3165 (in
947 3113 1074 3165 textu)
1224 3111 1268 3165 2)
1300 3112 1408 3163 Lego
1437 3111 1515 3153 καὶ
1543 3108 1570 3165 ἡ
1601 3124 1634 3152 c.
1669 3111 1697 3151 B
1721 3110 1748 3150 C
1774 3110 1802 3150 F
1826 3111 1857 3150 Ο
1880 3110 1931 3160 V,
1975 3105 2003 3164 ἥ
2035 3122 2085 3153 τε

39 3175 41 3181 ’
125 3170 156 3210 C
189 3170 292 3212 Uen.
359 3169 458 3211 Dein
513 3165 663 3213 αὐτόν
699 3182 734 3211 c.
779 3170 890 3219 nav„
933 3166 1077 3218 αὐτὸς
1131 3169 1235 3219 vulg.
1297 3168 1428 3209 Locus
1473 3167 1580 3208 laud.
1621 3167 1669 3207 ab
1711 3166 1818 3218 Orig.
1866 3166 1914 3207 de
1957 3166 2085 3219 princ.

20 3739 27 3747 -
15 3639 35 3685 ·.
4 3288 45 3589 &fi-0⁴-

125 3224 335 3268 Bcrov
371 3225 473 3267 Uen.
514 3233 555 3267 et
582 3225 769 3280 plerique
798 3226 912 3268 editt.
972 3226 1073 3267 Tum
1130 3226 1193 3266 ΙΙΙ.
1234 3238 1267 3266 c.
1297 3224 1334 3266 2.
1376 3238 1413 3265 n.
1443 3225 1483 3266 4.
1522 3238 1560 3277 p.
1589 3224 1684 3265 314.
1745 3223 1856 3264 Tum.
1898 3223 1978 3264 xxi
2019 3223 2082 3264 ed.

123 3277 272 3325 ἔπιθι)
307 3281 471 3336 nativae
506 3294 547 3336 p.
582 3279 983 3342 ἔπιτεθυμηκέναι
1029 3282 1072 3324 C.
1130 3280 1423 3331 Lommatzsch‚
1460 3288 1500 3321 et
1531 3281 1645 3321 Hom.
1664 3280 1730 3321 35.
1760 3279 1798 3318 in
1832 3280 1926 3320 Luc.
1958 3292 1996 3333 p.
2019 3279 2082 3322 18.

206 3295 557 3391 ὃθςιῐσυῐίσῐιν
582 3337 673 3381 OV-
1131 3339 1212 3379 (ΠΥ.
1252 3338 1422 3378 Hermae
1453 3337 1557 3377 l'assi.
1591 3336 1719 3376 Mami.
1751 3336 1809 3385 Vl,
1847 3335 1880 3376 l.
1912 3335 1950 3376 2.

211 3394 310 3448 Cap.
338 3393 449 3436 xvtt
511 3392 556 3447 ¹)
589 3392 705 3454 ὑμῖν
741 3393 804 3436 Bc
826 3394 947 3436 Fov
991 3407 1072 3435 var.
1216 3395 1261 3445 3)
1293 3391 1414 3435 πολὺ
1442 3406 1520 3433 scr.
1555 3393 1582 3432 Β
1607 3394 1647 3432 (3,

125 3450 217 3492 leet.
247 3463 313 3503 ap.
347 3450 460 3501 Cot,
487 3447 604 3508 ἡμῖν
630 3451 736 3504 vulg.
765 3458 806 3492 et
833 3452 906 3493 lnt.
947 3457 1073 3492 vetus.
1215 3451 1259 3500 4)
1291 3450 1372 3490 Cir.
1403 3451 1432 3490 ll
1466 3451 1557 3489 (lor.
1596 3449 1655 3497 12,
1687 3449 1725 3489 7.

125 3506 304 3549 Subinde
333 3502 495 3563 ἐλπίζῃ
521 3507 552 3548 V
573 3507 630 3558 0,
665 3508 739 3550 sed
767 3507 808 3549 in
849 3508 928 3549 boc
968 3520 1072 3549 man.
1219 3507 1264 3556 5)
1288 3503 1419 3548 ἐστὶν
1450 3508 1481 3545 0
1506 3505 1544 3545 Υ.
1605 3506 1703 3546 Tum
1738 3503 1901 3557 reposui
1933 3503 2011 3546 καὶ
2041 3518 2085 3547 cx

123 3562 632 3617 nemumminvutg.
1136 3561 1360 3605 sscFov.
