2340 3900
897 156 1147 206 conlctm
1180 158 1422 206 ΝΟΤΙΤΙΑ.
2019 164 2135 205 LVII

313 302 360 348 3.
431 300 539 347 cod.
593 299 762 361 Regius
811 299 922 354 30.,
974 297 1322 355 membraneus,
1373 298 1495 346 l'oliis
1544 297 1820 353 octonariis,
1875 294 2043 343 saeculi
2078 294 2135 339 xl

175 371 385 420 ineuntis.
457 369 617 416 Insunt
648 382 754 431 opp.
792 367 1012 429 ‚Dionysii
1051 366 1367 428 Areopagitae‘
1404 383 1507 416 cum
1550 369 1719 430 glossis
1765 366 1885 413 haud
1924 364 2134 420 indoctis,

173 454 355 488 necnon
403 438 459 485 ad
509 438 743 500 ‚loannem
790 436 1075 500 Apostolum‘
1121 439 1372 496 spectantia
1413 435 1694 497 (1-160).
1764 435 1878 483 Post
1923 450 1976 482 ea
2018 433 2137 494 l'rag-

173 516 375 557 mentum
425 506 655 570 Epistolae
705 507 890 570 ,ignatii
936 506 993 552 ad
1046 505 1294 566 Ephesios‘
1343 507 1585 555 exhibetur
1635 508 1681 554 in
1731 520 1811 554 sex
1858 505 1980 552 soliis
2034 517 2136 550 cum

174 578 373 627 dimidio.
445 577 605 624 Variae
641 584 805 635 autem,
843 590 957 638 quas
993 575 1184 636 largitus
1222 582 1306 632 est,
1340 576 1560 624 lectiones
1599 578 1642 624 in
1664 577 1814 639 pretio
1841 581 1946 622 sunt
1967 572 2136 620 haben-

173 649 270 696 dae.
341 647 424 694 Hic
461 645 616 694 Codex
649 646 784 694 nobis
821 653 890 693 est
925 647 979 692 R.

310 774 356 819 4.
425 772 536 819 Cod.
572 770 816 818 Vaticanus
854 770 968 827 813,
1006 770 1293 826 chartaceus,
1330 770 1544 818 soliorum
1582 772 1980 833 quaternariorum
2019 771 2133 830 321,

173 844 247 892 die
269 842 332 889 23
353 841 596 889 Novembr.
634 842 739 888 anni
777 839 906 887 1378
946 853 1029 901 per
1051 853 1374 886 amanuensem
1402 841 1652 888 absolutus,
1723 841 1805 888 Est
1828 841 2132 920 Menologium

171 910 219 970 (‚
230 913 347 960 neta
381 912 565 959 hrastae
614 912 787 958 mensis
835 909 1074 957 Decembr
1125 923 1150 954 a
1196 908 1251 954 IV
1301 923 1449 970 usque
1500 911 1556 956 ad
1604 910 1701 956 XX‘
1715 910 1756 968 )‚
1807 912 1881 958 cui
1926 912 2135 973 praevius

169 977 317 1039 πίναξ
350 989 544 1044 αριστος
577 979 665 1026 τοῦ
698 969 940 1043 παρόντος
975 971 1184 1039 βιβλίου.
1256 979 1304 1024 ln
1335 978 1414 1026 l'ol
1453 977 1919 1027 304—312.hahes
1957 989 2140 1062 ,-marty

171 1055 290 1101 rium
330 1049 517 1131 Ignatii.‘
588 1051 741 1099 Codex
776 1049 886 1096 satis
922 1055 1189 1096 correctus,
1241 1048 1285 1093 in
1324 1049 1454 1095 cuius
1493 1049 1643 1096 calce:
1699 1043 1892 1126 Eamque
1938 1043 2071 1106 τέλος
2104 1067 2138 1112 η

166 1117 336 1202 βίβλος
367 1135 491 1181 αντη
527 1113 580 1166 ἒν
614 1110 760 1203 μηνὴ.
795 1113 1071 1200 ⁹⁰⁸l⁴13t²f⁰²-
1059 1110 1178 1162 KP'
1228 1115 1314 1162 τοῦ
1364 1111 1501 1198 {⁴:039
1553 1102 1669 1166 Λω’
1696 1110 1783 1178 οη’.
1819 1119 2012 1180 τῆςνῦν
2038 1135 2138 1183 τρε-

169 1183 349 1254 χούσης
387 1185 604 1237 Ζνδίκτου
649 1181 843 1274 ὀγδόης.
922 1186 1071 1249 Ιησοῦ
1110 1186 1327 1250 Χριστοῦ
1365 1186 1454 1234 τοῦ
1499 1180 1912 1253 παντοκράτοροςε
1962 1184 2138 1254 μέμνη-

170 1264 265 1310 σθε
295 1254 480 1325 πατρός
513 1275 609 1321 μου
643 1256 731 1307 τοῦ
758 1252 1018 1324 ’.Ιγνατίου
1091 1259 1264 1306 Nomen
1304 1259 1347 1305 ei
1383 1258 1472 1306 l'eci
1509 1260 1567 1306 Ε.

310 1389 355 1436 5.
426 1388 540 1438 Cod.
578 1387 818 1436 Vaticanus
857 1386 983 1444 815,
1028 1385 1378 1439 membraneuS,
1418 1385 1585 1432 saeculi
1624 1386 1716 1432 XIV
1754 1387 1967 1444 ineuntis,
2006 1386 2135 1434 solio-

172 1474 273 1508 rum
326 1459 419 1508 194
472 1459 869 1521 quater-uariorum
907 1458 1039 1514 mai„
1096 1457 1140 1503 in
1195 1457 1326 1502 cuius
1365 1455 1512 1533 primo
1562 1455 1729 1517 legitur
1778 1455 2136 1518 ,Metaphrastae

172 1529 346 1577 mensis
399 1525 718 1582 Decembrisf
774 1534 823 1575 et
867 1521 1031 1583 Πίναξ
1075 1517 1338 1579 σύνθωκος
1384 1515 1561 1585 ταύτης
1618 1523 1707 1586 τῆς
1751 1519 1940 1586 βίβλου.
2015 1527 2139 1574 luter

172 1597 442 1646 Sanctorum
478 1599 592 1646 vitas
629 1598 773 1646 habes
809 1598 1090 1660 ‚martyrium
1130 1594 1305 1658 Ignatii‘
1345 1596 1420 1642 sol
1442 1595 1886 1643 41—51.auct0re
1923 1595 2139 1643 Siineone

170 1668 384 1731 Uetaph„
420 1668 665 1731 diligenter
700 1668 887 1730 quidem
925 1668 1251 1728 conscriptum.
1329 1665 1482 1712 Codex
1516 1665 1602 1711 erit
1638 1667 1696 1716 N.

309 1793 355 1840 6.
425 1794 534 1841 Cod.
572 1794 812 1842 Vaticanus
850 1793 965 1849 866,
1004 1793 1339 1847 membraneus,
1378 1792 1499 1838 soliis
1538 1791 1784 1838 dimidiatis
1817 1792 1929 1848 395,
1970 1794 2140 1840 saeculi

170 1862 223 1911 Χ.
290 1862 353 1910 Ex
397 1877 454 1911 eo
500 1859 600 1921 (tol.
641 1862 952 1921 185—188)
1000 1869 1124 1920 ‚acta
1162 1863 1322 1923 lgnatii
1359 1859 1596 1923 martyris‘
1646 1861 1914 1923 deprompsi
1955 1863 2139 1909 inedita.

170 1932 268 1980 Alia
304 1933 462 1980 insunt
485 1934 714 1996 martyria,
750 1932 979 1995 Epistolae
1003 1932 1276 1978 Sanctorum
1299 1931 1553 1992 similiaque
1582 1931 1733 1977 adhuc
1752 1946 1911 1992 parum
1947 1933 2140 1994 cognita.

171 2001 353 2064 signavi
392 2003 491 2051 Vae.

314 2125 360 2171 7.
430 2125 539 2173 Cod-
573 2124 742 2187 Regius
781 2123 861 2179 81,
898 2140 1218 2189 pergamenus,
1257 2125 1377 2172 soliis
1418 2125 1480 2170 97
1521 2127 1781 2182 octonariis,
1820 2126 1973 2173 indole
2007 2133 2140 2189 atque

173 2201 320 2243 aetate
368 2195 608 2251 notabilis,
656 2209 761 2242 cum
798 2196 986 2243 accedat
1034 2196 1089 2242 ad
1127 2210 1247 2243 saec.
1297 2194 1367 2241 lX.
1440 2195 1562 2241 Inest
1597 2191 1694 2251 (sol.
1737 2193 1956 2254 13—88)
1995 2204 2139 2249 ,vetus

172 2264 310 2312 latina
355 2265 505 2312 versio
553 2264 792 2312 duodecim
831 2265 942 2328 Epp.
979 2263 1162 2326 lgnatii‘
1212 2264 1415 2311 numeris
1464 2265 1647 2325 quidem
1703 2263 1855 2311 rubris
1903 2266 2139 2327 inscripta-

172 2347 299 2390 rnm,
348 2333 431 2380 sed
478 2333 652 2395 absque
699 2335 918 2381 mittentis
966 2342 1013 2380 et
1058 2334 1327 2395 accipientis
1378 2334 1575 2380 nomine.
1656 2333 1875 2395 Sequitur
1924 2333 2140 2389 ,Hironis

172 2402 291 2450 taus
325 2401 499 2464 ignatii,
534 2410 662 2450 vetus
697 2402 836 2450 latina
871 2404 1022 2450 versio
1055 2403 1135 2464 Ep.
1155 2403 1396 2465 Polycarpi
1432 2403 1487 2449 ad
1526 2403 1840 2464 Philippenses
1879 2399 2136 2463 (se—95),

169 2473 257 2519 viia
294 2471 552 2535 Polycarpi‘
591 2469 850 2531 (95—97)‚
889 2487 979 2534 qua
1015 2472 1223 2519 absoluta
1261 2472 1552 2518 amanuensis
1594 2472 1734 2519 hosce
1770 2487 1930 2519 versus
1971 2474 2137 2521 rubros

170 2542 408 2605 apposnit:

486 2611 632 2660 Huius
667 2625 785 2675 opus
822 2613 984 2675 scripti
1023 2611 1221 2659 finaliter
1258 2611 1443 2672 explicit
1479 2611 1597 2658 istic.

485 2680 571 2730 Hic
607 2681 728 2730 liber
765 2681 925 2745 lgnatii
962 2682 1165 2730 radiatur
1202 2682 1411 2743 dogmate
1448 2682 1593 2727 sancti

486 2751 603 2799 Huic
637 2752 678 2799 si
715 2752 819 2814 quis
855 2766 1053 2815 nequam
1090 2758 1249 2799 sancto
1287 2750 1561 2798 subtraxerit
1597 2766 1813 2814 unquam,

483 2822 554 2869 Ad
588 2821 724 2870 finem
759 2822 876 2870 vitae
912 2821 1115 2870 barathri
1158 2822 1393 2868 crucietur
1430 2821 1475 2867 in
1514 2822 1631 2882 igne.

309 2893 493 2941 Librum
529 2891 634 2939 olim
670 2891 942 2955 possidebat
975 2893 1095 2954 Loys
1135 2891 1330 2938 Cartier.
1403 2890 1574 2938 Nomen
1613 2891 1718 2939 dedi
1744 2894 1855 2954 Req.

307 3018 354 3067 8.
422 3019 534 3068 God.
582 3016 812 3065 Palatinus
877 3017 997 3073 150,
1050 3017 1402 3075 membraneuS,
1474 3017 1593 3065 foliis
1655 3021 1959 3079 quaternariis
2013 3024 2136 3081 min„

170 3089 340 3138 saeculi
376 3087 483 3136 XIV.
555 3087 606 3135 ln
643 3087 795 3134 l'ronte
832 3093 904 3134 est
935 3101 1071 3133 manu
1108 3100 1202 3136 rec.
1241 3083 1439 3143 ‚Maneti‘
1481 3086 1591 3133 127.
1666 3089 1775 3134 Turn
1804 3104 1936 3137 manu
1962 3098 2136 3140 vetere:

308 3157 358 3207 ln
392 3159 482 3206 boc
515 3156 745 3206 volumine
781 3156 896 3203 haec
926 3156 1145 3218 opuscula
1186 3156 1480 3204 continentur
1515 3157 1589 3204 tali
1630 3158 1804 3205 ordine.

305 3226 505 3277 Primum
548 3225 771 3288 aepistole
822 3225 898 3272 Xll
948 3225 1070 3272 beati
1122 3225 1276 3287 ignatij
1325 3227 1537 3289 martyris
1578 3242 1695 3288 quae
1733 3228 1818 3274 sub
1857 3229 1927 3275 his
1971 3230 2134 3278 inscri-

167 3298 398 3361 ptionibus
432 3298 739 3346 eontinentur.

533 3362 583 3413 1⁰
629 3365 687 3413 ad
721 3363 907 3411 Uariam
943 3364 1338 3413 cassobolitanam.

530 3430 584 3483 2⁰
629 3434 686 3482 ad
721 3432 986 3480 Trallianos.

509 3504 584 3554 Ill.
629 3503 687 3551 ad
722 3501 1053 3564 Magnesianos.

485 3573 583 3622 1111.
628 3572 687 3621 ad
720 3571 984 3619 Tarsenses.

529 3642 580 3691 V.
627 3641 686 3689 ad
719 3640 1056 3704 Philippenses.
