2340 3900
1016 146 1319 194 BARNABAS.
2117 148 2178 187 XI

189 293 291 347 tor,
340 284 639 335 authentiam
689 283 793 334 eius
830 279 1217 347 impugnavit¹¹),
1265 287 1380 348 post
1426 297 1537 332 eum
1573 283 1691 334 Dan.
1727 279 2180 349 Papebrocliius¹²)‚

188 354 465 407 Tentzelius
478 353 562 420 18),
598 352 780 405 Natalis
815 348 1177 414 Alexande1·¹⁴),
1215 351 1354 402 Remi
1393 351 1679 420 Ceillierffi),
1716 351 2007 419 Ittigius¹⁶)‚
2046 352 2180 402 Mos·

187 423 478 490 hemius¹⁷),
529 419 902 488 Lumperus¹⁸),
946 419 1235 487 Hugius¹⁰),·
1273 421 1558 472 Ullmannus
1576 420 1656 488 2·⁰),
1692 423 1914 474 Neander
1929 420 2003 487 21),
2042 422 2181 487 Myn-

188 492 393 559 ster22),
451 490 715 557 Winer.²³)
785 491 848 542 At
883 490 1039 540 dicas:
1087 489 1219 539 Heus
1266 496 1340 552 tu,
1392 492 1519 541 unde
1556 493 1755 544 traditio
1793 493 1872 543 illa
1906 492 2031 559 apud
2070 491 2180 542 Cle-

187 572 403 616 mentem
439 564 569 614 Alex.
605 563 785 613 Strom.
820 561 879 622 11,
917 560 949 611 6
986 575 1032 625 p.
1070 560 1196 620 4453
1244 559 1302 620 ΙΙ,
1343 562 1371 610 7
1408 577 1453 626 p.
1490 564 1593 613 447
1606 579 1619 623 ς
1667 563 1725 624 ΙΙ,
1764 564 1831 614 20
1868 579 1915 629 p.
1953 561 2081 621 4893
2128 561 2180 621 V,

191 637 254 686 10
291 651 339 700 p.
374 633 503 696 6833
549 633 620 694 ΙΙ,
662 633 725 683 15
761 647 809 698 p.
847 631 976 689 4643
1029 628 1098 689 ΙΙ,
1141 628 1204 679 18
1240 644 1287 694 p.
1327 631 1454 691 4723
1504 632 1555 694 V,
1595 632 1624 683 8
1661 649 1707 700 p.
1745 633 1859 695 677,
1918 631 2181 697 Origenem

187 710 357 754 contra
405 702 529 753 Cels.
573 703 594 752 Ι
629 717 669 752 c.
707 702 796 763 63,
845 698 1107 750 Eusebium
1146 698 1203 747 H.
1242 697 1296 748 E.
1334 699 1425 759 ΙΙΙ,
1472 702 1557 762 25,
1608 703 1962 769 Hieronymum
1999 701 2060 753 de
2095 700 2182 750 vir.

186 774 356 824 illustr.
403 788 443 823 c.
492 773 547 833 6,
596 772 926 838 Nicephorum
961 768 1013 818 in
1050 767 1397 818 Stichometria
1434 768 1636 834 (saeculi
1676 770 1774 836 5)?
1844 774 1955 824 Non
1990 769 2182 821 dubita-

186 843 367 908 verim,
422 842 539 909 quin
589 857 645 892 ea
692 841 790 893 iam
827 839 963 906 prius
1000 837 1052 888 in
1086 837 1409 888 Alexandrina
1448 840 1651 891 ecclesia
1688 841 1947 903 exstiterit,
1996 856 2088 890 nec
2123 839 2183 889 ab

188 913 436 964 Clemente
472 912 604 963 Alex.
642 917 723 962 aut
750 910 960 976 Origene
996 907 1210 974 primum
1247 907 1392 957 fuerit
1417 907 1638 959 inducta:
1678 912 1983 962 retinuerunt
2004 916 2180 969 autem,

187 983 298 1049 quia
328 983 479 1032 totius
515 982 764 1048 Epistolae
799 979 989 1030 indoles
1026 977 1154 1028 haud
1192 976 1446 1028 dissimilis
1484 986 1615 1029 esset
1653 980 1721 1041 ei,
1761 981 1842 1047 qui
1881 997 1993 1031 cum
2028 979 2180 1030 Paulo

186 1053 424 1118 Apostolo
462 1052 686 1102 Ethnicis
722 1048 1021 1116 evangelium
1058 1047 1226 1098 salutis
1265 1048 1644 1100 annuntiaverat.
1717 1050 2052 1100 Traditionem
2088 1049 2181 1115 igi-

187 1129 269 1175 tur
305 1122 385 1188 pie
421 1128 732 1183 veneranteS,
769 1136 861 1171 nec
894 1119 954 1170 ad
991 1116 1215 1168 criticum
1253 1117 1536 1168 subtiliusve
1571 1119 1674 1169 eius
1713 1135 1914 1171 examen
1951 1120 2044 1171 ulla
2079 1119 2181 1169 sin—

186 1191 340 1259 gulari
379 1207 521 1242 causa
557 1190 798 1258 compulsi
832 1188 1048 1256 posteris
1085 1187 1414 1249 tradiderunt,
1466 1189 1716 1255 quomodo
1765 1195 1814 1239 et
1862 1190 2051 1255 qualem
2088 1188 2182 1253 ipsi

186 1263 482 1314 invenerant.
555 1262 642 1312 Sin
678 1260 833 1327 ipsius
869 1257 1151 1309 traditionis
1189 1257 1430 1323 originem
1468 1258 1695 1324 indagare
1733 1258 1874 1319 veliS,
1923 1258 2182 1308 dicendum

187 1332 308 1393 erit,
363 1331 494 1381 nulli*
516 1331 870 1398 Apostolorum
918 1328 1126 1379 adtribui
1162 1327 1383 1393 potuisse
1420 1328 1516 1378 iam
1555 1329 1618 1379 ob
1654 1328 1771 1379 illud
1807 1344 1981 1379 eorum
2015 1327 2182 1378 convi-

188 1402 318 1452 cium
364 1395 488 1461 τοὺς
523 1399 691 1461 ἰδίους
721 1393 1094 1460 Ἀποστόλους,
1141 1392 1270 1457 τοὺς
1302 1391 1583 1464 μέλλοντας
1618 1393 1900 1465 κηρύσσειν
1932 1390 1992 1447 τὸ
2032 1389 2183 1462 εὐαγ-

187 1466 365 1538 γέλιον
397 1464 582 1534 αὐτοῦ,
622 1465 903 1534 ἐξελέξατο,
954 1463 1112 1528 ὄντας
1147 1462 1280 1535 ὑπὲρ
1314 1468 1491 1519 πᾶσαν
1527 1463 1787 1535 ἁμαρτίαν
1820 1461 2185 1534 ἀνομωτέρους

188 1542 254 1607 (c.
293 1542 375 1607 5),
421 1543 651 1609 propriae
697 1541 913 1600 auctoris
960 1539 1183 1606 opinioni
1218 1541 1346 1589 forte
1383 1556 1683 1601 consonum,
1722 1556 1812 1590 nec
1850 1538 2065 1600 veritati,
2103 1543 2181 1588 ut-

185 1620 302 1692 pote
337 1618 686 1663 commentum.
759 1611 810 1663 Si
846 1609 1168 1662 nihilominus
1207 1609 1600 1675 semiapostolica
1635 1610 1898 1660 auctoritas
1935 1608 2185 1674 Epistolae

188 1698 429 1748 impressa
477 1682 730 1734 videbatur
749 1722 761 1744 ‚
805 1682 866 1732 ab
918 1695 1025 1731 eam
1072 1679 1460 1730 desiderantibus
1512 1679 1586 1729 vix
1633 1680 1755 1730 alius
1794 1679 1991 1746 quidam
2029 1677 2183 1744 magis

190 1758 468 1818 opportuno
504 1758 674 1803 auctor
711 1751 923 1819 supponi
958 1748 1131 1816 potuit,
1171 1765 1316 1816 quam
1334 1750 1594 1808 BarnabaS,
1631 1749 1957 1800 Ethnicorum
1996 1754 2043 1797 et
2079 1747 2184 1813 ipse

190 1822 377 1872 doctor.
439 1822 670 1873 Potuitne
704 1819 1134 1888 ψευδεπίγραφον
1170 1819 1317 1870 etiam
1355 1836 1412 1870 ex
1449 1837 1507 1870 eo
1545 1820 1739 1869 trahere
1780 1819 2021 1885 originem
2057 1817 2184 1883 apud

188 1891 567 1954 AlexandrinoS,
605 1893 736 1958 quod
771 1892 1022 1959 gnosticae
1059 1889 1326 1941 Clementis
1362 1890 1611 1940 Romanae
1647 1889 1887 1940 Homiliae
1901 1887 1963 1952 24)
2000 1889 2183 1939 Barna-

191 1962 306 2012 bam
342 1961 659 2012 Alexandriae
695 1961 928 2030 congredi
965 1975 1075 2010 cum
1114 1977 1172 2010 eo
1210 1958 1429 2009 faciunt?

223 2036 227 2038 ’
331 2032 402 2082 Ac
455 2031 579 2082 mihi
629 2031 825 2098 quidem
880 2030 998 2081 illud
1045 2045 1147 2079 non
1190 2028 1308 2079 levis
1357 2030 1595 2079 momenti
1647 2045 1841 2094 semper
1887 2029 2046 2078 visum
2092 2033 2182 2086 est,

193 2102 325 2169 quod
370 2108 594 2152 narratur
629 2101 682 2157 in
715 2101 820 2152 Act.
862 2103 950 2162 15,
1001 2099 1067 2150 37
1107 2115 1212 2165 sqq.
1283 2099 1528 2149 Barnabas
1565 2098 1712 2164 igitur
1749 2098 2056 2148 dissensione
2094 2096 2183 2146 ob-

194 2179 303 2223 orta
351 2188 379 2222 a
413 2172 561 2222 Paulo
600 2171 842 2234 discessit,
878 2175 1195 2234 assumtoque
1231 2168 1413 2218 Ioanne
1450 2169 1614 2219 Marco
1650 2169 1701 2218 in
1739 2169 1954 2236 Cyprum
1988 2166 2183 2232 naviga-

193 2242 272 2292 vit.
350 2241 574 2292 Soliusne
621 2240 820 2292 Ioannis
852 2239 1002 2290 Marci
1040 2254 1182 2288 causa
1218 2238 1462 2287 Barnabas
1499 2238 1593 2288 alio
1643 2238 1879 2304 perrexit,
1931 2253 1993 2286 an
2040 2236 2184 2286 simul

192 2312 336 2362 aliam
383 2311 635 2362 doctrinae
681 2311 807 2360 viam
854 2305 1165 2359 sectaturus?
1238 2307 1455 2368 Illamne,
1502 2308 1553 2357 in
1601 2324 1694 2374 qua
1741 2308 1852 2357 heic
1900 2322 2013 2356 eum
2049 2303 2185 2371 gradi

193 2379 455 2432 videmus?
538 2380 603 2431 At
653 2380 901 2431 enimvero
951 2393 1265 2442 summopere
1300 2378 1569 2427 notandum
1604 2378 1819 2439 videtur,
1857 2376 2066 2427 eundem
2102 2375 2184 2424 Io-

192 2467 370 2502 annem
406 2451 638 2512 Marcum,
676 2450 759 2516 qui
794 2448 1042 2500 Barnabae
1081 2447 1228 2497 vitam
1263 2453 1465 2513 actaque
1500 2447 1743 2513 pertusius
1780 2446 2039 2512 scripsisse
2076 2461 2184 2494 cre-

195 2521 349 2582 ditur,
409 2520 661 2587 Epistolae
721 2519 826 2570 eius
878 2517 1181 2569 mentionem
1236 2518 1394 2567 facere
1441 2518 1635 2568 nullam.
1721 2517 1885 2568 Codex
1931 2515 2186 2567 Vaticanus

198 2591 353 2651 1667,
406 2607 464 2642 ex
501 2607 598 2657 quo
635 2585 1077 2656 Papebrochius25)
1128 2603 1183 2637 ea
1219 2587 1394 2647 edidit,
1430 2604 1522 2638 nec
1559 2588 1721 2639 Codex
1758 2586 2010 2638 Parisinus
2052 2586 2184 2636 1470

192 2677 291 2728 quo
332 2660 735 2711 Tischendorfius
750 2656 820 2724 26)
853 2675 970 2709 usus
1008 2663 1113 2718 est,
1149 2673 1308 2724 neque
1344 2657 1600 2709 Vaticanus
1639 2659 1753 2720 821,
1793 2673 1938 2724 quem
1974 2672 2070 2722 ego>
2103 2671 2185 2704 ex-

193 2731 384 2799 scripsi,
422 2730 475 2781 in
510 2730 607 2780 hoc
644 2729 840 2796 quidem
876 2728 1075 2778 variant.

333 2803 381 2852 5.
441 2800 498 2850 In
545 2799 794 2850 Philastrii
842 2797 1110 2862 Brixiensis
1150 2796 1385 2864 Episcopi
1422 2797 1602 2849 Codice
1640 2799 1851 2864 quodam
1888 2796 2024 2861 (ante
2062 2810 2186 2845 saec.

284 2982 354 3033 11)
384 2983 427 3022 In
460 2981 592 3021 Praef.
625 2979 687 3020 cd.
720 2984 882 3019 nostrae
916 2978 1137 3030 Epistolae.
1307 2978 1376 3031 19)
1411 2978 1643 3020 Zeitschrist
1690 2979 1753 3018 sur
1802 2978 1873 3017 das
1920 2975 2188 3016 Erzbisthum.

285 3038 357 3086 12)
389 3039 433 3078 ln
465 3038 548 3078 Act.
581 3037 715 3077 Sanct.
746 3034 897 3075 mensis
915 3034 1017 3075 Iunii
1049 3041 1157 3074 tomo
1222 3035 1430 3086 Freiburg.
1476 3036 1590 3075 Fasc.
1623 3036 1662 3076 2.
1704 3048 1745 3087 p.
1782 3034 1874 3075 132.
1923 3034 2036 3072 Fasc.
2069 3031 2107 3072 3.
2147 3043 2186 3083 p.

195 3095 390 3145 secunde,
424 3108 464 3147 p.
493 3094 591 3135 459.
625 3094 662 3143 ξ.
684 3092 726 3132 V.
763 3093 950 3143 Antverp.
988 3092 1108 3132 1698.
1221 3093 1303 3134 208
1326 3105 1417 3145 sqq.

287 3153 356 3205 13)
388 3151 503 3204 Apud
536 3148 994 3205 fabrioBibLeccles.
1026 3161 1065 3200 p.
1096 3148 1163 3188 42.
1309 3150 1381 3201 20)
1419 3149 1589 3190 Studien
1619 3163 1656 3189 u.
1690 3148 1883 3188 Kritiken.
1916 3147 1959 3187 T.
1976 3147 2003 3186 Ι.
2038 3144 2187 3198 p.381.

196 3212 234 3262 §.
265 3210 310 3258 Χ.
1308 3205 1382 3257 21)
1419 3205 1732 3257 Kirchengesch.
1777 3205 1821 3244 T.
1855 3205 1883 3253 1,
1915 3203 1953 3244 3.
1991 3215 2030 3254 p.
2063 3202 2159 3243 733.

285 3264 358 3317 14)
386 3266 490 3309 Hist.
522 3262 669 3310 eccles.
692 3263 782 3305 Sec.
804 3262 834 3303 1.
866 3275 900 3306 c.
926 3261 989 3302 12.
1025 3267 1099 3302 art.
1127 3261 1167 3305 8.
1313 3262 1387 3314 22)
1421 3262 1590 3303 Studien
1623 3261 1705 3302 und
1741 3260 1921 3301 Kritiken
1951 3259 1997 3309 ΙΙ,
2033 3259 2130 3303 323.

284 3321 354 3376 15)
386 3322 565 3369 Histoire
595 3319 757 3374 general
790 3319 861 3360 des
886 3324 1048 3359 auteurs
1080 3324 1155 3358 etc.
1312 3320 1387 3373 23)
1418 3319 1520 3360 Bibl.
1551 3316 1903 3359 Rcalwortcrhuch
1933 3329 1965 3357 s.
2010 3329 2044 3356 v.
2090 3315 2189 3356 Bar-

197 3380 241 3427 Τ.
270 3380 298 3421 Ι.
330 3392 370 3431 p.
400 3379 485 3424 498
500 3391 591 3431 sqq.
1216 3377 1355 3418 nabas.
1764 3386 1773 3396 ·

287 3436 358 3487 16)
378 3437 420 3476 ln
443 3435 607 3476 selectis
628 3432 827 3486 capitibus
844 3432 1037 3473 historiae
1059 3432 1158 3472 eccl.
1300 3432 1373 3484 24)
1405 3434 1521 3474 Hom.
1552 3433 1580 3480 1,
1614 3432 1652 3472 9.

198 3493 287 3533 Sec.
318 3493 346 3532 1.
379 3493 422 3532 Τ.
454 3493 482 3533 Ι.
513 3505 552 3544 p.
583 3491 652 3531 20.
1302 3490 1375 3540 25)
1404 3490 1487 3529 Act.
1522 3490 1682 3537 Sanct.,
1733 3486 1881 3527 mensis
1928 3486 2028 3527 Iunii
2077 3492 2186 3528 tomo

287 3548 357 3601 17)
391 3549 658 3593 Commentar.
676 3546 725 3587 de
749 3546 871 3586 rebus
896 3545 1043 3587 Christ.
1065 3552 1155 3587 ante
1214 3547 1394 3588 secundo
1413 3577 1423 3596 ,
1455 3546 1640 3597 Antverp.
1711 3542 1833 3585 1698.
1872 3556 1912 3596 p.
1948 3543 2189 3584 431-436.

198 3603 337 3644 const.
367 3605 415 3645 M.
447 3617 487 3656 p.
522 3604 614 3645 161.
1300 3603 1373 3654 26)
1407 3603 1501 3642 Aeta
1524 3600 1811 3651 Apostolorum
1833 3601 2078 3654 apocrypha,
2095 3599 2191 3652 Lip-

287 3659 358 3713 18)
390 3659 569 3702 Historia
590 3660 715 3701 theol.
742 3659 882 3701 critica
905 3660 950 3700 T.
972 3659 1153 3712 1.p.150.
1213 3659 1297 3701 siae
1333 3659 1457 3701 1851.
1486 3668 1525 3710 p.
1558 3657 1613 3698 64
1643 3669 1732 3710 sqq.
