2340 3900
731 104 1018 152 BARNABAE
1057 105 1345 153 EPISTOLA.
1394 106 1447 153 X.
1483 105 1554 152 Xl.
2057 104 2122 155 25

170 249 446 303 adhaerebis⁴
466 245 660 308 impuris
696 244 797 292 istis
831 243 1041 304 seminiS,
1080 259 1196 305 quae
1235 246 1468 293 infandum
1504 244 1679 292 facinus
1729 258 1810 293 ore
1847 252 2128 307 perpetrant.

166 319 342 371 Animal
374 317 496 364 enim
529 315 643 363 illud
678 328 760 361 ore
797 314 1010 375 concipit.
1078 314 1229 362 Moses
1267 315 1404 376 igitur
1449 316 1504 363 de
1542 315 1663 361 escis
1698 314 2015 376 loquens'tria
2053 316 2127 363 de-

169 397 291 439 creta
339 387 522 434 locutus
557 385 714 431 estin
744 383 932 445 spiritu3
985 382 1049 429 illi
1097 397 1228 440 vero,
1278 385 1397 431 iuxta
1443 383 1596 431 carnis
1630 385 1951 446 cupiditatem,
1999 386 2128 446 quasi

168 460 225 507 de
258 457 379 505 escis
412 453 680 515 simpliciter
716 453 902 513 egisset,
938 461 1226 513 acceperunt.
1297 454 1432 500 David
1480 467 1589 500 vero
1637 454 1800 501 horum
1835 455 1971 501 trium
2007 469 2129 502 man-

167 529 373 576 datorum
410 537 596 570 sensum
632 521 915 584 spiritualem
952 522 1323 583 comprehendit,
1374 530 1419 568 et
1455 523 1517 569 ait
1553 523 1784 570 similiter:
1836 524 2012 581 ,beatus
2046 525 2128 582 vir,

166 597 246 658 qui
275 609 368 642 non
405 593 516 639 abiit
550 593 595 638 in
632 591 827 638 concilio
863 589 1140 653 impiorum,‘
1179 591 1296 637 sicut
1333 592 1363 637 ii
1386 593 1539 652 pisces
1577 594 1808 640 ambulant
1842 595 1889 640 in
1928 594 2129 642 tenebris

164 680 220 713 ac
251 663 392 712 maris
426 661 683 724 profund03
718 667 783 718 ,et
817 661 863 707 in
897 661 969 707 via
993 666 1285 722 peccatorum
1322 674 1413 707 non
1454 660 1607 718 stetit,‘
1645 664 1763 710 sicut
1806 664 1838 710 ii
1874 664 1952 725 qui
1976 664 2129 712 viden·

165 742 241 783 tur
274 734 436 780 umere
471 731 736 787 Dominum,
785 737 832 777 et
871 730 1010 777 veluti
1058 744 1136 777 sus
1172 736 1389 791 peccant3
1436 738 1498 786 ,et
1544 731 1589 776 in
1640 733 1854 780 cathedra
1889 734 2131 781 irrisorum

162 818 255 851 non
289 798 439 859 sedit:
475 800 855 862 quemadmodum
897 814 1001 847 aves
1038 814 1156 861 quae
1182 799 1239 846 ad
1275 800 1478 860 rapinam
1501 800 1675 847 sedent.
1737 803 1929 850 Omnino
1965 817 2130 851 sensus

163 870 411 936 spiritualis
459 870 711 932 cognitioni
756 869 1027 917 adtendatiS.
1096 871 1154 916 At
1199 869 1351 916 Moses
1400 882 1542 929 porro
1593 870 1725 916 dixit:
1785 873 2130 928 ,manducabitis

163 956 298 990 omne
340 939 531 987 bifidum
576 954 631 986 ac
672 937 936 987 ruminans!
1008 938 1125 996 Quid
1159 939 1246 985 ait?
1298 938 1543 984 Ruminans
1591 946 1662 985 est
1699 940 1763 997 is,
1818 942 1895 1001 qui
1944 950 2130 1005 accepta

161 1025 270 1060 esca
304 1010 509 1057 meminit
538 1010 794 1066 nutrientis,
831 1016 878 1056 et
911 1009 1099 1056 satiatus
1138 1009 1194 1055 de
1225 1022 1281 1055 eo
1318 1003 1579 1067 [nutritore]
1617 1009 1809 1056 laetatus
1835 1013 2131 1073 conspicitur.

161 1081 301 1128 Recte
337 1076 448 1126 dixit
469 1079 636 1136 Uoses,
670 1079 926 1140 respiciens
948 1079 1004 1125 ad
1042 1078 1316 1125 mandatum.
1377 1077 1492 1134 Quid
1517 1091 1628 1139 ergo
1657 1079 1746 1124 ait?
1781 1080 2130 1129 Adhaerendum

161 1164 267 1198 esse
300 1149 359 1197 ad
393 1162 501 1206 eoS,
550 1149 631 1211 qui
667 1149 828 1196 timent
861 1148 1127 1202 Dominum,
1179 1147 1256 1209 qui
1295 1148 1340 1194 in
1378 1147 1517 1194 corde
1554 1148 1850 1206 meditantur,
1900 1152 2023 1211 quod
2060 1167 2130 1199 ac-

161 1225 382 1282 ceperunt
433 1225 760 1281 praeceptum,
810 1219 891 1279 qui
936 1218 1185 1279 loquuntur
1230 1232 1282 1264 ac
1333 1224 1515 1264 servant
1556 1218 1763 1265 mandata
1799 1219 2002 1278 Domini,
2054 1222 2131 1281 qui

161 1290 327 1347 sciunt,
362 1289 702 1336 meditationem
738 1302 855 1350 opus
890 1302 995 1335 esse
1032 1288 1247 1344 laetitiae,
1297 1293 1342 1333 et
1379 1287 1556 1334 Domini
1593 1301 1851 1335 sermonem
1889 1291 2130 1337 ruminant.

160 1359 279 1416 Quid
311 1372 421 1406 vero
457 1358 546 1406 sibi
579 1358 675 1405 vult
705 1357 930 1406 bifidum?
988 1357 1120 1415 Quod
1156 1364 1203 1404 et
1236 1358 1382 1404 iustus
1417 1358 1463 1403 in
1498 1358 1587 1404 hoc
1622 1359 1792 1405 mundo
1827 1358 2048 1417 ambulat,
2088 1367 2134 1407 et

161 1435 371 1476 sanctum
399 1434 634 1491 exspectat
659 1428 905 1476 saeculum.
972 1428 1145 1484 Videte,
1183 1442 1319 1488 quam
1353 1427 1545 1489 pulchre
1581 1429 1781 1475 sanxerit
1802 1427 1969 1476 Moses.
2040 1429 2132 1477 Sed

159 1498 387 1545 undenam
422 1498 511 1545 illis
545 1498 661 1546 haec
694 1498 947 1561 intelligere
982 1512 1036 1545 ac
1074 1497 1501 1559 comprehendere?
1559 1498 1653 1544 Nos
1690 1512 1798 1545 vero
1854 1499 1971 1546 iuste
2008 1514 2130 1546 man-

162 1567 265 1615 data
300 1567 602 1630 intelligentes
638 1568 884 1630 loquimur,
921 1569 1153 1630 quomodo
1181 1568 1398 1614 Dominus
1435 1568 1536 1614 istis
1559 1569 1820 1631 praeceptis
1855 1568 1942 1616 sibi
1980 1570 2131 1617 voluit.

160 1637 411 1700 Propterea
435 1639 558 1686 enim
577 1651 714 1686 aures
737 1645 920 1686 nostras
942 1645 990 1686 et
1025 1637 1164 1686 corda
1192 1638 1490 1694 circumcidit,
1523 1644 1572 1684 ut
1598 1639 1685 1685 ista
1709 1639 2128 1689 animadvertamus,

498 1791 572 1839 xl.
644 1792 913 1854 Baptismus
948 1799 993 1840 et
1028 1807 1148 1840 crux
1183 1795 1235 1840 in
1275 1793 1322 1843 V.
1366 1793 1415 1839 T.
1449 1794 1792 1854 praefiqurata.

303 1918 582 1976 Quaeramus
612 1932 751 1977 vero,
798 1932 855 1965 an
893 1916 1083 1965 Domino
1118 1933 1254 1966 curae
1290 1919 1453 1977 fuerit,
1503 1934 1803 1981 praemonere
1842 1922 1897 1968 de
1933 1935 2051 1983 aqua
2088 1929 2134 1970 et.

164 1987 222 2036 de
268 2001 423 2035 emec.
493 1988 549 2035 Et
594 1987 779 2049 quidem
825 1988 882 2034 de
929 2002 1046 2049 aqua
1096 1990 1315 2050 scriptum
1363 1995 1434 2035 est
1478 1989 1524 2035 in
1560 1990 1814 2047 Israelitas,
1865 2005 1957 2052 quo
1993 1993 2130 2039 modo

163 2056 462 2120 baptimum,
505 2057 584 2119 qui
621 2056 757 2105 affert
788 2064 1078 2119 peccatorum
1115 2060 1447 2115 remissionem,
1484 2073 1575 2105 non
1613 2060 1703 2106 sint
1739 2062 1996 2122 recepturi,
2049 2062 2131 2109 sed

164 2125 301 2174 alium
337 2126 425 2173 sihi
462 2126 679 2188 paraturi.
749 2127 864 2173 Dicit
901 2127 1051 2188 itaque
1087 2128 1337 2190 propheta:
1376 2128 1640 2190 ,obstupens
1680 2130 1872 2187 coelum,
1912 2138 1957 2177 et
1991 2144 2131 2193 super

164 2196 254 2243 hoc
289 2196 525 2243 inhorreat
558 2203 695 2253 terra,
733 2197 839 2258 quia
874 2197 966 2244 duo
1005 2211 1164 2258 magna
1200 2205 1247 2244 et
1282 2198 1397 2244 mala
1434 2198 1543 2244 fecit
1578 2200 1775 2260 populus
1813 2201 1909 2247 hic:
1945 2215 2017 2247 me
2056 2202 2129 2248 de·

161 2265 459 2326 reliquerunt,
510 2265 680 2312 sontem
726 2267 894 2322 vivum,
949 2274 993 2312 et
1039 2267 1255 2314 foderunt
1300 2266 1384 2313 sihi
1418 2268 1642 2314 cisternas
1689 2270 1924 2316 contritas.
1995 2270 2129 2316 Num·

161 2334 272 2395 quid
320 2341 447 2396 petra
495 2332 683 2381 sterilis‘
731 2330 967 2396 [aquarum
1015 2331 1195 2397 expers]
1246 2343 1332 2392 ,est
1389 2350 1519 2382 mons
1571 2344 1752 2385 sanctus
1805 2353 1934 2385 meus
1982 2337 2128 2386 Sion?

244 2466 320 2520 4³)
348 2462 623 2525 διάσταλμα
653 2481 727 2508 nec
757 2469 865 2521 apud
893 2469 1116 2522 scriptores

160 2524 376 2573 classicos,
406 2536 480 2564 nec
505 2523 546 2564 in
577 2524 619 2565 V.
650 2530 690 2565 et
723 2525 769 2566 N.
803 2525 871 2575 Τ.,
901 2539 975 2566 nec
1006 2527 1113 2579 apud

161 2581 221 2622 Du
251 2580 443 2632 Gangium
479 2580 694 2633 reperitur.
752 2582 1022 2624 Derivandum
1053 2589 1115 2624 est

161 2650 184 2678 a
209 2633 459 2679 deaurato
497 2650 561 2686 αι,
580 2638 785 2692 imperare,
800 2642 1038 2693 praecipere.
1068 2640 1114 2680 11.

158 2693 240 2735 Vox
269 2689 412 2735 διάστ
510 2707 541 2735 α
571 2694 749 2735 occurrit
774 2707 839 2748 ap.
861 2695 986 2738 Clem.
1007 2697 1114 2738 Alex.

161 2750 188 2791 Ι.
230 2763 266 2790 c.
322 2750 400 2791 Pro
475 2745 719 2808 ια’σταλμα
762 2752 862 2794 Men.
905 2753 984 2805 legi
1031 2754 1115 2794 vult

159 2801 417 2864 διῶγαλμα,
447 2819 566 2860 quam
591 2820 732 2849 vocem
748 2821 824 2860 ego
847 2809 1009 2862 quidem
1034 2823 1112 2851 non

161 2875 379 2915 cognosco.
437 2862 628 2905 Fortasse
657 2860 938 2923 διάγγελμα.

243 2931 318 2981 4⁴)
350 2933 418 2973 Sic
448 2945 528 2975 scr.
557 2934 688 2975 nostri
712 2935 856 2986 codd„
886 2932 984 2979 ἐστὶ
1008 2938 1113 2989 vulg.

246 2989 321 3039 ⁴5)
349 2988 428 3030 nat
460 2985 488 3031 ὁ
517 2986 700 3038 δίκαιος
727 2991 836 3032 edidi
852 2993 1008 3034 ratione
1041 2995 1113 3034 ha-

160 3044 242 3086 bita
266 3044 397 3087 codd.
416 3045 444 3086 F
461 3046 495 3087 Ο
511 3045 554 3095 V,
584 3046 653 3088 ubi
671 3053 734 3089 eet
755 3044 782 3090 ὁ
810 3046 1004 3097 δίκαιος.
1035 3051 1114 3092 καὶ

158 3098 224 3152 ἐν,
255 3101 296 3142 iu
327 3101 356 3142 B
377 3101 407 3142 C
430 3101 535 3154 vulg.
564 3099 591 3144 ὁ
624 3099 808 3152 δίκαιος
836 3102 899 3148 ἐν.

242 3171 318 3223 46)
346 3166 488 3214 ἄλλον
503 3184 587 3214 var.
606 3171 697 3215 lect.
718 3185 783 3227 ap.
797 3174 993 3218 vossium.
1011 3178 1112 3219 Mar-

157 3227 237 3279 giui
268 3227 299 3268 Β
328 3227 578 3281 adscriptum
610 3236 673 3272 est
701 3230 764 3272 ἴσ.
786 3227 938 3282 ἄλλον,
970 3240 1110 3287 postea

158 3282 425 3326 obliteratum,

241 3340 316 3393 47)
345 3340 373 3382 Ι.
403 3353 439 3382 e.
471 3341 642 3383 ludaeis.
685 3342 780 3385 len.

242 3422 340 3477 Cap.
373 3424 436 3466 xl.
489 3423 531 3478 1)
558 3423 762 3484 ἠμέλησε
790 3429 926 3471 scribo
963 3444 996 3471 c.
1032 3432 1060 3472 C
1084 3433 1111 3472 F

160 3479 260 3521 ileu.
289 3479 416 3532 Vota„
449 3477 681 3551 ἧματισεν
708 3484 742 3525 0
760 3484 811 3535 V,
842 3483 1037 3544 ἐμέλησε
1071 3489 1112 3529 Β.

241 3535 287 3583 2)
320 3536 366 3579 el
434 3548 541 3596 ερον
573 3550 750 3597 αφεσιν
776 3540 853 3594 leg.
876 3549 990 3596 putat
1012 3545 1112 3585 Men.

159 3591 240 3633 Cir.
272 3591 399 3635 franc
427 3606 451 3635 e
476 3593 503 3636 Ι.
531 3607 567 3637 c.
594 3607 635 3649 p.
654 3595 707 3639 87
739 3609 801 3650 sq.

1253 2470 1298 2521 3)
1331 2468 1673 2526 προσδέξονται
1709 2472 1740 2512 Ο
1777 2474 1817 2514 V.

1255 2526 1300 2576 4)
1335 2528 1422 2568 Non
1455 2541 1665 2568 necessum
1695 2542 1784 2569 esse
1816 2536 1934 2582 puto,
1966 2537 2009 2571 ut
2041 2544 2129 2572 cum

1169 2584 1312 2624 Vossio
1329 2591 1365 2624 et
1384 2584 1725 2636 Cot.reponamus
1741 2582 2130 2643 οῖκονομήσουσι;

1171 2653 1260 2680 nam
1296 2642 1361 2695 τῷ
1395 2639 1667 2699 οἰκοδομεῖν
1696 2645 1928 2685 instituendi
1970 2644 2030 2684 vel
2061 2647 2128 2696 sa—

1169 2699 1299 2738 ciendi
1333 2698 1390 2737 vis
1422 2698 1554 2738 inesse
1586 2705 1742 2750 potest,
1783 2700 1900 2740 ducta
1935 2701 1984 2740 ab
2016 2702 2128 2742 aedi-

1170 2755 1270 2794 liciis
1292 2755 1540 2806 metaphora.
1572 2755 1669 2796 Dav.
1715 2757 1906 2808 Intelligit
1924 2758 2127 2798 Barnabas

1168 2811 1310 2851 crebra
1354 2818 1393 2851 ct
1433 2812 1715 2863 superstitiosa
1747 2813 1985 2854 ludaeorum
2026 2815 2127 2867 bap-

1168 2866 1338 2910 tismata.
1390 2868 1486 2908 Men.
1548 2868 1692 2908 Scribo
1735 2865 2130 2926 οἰκοδομήσουσιν

1168 2938 1202 2964 e.
1234 2924 1266 2963 Ο
1291 2925 1343 2973 V,
1377 2920 1738 2981 οἰκοδομήσουσι
1772 2926 1800 2966 B
1825 2925 1852 2965 C
1884 2926 1987 2976 vulg.
2046 2927 2127 2968 Csr.

1170 2981 1287 3021 Marc.
1323 2980 1361 3029 7,
1392 2981 1431 3022 4.

1251 3037 1296 3089 ὃ)
1327 3034 1523 3092 ἔκστηθι
1568 3039 1596 3078 Β
1621 3038 1648 3077 C
1670 3038 1723 3086 V,
1770 3035 1958 3092 ἕκσιητι
2012 3040 2125 3090 Men„

1169 3090 1369 3135 ἔκσταθι
1402 3095 1433 3134 0
1466 3095 1578 3135 Voss.
1626 3096 1705 3135 Jer.
1740 3096 1778 3143 2,
1820 3095 1878 3136 12.
1921 3096 1981 3137 13.

1254 3153 1297 3202 6)
1327 3147 1353 3202 ἠ
1385 3150 1423 3191 in
1460 3150 1487 3190 C
1523 3164 1625 3192 man.
1645 3164 1704 3204 pr.
1727 3151 2032 3203 supraadditnm
2051 3159 2124 3194 est.

1254 3207 1298 3258 7)
1330 3205 1664 3262 ἐγκατέλειπον
1694 3209 1725 3247 0
1750 3209 1789 3248 V.
1839 3209 1879 3248 ln
1912 3210 2123 3261 niarg.C.:

1167 3263 1223 3303 Me
1256 3265 1546 3330 dereliquerunt
1577 3267 1721 3316 [ovilem
1752 3266 1892 3306 vivunt.
1942 3266 1997 3306 De
2027 3267 2124 3320 bap-

1168 3321 1299 3361 tismo.
1334 3321 1501 3367 λακους
1528 3333 1606 3361 scr.
1641 3322 1685 3361 0.

1255 3377 1298 3429 8)
1332 3378 1519 3418 Fortasse
1550 3378 1612 3416 hic:
1645 3383 1683 3416 et
1713 3378 1819 3429 apud
1858 3378 1956 3420 Lxx
1986 3378 2125 3431 legen-

1169 3433 1261 3473 dum
1278 3440 1339 3474 est
1353 3433 1750 3489 συντετρημένους
1768 3435 2123 3492 (συντετραίνω)

1170 3506 1221 3525 =
1245 3491 1377 3540 fissas,
1410 3493 1651 3542 perforata-5,
1682 3496 1723 3530 ut
1754 3503 1816 3532 ine
1839 3491 2016 3534 Tafelius
2035 3493 2122 3535 V.C.

1170 3553 1318 3586 monet.
1364 3546 1408 3586 ΙΙ.

1256 3601 1302 3654 9)
1335 3602 1424 3642 lsai.
1464 3601 1527 3651 10,
1566 3600 1599 3641 l.
1632 3600 1670 3642 ².
