2340 3900
499 227 728 278 ΕΠΙΔΒ
760 226 998 276 ΡΔΒΤΟΙι.
1070 228 1231 276 uem
1266 227 1339 276 lll.
1409 226 1634 276 sunem
1666 225 1740 276 ιΧ.
1777 222 1851 285 (Β)
2046 219 2148 271 539

187 370 308 417 euim
353 367 505 431 placet
543 364 731 415 domiuo
777 364 913 412 huius
960 366 1132 423 ιιιιιιε,
1170 373 1218 413 et
1260 366 1345 413 hos
1393 366 1569 428 lapidee
1617 366 1664 412 in
1715 363 1870 412 eadem
1916 368 2148 411 structura

187 438 333 499 aptari
355 434 544 492 iuhehit,
575 431 801 511 quoniam
818 433 1046 494 splendidi
1070 443 1179 482 sunt
1213 436 1361 482 nimis.
1433 434 1489 482 Et
1522 448 1635 482 ecce
1657 433 1875 481 mulieres
1905 431 2148 480 duodecim

186 506 315 554 valde
350 502 720 566 specioeissimae
755 502 886 562 nigra
921 509 1047 549 veste
1082 505 1271 551 vestitae
1306 511 1355 550 et
1387 503 1444 550 ab
1468 503 1672 550 humeris
1705 503 1879 550 cinctae
1903 509 1951 549 et
1973 499 2148 563 capillis

186 574 374 622 solutis.
403 563 513 620 han‘
544 571 665 619 visae
700 576 808 617 suut
853 570 963 618 mihi
1006 571 1233 619 silvaticae
1281 586 1400 619 esse.
1474 571 1528 618 Et
1578 571 1710 618 iussit
1758 572 1827 618 eis
1870 577 2031 649 pastor
2073 567 2150 617 ille

187 642 349 690 tollere
379 639 558 702 lepidos
594 638 712 696 illos,
750 639 829 700 qui
866 640 924 686 de
960 647 1188 687 structura
1221 640 1385 687 abiecti
1422 648 1566 697 erant,
1603 646 1651 687 et
1684 640 1930 687 referrem
1955 643 2149 695 montes,

188 710 310 759 undo
343 708 527 756 fueraut
557 707 700 756 allati.
768 707 872 756 lllae
907 716 1057 755 autem
1082 723 1186 755 cum
1224 709 1448 756 hilaritate
1477 709 1693 764 tulerunt,
1726 717 1774 756 ct
1806 713 2153 770 reportaverunt

184 792 268 827 eos
300 777 391 834 ihi,
424 775 549 824 unde
582 776 720 824 eiecti
758 783 903 824 eraut.
972 776 1138 824 Verum
1183 791 1285 824 cum
1331 786 1489 825 essent
1536 791 1696 824 omnes
1743 777 1919 839 lapides
1966 775 2150 832 sublati,

186 860 274 894 nee
310 845 478 907 aliquis
523 844 641 907 lapis
690 846 817 894 circa
864 852 1038 893 turrem
1088 846 1275 893 relictus
1326 853 1477 902 esset,
1532 846 1594 893 ait
1640 846 1778 893 milii:
1820 847 2149 893 circumeamus

185 922 358 963 turrem
393 922 442 962 et
474 914 735 972 videamus,
770 927 829 961 ne
878 914 1047 975 aliquid
1084 915 1204 962 desit
1243 915 1325 964 illi.
1400 914 1455 961 Et
1487 929 1590 962 cum
1639 915 1872 977 coepisset
1905 914 2150 961 circumire

184 997 299 1040 ean,
333 983 447 1031 vidit
481 982 603 1031 illam
636 983 855 1031 decenter
887 982 1197 1041 aedificatam,
1247 990 1294 1030 et
1341 984 1467 1030 valde
1519 983 1674 1030 hilaris
1712 997 1817 1030 esse
1851 984 2019 1045 coepit.
2087 982 2151 1029 lta

186 1053 309 1100 enim
342 1052 580 1114 eleganter
610 1059 712 1100 erat
744 1051 997 1107 aedificata,
1032 1059 1084 1100 ut
1118 1066 1172 1099 ex
1208 1066 1300 1100 uno
1338 1051 1488 1114 lapide
1526 1060 1792 1114 speraretur
1826 1065 1932 1099 esse
1962 1056 2151 1099 structa.

183 1120 493 1169 Comi-issara
524 1123 647 1168 enim
682 1121 754 1170 vel
788 1122 998 1170 iunctura
1033 1121 1156 1169 nulla
1191 1121 1472 1184 apparebat,
1509 1122 1594 1168 sed
1630 1115 1705 1168 ex³
1740 1128 1868 1183 petra
1901 1120 1975 1168 illa
2009 1119 2151 1168 turris

184 1189 318 1238 nohis
352 1189 593 1239 videbatur
623 1204 731 1239 esse
767 1190 904 1247 culta,
938 1197 987 1237 et
1021 1197 1119 1238 erat
1153 1191 1284 1252 quasi
1322 1190 1587 1238 monolitha.
1632 1235 1647 1250 ,

322 1310 389 1374 (a)
421 1315 473 1362 X.
543 1314 672 1363 Unde
702 1329 789 1376 ego
825 1315 1102 1364 circumiens
1137 1330 1243 1363 cum
1278 1328 1335 1363 eo
1363 1316 1519 1363 hilaris
1539 1329 1678 1371 eram,
1704 1315 1807 1362 talia
1828 1315 1948 1362 dona
1978 1313 2154 1360 videus.

185 1383 241 1431 Bt
272 1385 338 1431 ait
373 1383 483 1432 mihi
518 1389 678 1447 pastor
722 1383 823 1432 ille:
873 1384 988 1432 vade
1036 1391 1084 1432 et
1119 1379 1266 1433 adler¹
1314 1384 1485 1431 calcem
1522 1391 1568 1429 et
1603 1390 1766 1430 testam
1812 1383 2056 1438 minutam,
2105 1388 2155 1429 ιιι

184 1451 387 1516 lapidum
420 1451 602 1500 illorum
612 1485 631 1510 ‚
662 1453 740 1514 qui
777 1452 944 1500 sublati
979 1461 1111 1501 eraut
1157 1454 1215 1500 de
1251 1459 1510 1508 structura,
1557 1450 1748 1498 sormam
1784 1449 2013 1511 repleam3
2050 1464 2153 1496 nam

184 1529 233 1569 et
265 1535 346 1579 ea,
404 1533 523 1583 quae
558 1521 684 1568 circa
730 1528 904 1568 turrem
950 1527 1087 1577 sunt,
1132 1521 1283 1567 omnia
1331 1520 1518 1580 aequari
1573 1519 1755 1565 debent.
1827 1518 1882 1565 Et
1929 1518 2018 1565 feci
2066 1531 2152 1579 ego

183 1590 303 1638 sicut
337 1588 476 1637 iussit
506 1588 648 1652 milti,
683 1595 734 1636 et
766 1589 842 1644 id,
890 1589 1016 1650 quod
1064 1589 1287 1645 iusserat,
1335 1588 1475 1635 adtuli
1523 1588 1580 1634 ad
1634 1602 1752 1635 eum.
1826 1586 1880 1634 Et
1926 1587 1988 1634 ait
2022 1587 2154 1635 mihi:

181 1665 367 1721 praesto
416 1665 548 1711 esto;
595 1660 687 1705 cito
737 1671 857 1720 opus
903 1658 994 1704 hoc
1042 1657 1256 1705 efficitur.
1328 1657 1531 1719 Implevit
1576 1670 1687 1717 ergo
1738 1656 1908 1704 formas
1954 1656 2154 1734 lapidum

182 1725 388 1783 illorum,
425 1726 504 1788 qui
541 1726 600 1774 de
630 1733 863 1775 structura
897 1733 1027 1774 erant
1061 1726 1224 1782 ablati,
1263 1727 1489 1787 iussitque
1527 1726 1722 1773 eundem
1767 1726 1918 1772 locum
1954 1725 2153 1787 scopari,

186 1802 237 1843 et
272 1797 319 1843 ιιι
358 1795 554 1843 circuitu
588 1795 795 1844 eiusdem
831 1796 971 1844 turris
1006 1796 1337 1844 commundari.
1413 1796 1538 1842 Tunc
1578 1796 1776 1856 virgines
1815 1795 1917 1843 illae
1954 1794 2155 1856 acceptis

180 1864 338 1927 acopis
370 1864 617 1912 munditias
654 1864 876 1924 feceruut,
912 1872 1152 1926 totumque
1186 1871 1368 1912 stercus
1404 1863 1713 1920 sustulerunt,
1750 1870 1797 1911 et
1829 1877 1992 1925 aquam
2027 1876 2155 1925 spar-

182 1940 359 1981 serunt.
427 1932 528 1991 Quo
562 1932 686 1981 Iacto
717 1933 852 1982 locus
889 1933 967 1981 ille
1006 1934 1154 1980 evasit
1200 1933 1387 1988 hilaris,
1423 1940 1471 1979 et
1507 1932 1662 1979 decori
1714 1932 1799 1980 ιιιιι
1834 1932 1981 1979 eidem
2019 1932 2154 1979 turri.

183 2001 312 2050 Tunc
346 2003 411 2050 ait
443 2001 582 2049 nihi:
615 2002 767 2050 onnia
802 2002 1122 2050 commundata
1155 2009 1277 2049 sunt.
1348 2000 1396 2047 Si
1433 2002 1609 2048 venerit
1645 2001 1881 2054 dominus.
1920 2008 1967 2050 ut
2006 2000 2154 2048 consi·

184 2069 318 2120 deret
350 2070 471 2119 hauc
514 2076 713 2129 turrem,
741 2085 834 2119 non
871 2070 1058 2118 habebit
1106 2071 1163 2118 de
1211 2070 1344 2118 nobis
1392 2070 1538 2131 queri.
1625 2069 1748 2117 llaec
1796 2084 1899 2117 cuin
1950 2070 2153 2126 dixisset,

184 2138 367 2188 volebat
398 2153 426 2186 a
460 2151 535 2187 me
582 2139 666 2187 ire.
737 2139 834 2218 Ego
879 2147 1030 2188 autem
1076 2139 1393 2202 adpraehensa
1430 2153 1540 2200 pera
1575 2139 1678 2186 eius
1722 2139 1873 2200 rogavi
1921 2153 2025 2187 eum
2070 2151 2155 2200 per

185 2207 448 2264 Dominum,
484 2213 538 2255 ιιι
570 2209 680 2256 ιοιιιι
712 2209 879 2266 omnia,
913 2222 1030 2271 quae
1079 2208 1369 2264 ostenderat,
1403 2208 1670 2255 exsolveret.
1743 2206 1820 2255 llle
1856 2214 2008 2255 autem
2045 2206 2156 2256 dixit

182 2276 321 2324 ιιιιιι.
356 2275 572 2366 pusillum
608 2277 755 2325 haheo
790 2278 1123 2340 occupationis,
1160 2284 1207 2324 et
1242 2278 1391 2324 omnia
1431 2276 1510 2323 tibi
1538 2276 1798 2332 exsolvam3
1837 2277 1919 2323 sed
1939 2282 2152 2339 exspecta

183 2358 258 2394 me
295 2346 388 2404 hic,
424 2338 553 2394 ποκ’
589 2347 737 2395 venio.
807 2346 862 2394 m
895 2360 982 2409 ego
1031 2346 1095 2394 illi
1132 2346 1247 2394 dixi:
1302 2346 1498 2403 domine,
1549 2346 1660 2408 quid
1700 2345 1775 2393 hic
1813 2345 2016 2393 facturus
2053 2359 2154 2392 sum

183 2413 344 2463 solusl
392 2413 505 2463 Nam
537 2413 641 2464 illae
676 2411 874 2479 virgines
922 2428 1085 2463 omnes
1123 2422 1272 2463 tecum
1308 2421 1429 2462 sunt.
1500 2414 1595 2476 Ego
1645 2428 1758 2474 ergo
1813 2414 1967 2475 rogavi
2012 2414 2154 2470 illum,

184 2489 236 2532 ut
268 2496 343 2532 ne
375 2483 476 2547 ipsc
510 2482 600 2532 illia
634 2483 848 2533 tradoeet.
919 2483 999 2533 llle
1036 2491 1189 2532 autem
1208 2483 1383 2530 vocavit
1401 2497 1494 2541 eas,
1524 2488 1570 2530 et
1592 2483 1703 2530 dixit
1727 2482 1845 2530 illis.
1883 2483 2154 2531 commendo

181 2549 311 2600 vohis
361 2550 518 2609 huuc,
563 2552 671 2602 du-
715 2553 877 2612 veuio3
923 2560 971 2600 et
1013 2566 1118 2600 mox
1165 2552 1392 2600 discessit.
1461 2551 1676 2599 Remausi
1725 2552 1862 2614 igitur
1909 2566 2012 2599 cum
2059 2552 2147 2599 illis

180 2618 447 2682 virginibus.
518 2618 624 2670 Illae
658 2627 809 2670 autem
843 2621 954 2669 mihi
989 2621 1157 2669 hilares
1204 2621 1319 2668 satis
1356 2627 1403 2668 ct
1437 2620 1644 2669 affabiles
1683 2627 1840 2679 erant,
1877 2613 2144 2684 praecipue⁸

181 2694 333 2738 tamen
369 2688 471 2739 illae
507 2696 739 2754 quattuor,
778 2703 897 2753 quae
932 2697 1063 2738 erant
1096 2690 1497 2753 dignitosissimae.

320 2809 386 2873 (a)
402 2812 476 2861 ¹1.
543 2815 601 2864 n
633 2822 891 2879 coeperunt
926 2816 983 2864 ad
1009 2830 1082 2865 mc
1120 2816 1181 2864 ita
1216 2816 1399 2864 dicere:
1438 2814 1513 2862 ille
1552 2821 1707 2877 pastor
1748 2815 1837 2862 hue
1875 2814 2013 2862 hodie
2049 2828 2154 2861 ven·

184 2888 317 2930 tuns
350 2895 445 2930 non
480 2889 567 2931 est.
635 2883 692 2933 Bt
724 2897 814 2947 ego
850 2885 965 2933 dixit
1002 2886 1113 2948 quid
1149 2899 1261 2946 ergo
1298 2884 1488 2931 faciam?
1539 2883 1592 2930 Et
1628 2883 1732 2931 illac
1768 2883 1879 2930 mihi
1917 2883 2152 2931 dixerunt:

350 3060 386 3095 et
413 3059 517 3097 lesu
542 3056 694 3099 &aaa
723 3054 811 3099 Vnt.
1286 3054 1357 3108 12)
1391 3062 1433 3097 at
1464 3058 1594 3097 omnio
1625 3056 1696 3096 libi
1724 3056 1936 3099 exsolvam.
1983 3054 2154 3109 Expecto

270 3110 296 3151 2
345 3110 991 3166 amm-duupaeeioemu
1021 3125 1141 3166 repo-
1197 3126 1254 3154 nae
1287 3111 1623 3153 anaemhiacvt.

189 3168 259 3207 ain
285 3165 371 3207 Vnt.
1288 3169 1335 3210 13
1388 3168 1448 3207 hic
1480 3167 1562 3207 V.at

272 3240 322 3291 ⁴)
352 3254 413 3282 a
440 3241 525 3283 ν...
1286 3223 1334 3264 u
1393 3222 1442 3262 Ae
1473 3222 1555 3262 νει.

272 3297 299 3338 5
347 3309 408 3338 ω
439 3296 523 3338 η...
1280 3277 1377 3332 Cap.
1407 3277 1468 3319 ΧΙ.
1531 3276 1573 3329 ι)
1601 3290 1672 3329 eac
1706 3288 1783 3319 om.
1811 3277 1894 3319 vat.

270 3353 299 3394 6
347 3354 538 3406 amdan
565 3351 652 3397 vni.
1282 3352 1328 3407 4)
1358 3353 1453 3394 haee
1483 3352 1568 3396 l’al.

269 3407 320 3459 7)
344 3409 498 3461 {or-as
535 3407 712 3463 lopun
747 3421 883 3449 em
922 3408 1033 3458 Vnt..
1072 3410 1139 3464 qni
1282 3409 1328 3459 5)
1359 3409 1429 3448 ud
1456 3420 1509 3448 ea:
1540 3406 1735 3462 repetitur
1759 3408 1799 3451 ln
1818 3406 1915 3459 vni..
1946 3408 2012 3451 nhl
2045 3408 2150 3453 haud

188 3476 269 3506 on.
300 3465 441 3506 bona.
1197 3464 1317 3506 «inme
1345 3463 1603 3505 scribendum
1635 3465 1787 3519 sculpto
1818 3476 1859 3518 p.
1887 3466 2005 3507 euna.

271 3519 301 3562 8
349 3524 389 3562 et
417 3520 684 3562 m
715 3526 863 3563 uer-m
895 3520 983 3561 Ἴσι.
1278 3520 1375 3573 Cap·
1395 3519 1438 3560 x.
1483 3518 1529 3571 ι)
1561 3520 1696 3571 adseri
1730 3531 1819 3561 cum
1850 3527 2000 3574 puncto
2027 3534 2150 3577 supra

344 3576 494 3629 hylaria
521 3574 609 3618 Vat-
1195 3579 1220 3615 d
1254 3576 1310 3616 lit.
1340 3575 1475 3629 posito
1509 3574 1607 3624 rat..
1641 3575 1790 3617 lhidem
1820 3578 1868 3617 de
1903 3581 2148 3621 remotarum.

277 3632 292 3673 ι
374 3634 435 3672 ιη
464 3630 552 3674 Vd-
1280 3631 1326 3684 2)
1358 3631 1479 3672 Vort-
1506 3631 1610 3672 ὀιιιιι.

273 3687 320 3730 ιι
372 3688 427 3730 As
453 3685 553 3738 Vct..
577 3686 623 3731 b
649 3686 730 3731 ho
756 3688 989 3730 eoactum.
1278 3686 1325 3740 3)
1350 3687 1586 3741 praecipue
1606 3685 1690 3728 Pal.
