<?xml version="1.0" encoding="UTF-8"?>
<!DOCTYPE html PUBLIC "-//W3C//DTD XHTML 1.0 Transitional//EN"
    "http://www.w3.org/TR/xhtml1/DTD/xhtml1-transitional.dtd">
<html xmlns="http://www.w3.org/1999/xhtml" xml:lang="en" lang="en">
 <head>
  <title>
</title>
<meta http-equiv="Content-Type" content="text/html;charset=utf-8" />
  <meta name='ocr-system' content='tesseract 3.04.00' />
  <meta name='ocr-capabilities' content='ocr_page ocr_carea ocr_par ocr_line ocrx_word'/>
</head>
<body>
  <div class='ocr_page' id='page_1' title='image "./patrumapostolico00dresuoft_0778.png"; bbox 0 0 2340 3900; ppageno 0'>
   <div class='ocr_carea' id='block_1_1' title="bbox 831 481 1642 560">
    <p class='ocr_par' dir='ltr' id='par_1_1' title="bbox 831 481 1642 560">
     <span class='ocr_line' id='line_1_1' title="bbox 831 481 1642 560; baseline 0.006 -6"><span class='ocrx_word' id='word_1_1' title='bbox 831 481 1224 556; x_wconf 85' lang='lat' dir='ltr'><strong>INDEX</strong></span> <span class='ocrx_word' id='word_1_2' title='bbox 1287 481 1642 560; x_wconf 87' lang='lat' dir='ltr'><strong>LIBRI.</strong></span> 
     </span>
    </p>
   </div>
   <div class='ocr_carea' id='block_1_2' title="bbox 237 661 2215 3273">
    <p class='ocr_par' dir='ltr' id='par_1_2' title="bbox 245 661 2209 712">
     <span class='ocr_line' id='line_1_2' title="bbox 245 661 2209 712; baseline 0.002 -11"><span class='ocrx_word' id='word_1_3' title='bbox 245 661 508 712; x_wconf 83' lang='lat' dir='ltr'><strong><em>Praefatio</em></strong></span> <span class='ocrx_word' id='word_1_4' title='bbox 514 690 1918 705; x_wconf 88' lang='grc'><strong>.....................</strong></span> <span class='ocrx_word' id='word_1_5' title='bbox 2012 695 2014 697; x_wconf 89' lang='grc'>-</span> <span class='ocrx_word' id='word_1_6' title='bbox 2175 675 2209 704; x_wconf 85' lang='lat' dir='ltr'><strong><em>v.</em></strong></span> 
     </span>
    </p>

    <p class='ocr_par' dir='ltr' id='par_1_3' title="bbox 244 716 2212 768">
     <span class='ocr_line' id='line_1_3' title="bbox 244 716 2212 768; baseline 0.002 -12"><span class='ocrx_word' id='word_1_7' title='bbox 244 716 596 768; x_wconf 72' lang='lat' dir='ltr'><strong><em>Proleqomena</em></strong></span> <span class='ocrx_word' id='word_1_8' title='bbox 655 746 1916 761; x_wconf 88' lang='grc'><strong>...................</strong></span> <span class='ocrx_word' id='word_1_9' title='bbox 2146 730 2212 760; x_wconf 82' lang='lat' dir='ltr'><strong><em>vn.</em></strong></span> 
     </span>
    </p>

    <p class='ocr_par' dir='ltr' id='par_1_4' title="bbox 523 771 2210 816">
     <span class='ocr_line' id='line_1_4' title="bbox 523 771 2210 816; baseline 0.001 -3"><span class='ocrx_word' id='word_1_10' title='bbox 523 773 581 813; x_wconf 88' lang='lat' dir='ltr'><strong><em>De</em></strong></span> <span class='ocrx_word' id='word_1_11' title='bbox 610 771 792 813; x_wconf 77' lang='lat' dir='ltr'><strong><em>Barnaba</em></strong></span> <span class='ocrx_word' id='word_1_12' title='bbox 863 802 1917 816; x_wconf 86' lang='grc'><strong>................</strong></span> <span class='ocrx_word' id='word_1_13' title='bbox 2143 786 2210 814; x_wconf 85' lang='lat' dir='ltr'><strong><em>vn.</em></strong></span> 
     </span>
    </p>

    <p class='ocr_par' dir='ltr' id='par_1_5' title="bbox 523 826 2210 872">
     <span class='ocr_line' id='line_1_5' title="bbox 523 826 2210 872; baseline 0.002 -4"><span class='ocrx_word' id='word_1_14' title='bbox 523 828 578 868; x_wconf 91' lang='lat' dir='ltr'><strong><em>De</em></strong></span> <span class='ocrx_word' id='word_1_15' title='bbox 610 826 812 869; x_wconf 83' lang='lat' dir='ltr'>Clemente</span> <span class='ocrx_word' id='word_1_16' title='bbox 869 858 1917 872; x_wconf 89' lang='grc'><strong>................</strong></span> <span class='ocrx_word' id='word_1_17' title='bbox 2143 842 2210 871; x_wconf 85' lang='lat' dir='ltr'><strong><em>xn.</em></strong></span> 
     </span>
    </p>

    <p class='ocr_par' dir='ltr' id='par_1_6' title="bbox 523 883 2211 933">
     <span class='ocr_line' id='line_1_6' title="bbox 523 883 2211 933; baseline 0.001 -10"><span class='ocrx_word' id='word_1_18' title='bbox 523 884 580 924; x_wconf 92' lang='lat' dir='ltr'><strong><em>De</em></strong></span> <span class='ocrx_word' id='word_1_19' title='bbox 609 883 763 933; x_wconf 82' lang='lat' dir='ltr'><strong><em>Ignatio</em></strong></span> <span class='ocrx_word' id='word_1_20' title='bbox 795 914 1915 929; x_wconf 82' lang='lat'><strong>.................</strong></span> <span class='ocrx_word' id='word_1_21' title='bbox 2133 897 2211 926; x_wconf 74' lang='lat' dir='ltr'><strong><em>xxi.</em></strong></span> 
     </span>
    </p>

    <p class='ocr_par' dir='ltr' id='par_1_7' title="bbox 521 940 2212 993">
     <span class='ocr_line' id='line_1_7' title="bbox 521 940 2212 993; baseline 0.001 -15"><span class='ocrx_word' id='word_1_22' title='bbox 521 940 578 979; x_wconf 91' lang='lat' dir='ltr'><strong><em>De</em></strong></span> <span class='ocrx_word' id='word_1_23' title='bbox 614 940 837 993; x_wconf 82' lang='lat' dir='ltr'><strong><em>Polycarpo</em></strong></span> <span class='ocrx_word' id='word_1_24' title='bbox 868 969 1916 988; x_wconf 72' lang='grc'><strong>................</strong></span> <span class='ocrx_word' id='word_1_25' title='bbox 2089 951 2212 980; x_wconf 71' lang='lat' dir='ltr'><strong><em>xxxiv.</em></strong></span> 
     </span>
    </p>

    <p class='ocr_par' dir='ltr' id='par_1_8' title="bbox 520 995 2215 1049">
     <span class='ocr_line' id='line_1_8' title="bbox 520 995 2215 1049; baseline 0.001 -15"><span class='ocrx_word' id='word_1_26' title='bbox 520 995 578 1034; x_wconf 90' lang='lat' dir='ltr'><strong><em>De</em></strong></span> <span class='ocrx_word' id='word_1_27' title='bbox 609 995 755 1036; x_wconf 87' lang='lat' dir='ltr'><strong><em>Herma</em></strong></span> <span class='ocrx_word' id='word_1_28' title='bbox 792 1027 802 1036; x_wconf 92' lang='lat'>.</span> <span class='ocrx_word' id='word_1_29' title='bbox 862 1026 872 1037; x_wconf 89' lang='lat'>.</span> <span class='ocrx_word' id='word_1_30' title='bbox 928 1046 932 1049; x_wconf 11' lang='grc' dir='ltr'>μ</span> <span class='ocrx_word' id='word_1_31' title='bbox 931 1024 1912 1038; x_wconf 89' lang='grc'><strong>...............</strong></span> <span class='ocrx_word' id='word_1_32' title='bbox 2059 1003 2215 1035; x_wconf 69' lang='lat' dir='ltr'><strong><em>’xxxix-</em></strong></span> 
     </span>
    </p>

    <p class='ocr_par' dir='ltr' id='par_1_9' title="bbox 244 1051 2214 1103">
     <span class='ocr_line' id='line_1_9' title="bbox 244 1051 2214 1103; baseline 0 -11"><span class='ocrx_word' id='word_1_33' title='bbox 244 1051 627 1100; x_wconf 79' lang='lat' dir='ltr'><strong><em>Tischendorfii</em></strong></span> <span class='ocrx_word' id='word_1_34' title='bbox 655 1053 1027 1103; x_wconf 73' lang='lat' dir='ltr'><strong><em>proleyomena</em></strong></span> <span class='ocrx_word' id='word_1_35' title='bbox 1054 1055 1104 1094; x_wconf 87' lang='lat' dir='ltr'><strong><em>in</em></strong></span> <span class='ocrx_word' id='word_1_36' title='bbox 1131 1053 1350 1092; x_wconf 86' lang='lat' dir='ltr'><strong><em>Hermam</em></strong></span> <span class='ocrx_word' id='word_1_37' title='bbox 1381 1052 1615 1092; x_wconf 87' lang='lat' dir='ltr'><strong><em>Graecum</em></strong></span> <span class='ocrx_word' id='word_1_38' title='bbox 1628 1079 1917 1091; x_wconf 89' lang='grc'><strong>.....</strong></span> <span class='ocrx_word' id='word_1_39' title='bbox 2108 1061 2214 1092; x_wconf 79' lang='lat' dir='ltr'>xuv.</span> 
     </span>
    </p>

    <p class='ocr_par' dir='ltr' id='par_1_10' title="bbox 241 1105 2214 1156">
     <span class='ocr_line' id='line_1_10' title="bbox 241 1105 2214 1156; baseline 0.001 -9"><span class='ocrx_word' id='word_1_40' title='bbox 241 1106 455 1148; x_wconf 78' lang='lat' dir='ltr'><strong><em>Notitia</em></strong></span> <span class='ocrx_word' id='word_1_41' title='bbox 488 1105 735 1148; x_wconf 82' lang='lat' dir='ltr'><strong><em>Codicum</em></strong></span> <span class='ocrx_word' id='word_1_42' title='bbox 791 1134 1918 1151; x_wconf 88' lang='grc'><strong>.................</strong></span> <span class='ocrx_word' id='word_1_43' title='bbox 2135 1116 2214 1156; x_wconf 64' lang='lat' dir='ltr'><strong><em>tvi.</em></strong></span> 
     </span>
    </p>

    <p class='ocr_par' dir='ltr' id='par_1_11' title="bbox 243 1163 2212 1216">
     <span class='ocr_line' id='line_1_11' title="bbox 243 1163 2212 1216; baseline 0 -14"><span class='ocrx_word' id='word_1_44' title='bbox 243 1163 415 1203; x_wconf 71' lang='lat' dir='ltr'><strong><em>Index</em></strong></span> <span class='ocrx_word' id='word_1_45' title='bbox 446 1163 659 1202; x_wconf 82' lang='lat' dir='ltr'><strong><em>tabulae</em></strong></span> <span class='ocrx_word' id='word_1_46' title='bbox 690 1165 862 1216; x_wconf 82' lang='lat' dir='ltr'><strong><em>lapidi</em></strong></span> <span class='ocrx_word' id='word_1_47' title='bbox 891 1166 1098 1205; x_wconf 85' lang='lat' dir='ltr'><strong><em>incisae</em></strong></span> <span class='ocrx_word' id='word_1_48' title='bbox 1128 1169 1174 1204; x_wconf 90' lang='lat' dir='ltr'><strong><em>et</em></strong></span> <span class='ocrx_word' id='word_1_49' title='bbox 1205 1164 1334 1204; x_wconf 86' lang='lat' dir='ltr'><strong><em>libro</em></strong></span> <span class='ocrx_word' id='word_1_50' title='bbox 1360 1164 1650 1214; x_wconf 76' lang='lat' dir='ltr'><strong><em>praefioeae</em></strong></span> <span class='ocrx_word' id='word_1_51' title='bbox 1701 1191 1714 1204; x_wconf 89' lang='lat'><strong>.</strong></span> <span class='ocrx_word' id='word_1_52' title='bbox 1771 1194 1782 1205; x_wconf 86' lang='lat'><strong>.</strong></span> <span class='ocrx_word' id='word_1_53' title='bbox 1838 1192 1851 1203; x_wconf 86' lang='lat'><strong>.</strong></span> <span class='ocrx_word' id='word_1_54' title='bbox 1907 1192 1919 1203; x_wconf 95' lang='lat'><strong>.</strong></span> <span class='ocrx_word' id='word_1_55' title='bbox 2119 1173 2212 1202; x_wconf 73' lang='lat' dir='ltr'>Lxu.</span> 
     </span>
    </p>

    <p class='ocr_par' dir='ltr' id='par_1_12' title="bbox 239 1218 2213 1270">
     <span class='ocr_line' id='line_1_12' title="bbox 239 1218 2213 1270; baseline 0.001 -12"><span class='ocrx_word' id='word_1_56' title='bbox 239 1218 522 1258; x_wconf 82' lang='lat' dir='ltr'><strong><em>Barnabae</em></strong></span> <span class='ocrx_word' id='word_1_57' title='bbox 556 1219 800 1270; x_wconf 80' lang='lat' dir='ltr'><strong><em>epistola</em></strong></span> <span class='ocrx_word' id='word_1_58' title='bbox 833 1220 1024 1261; x_wconf 82' lang='lat' dir='ltr'><strong><em>Graece</em></strong></span> <span class='ocrx_word' id='word_1_59' title='bbox 1056 1226 1098 1260; x_wconf 86' lang='lat' dir='ltr'><strong><em>et</em></strong></span> <span class='ocrx_word' id='word_1_60' title='bbox 1136 1219 1328 1259; x_wconf 78' lang='lat' dir='ltr'><strong><em>Latine</em></strong></span> <span class='ocrx_word' id='word_1_61' title='bbox 1419 1248 1915 1261; x_wconf 87' lang='grc'><strong>........</strong></span> <span class='ocrx_word' id='word_1_62' title='bbox 2063 1218 2213 1260; x_wconf 83' lang='grc'><strong>1-45,</strong></span> 
     </span>
    </p>

    <p class='ocr_par' dir='ltr' id='par_1_13' title="bbox 245 1271 2211 1316">
     <span class='ocr_line' id='line_1_13' title="bbox 245 1271 2211 1316; baseline 0.001 -3"><span class='ocrx_word' id='word_1_63' title='bbox 245 1273 523 1314; x_wconf 82' lang='lat' dir='ltr'><strong><em>Clementis</em></strong></span> <span class='ocrx_word' id='word_1_64' title='bbox 561 1276 630 1314; x_wconf 85' lang='lat' dir='ltr'><strong><em>ad</em></strong></span> <span class='ocrx_word' id='word_1_65' title='bbox 664 1275 957 1316; x_wconf 79' lang='lat' dir='ltr'><em>Corinthios</em></span> <span class='ocrx_word' id='word_1_66' title='bbox 988 1277 1018 1316; x_wconf 92' lang='grc' dir='ltr'><strong><em>Ι.</em></strong></span> <span class='ocrx_word' id='word_1_67' title='bbox 1080 1277 1266 1316; x_wconf 83' lang='lat' dir='ltr'><strong><em>Graece</em></strong></span> <span class='ocrx_word' id='word_1_68' title='bbox 1297 1279 1340 1314; x_wconf 81' lang='lat' dir='ltr'><strong><em>et</em></strong></span> <span class='ocrx_word' id='word_1_69' title='bbox 1369 1273 1556 1315; x_wconf 81' lang='lat' dir='ltr'><strong><em>Latine</em></strong></span> <span class='ocrx_word' id='word_1_70' title='bbox 1629 1303 1916 1316; x_wconf 82' lang='grc'><strong>.....</strong></span> <span class='ocrx_word' id='word_1_71' title='bbox 1998 1271 2211 1316; x_wconf 83' lang='grc'>46-105.</span> 
     </span>
    </p>

    <p class='ocr_par' dir='ltr' id='par_1_14' title="bbox 245 1327 2212 1372">
     <span class='ocr_line' id='line_1_14' title="bbox 245 1327 2212 1372; baseline 0.001 -3"><span class='ocrx_word' id='word_1_72' title='bbox 245 1329 518 1370; x_wconf 86' lang='lat' dir='ltr'><strong><em>Clementis</em></strong></span> <span class='ocrx_word' id='word_1_73' title='bbox 551 1331 609 1370; x_wconf 87' lang='lat' dir='ltr'><strong><em>ad</em></strong></span> <span class='ocrx_word' id='word_1_74' title='bbox 643 1330 938 1372; x_wconf 79' lang='lat' dir='ltr'><strong><em>Corinthios</em></strong></span> <span class='ocrx_word' id='word_1_75' title='bbox 970 1332 1016 1372; x_wconf 88' lang='lat'><strong><em>11.</em></strong></span> <span class='ocrx_word' id='word_1_76' title='bbox 1079 1332 1260 1371; x_wconf 81' lang='lat' dir='ltr'><strong><em>Graece</em></strong></span> <span class='ocrx_word' id='word_1_77' title='bbox 1295 1334 1339 1370; x_wconf 84' lang='lat' dir='ltr'><strong><em>et</em></strong></span> <span class='ocrx_word' id='word_1_78' title='bbox 1367 1328 1549 1370; x_wconf 81' lang='lat' dir='ltr'><strong><em>Latine</em></strong></span> <span class='ocrx_word' id='word_1_79' title='bbox 1629 1360 1916 1372; x_wconf 87' lang='grc'><strong>.....</strong></span> <span class='ocrx_word' id='word_1_80' title='bbox 1978 1327 2212 1371; x_wconf 84' lang='grc'>106-117.</span> 
     </span>
    </p>

    <p class='ocr_par' dir='ltr' id='par_1_15' title="bbox 242 1384 2214 1437">
     <span class='ocr_line' id='line_1_15' title="bbox 242 1384 2214 1437; baseline 0.001 -12"><span class='ocrx_word' id='word_1_81' title='bbox 242 1385 454 1437; x_wconf 75' lang='lat' dir='ltr'><strong><em>Iynatii</em></strong></span> <span class='ocrx_word' id='word_1_82' title='bbox 492 1387 770 1437; x_wconf 83' lang='lat' dir='ltr'><strong><em>epistolae</em></strong></span> <span class='ocrx_word' id='word_1_83' title='bbox 810 1389 1001 1429; x_wconf 81' lang='lat' dir='ltr'><strong><em>Graece</em></strong></span> <span class='ocrx_word' id='word_1_84' title='bbox 1045 1391 1094 1427; x_wconf 88' lang='lat' dir='ltr'><strong><em>et</em></strong></span> <span class='ocrx_word' id='word_1_85' title='bbox 1135 1387 1324 1427; x_wconf 83' lang='lat' dir='ltr'><strong><em>Latine</em></strong></span> <span class='ocrx_word' id='word_1_86' title='bbox 1354 1415 1918 1427; x_wconf 89' lang='grc'><strong>.........</strong></span> <span class='ocrx_word' id='word_1_87' title='bbox 1978 1384 2214 1431; x_wconf 81' lang='lat'><strong>118—207.</strong></span> 
     </span>
    </p>

    <p class='ocr_par' dir='ltr' id='par_1_16' title="bbox 518 1439 2213 1494">
     <span class='ocr_line' id='line_1_16' title="bbox 518 1439 2213 1494; baseline 0 -13"><span class='ocrx_word' id='word_1_88' title='bbox 518 1442 577 1481; x_wconf 87' lang='lat' dir='ltr'><strong><em>Ad</em></strong></span> <span class='ocrx_word' id='word_1_89' title='bbox 610 1443 808 1494; x_wconf 84' lang='lat' dir='ltr'><strong><em>Ephesios</em></strong></span> <span class='ocrx_word' id='word_1_90' title='bbox 867 1470 1920 1486; x_wconf 86' lang='grc'><strong>................</strong></span> <span class='ocrx_word' id='word_1_91' title='bbox 1980 1439 2213 1483; x_wconf 74' lang='lat' dir='ltr'><strong><em>lis—139.</em></strong></span> 
     </span>
    </p>

    <p class='ocr_par' dir='ltr' id='par_1_17' title="bbox 515 1495 2213 1548">
     <span class='ocr_line' id='line_1_17' title="bbox 515 1495 2213 1548; baseline 0 -11"><span class='ocrx_word' id='word_1_92' title='bbox 515 1497 573 1537; x_wconf 92' lang='lat' dir='ltr'><strong><em>Ad</em></strong></span> <span class='ocrx_word' id='word_1_93' title='bbox 603 1499 828 1548; x_wconf 87' lang='lat' dir='ltr'><strong><em>Magnesios</em></strong></span> <span class='ocrx_word' id='word_1_94' title='bbox 861 1526 1918 1541; x_wconf 87' lang='lat'><strong>................</strong></span> <span class='ocrx_word' id='word_1_95' title='bbox 1979 1495 2213 1538; x_wconf 85' lang='lat'><strong>140—153.</strong></span> 
     </span>
    </p>

    <p class='ocr_par' dir='ltr' id='par_1_18' title="bbox 517 1552 2213 1598">
     <span class='ocr_line' id='line_1_18' title="bbox 517 1552 2213 1598; baseline 0.001 -6"><span class='ocrx_word' id='word_1_96' title='bbox 517 1553 576 1592; x_wconf 81' lang='lat' dir='ltr'><strong><em>Ad</em></strong></span> <span class='ocrx_word' id='word_1_97' title='bbox 607 1554 834 1594; x_wconf 81' lang='lat' dir='ltr'><strong><em>Trallianos</em></strong></span> <span class='ocrx_word' id='word_1_98' title='bbox 859 1581 1917 1598; x_wconf 83' lang='grc'><strong>................</strong></span> <span class='ocrx_word' id='word_1_99' title='bbox 1978 1552 2213 1595; x_wconf 75' lang='lat'><strong>152-163.</strong></span> 
     </span>
    </p>

    <p class='ocr_par' dir='ltr' id='par_1_19' title="bbox 518 1607 2213 1651">
     <span class='ocr_line' id='line_1_19' title="bbox 518 1607 2213 1651; baseline 0.001 -3"><span class='ocrx_word' id='word_1_100' title='bbox 518 1609 577 1648; x_wconf 82' lang='lat' dir='ltr'><strong><em>Ad</em></strong></span> <span class='ocrx_word' id='word_1_101' title='bbox 606 1610 807 1650; x_wconf 86' lang='lat' dir='ltr'><strong><em>Romanos</em></strong></span> <span class='ocrx_word' id='word_1_102' title='bbox 863 1638 1916 1651; x_wconf 86' lang='grc'><strong>................</strong></span> <span class='ocrx_word' id='word_1_103' title='bbox 1979 1607 2213 1651; x_wconf 86' lang='lat'>164—173.</span> 
     </span>
    </p>

    <p class='ocr_par' dir='ltr' id='par_1_20' title="bbox 515 1662 2212 1718">
     <span class='ocr_line' id='line_1_20' title="bbox 515 1662 2212 1718; baseline 0.001 -15"><span class='ocrx_word' id='word_1_104' title='bbox 515 1664 574 1703; x_wconf 81' lang='lat' dir='ltr'><strong><em>Ad</em></strong></span> <span class='ocrx_word' id='word_1_105' title='bbox 604 1665 963 1718; x_wconf 79' lang='lat' dir='ltr'><strong><em>philadelphenses</em></strong></span> <span class='ocrx_word' id='word_1_106' title='bbox 1002 1693 1917 1708; x_wconf 87' lang='grc'><strong>..............</strong></span> <span class='ocrx_word' id='word_1_107' title='bbox 1977 1662 2212 1708; x_wconf 81' lang='grc'>174-185,</span> 
     </span>
    </p>

    <p class='ocr_par' dir='ltr' id='par_1_21' title="bbox 514 1716 2211 1772">
     <span class='ocr_line' id='line_1_21' title="bbox 514 1716 2211 1772; baseline 0.001 -14"><span class='ocrx_word' id='word_1_108' title='bbox 514 1719 574 1758; x_wconf 88' lang='lat' dir='ltr'><strong><em>Ad</em></strong></span> <span class='ocrx_word' id='word_1_109' title='bbox 605 1720 845 1772; x_wconf 83' lang='lat' dir='ltr'><strong><em>Smyrnaeos</em></strong></span> <span class='ocrx_word' id='word_1_110' title='bbox 857 1748 1917 1763; x_wconf 84' lang='grc'><strong>................</strong></span> <span class='ocrx_word' id='word_1_111' title='bbox 1969 1716 2211 1763; x_wconf 67' lang='grc'><strong>’184-197,</strong></span> 
     </span>
    </p>

    <p class='ocr_par' dir='ltr' id='par_1_22' title="bbox 515 1772 2212 1827">
     <span class='ocr_line' id='line_1_22' title="bbox 515 1772 2212 1827; baseline 0.001 -14"><span class='ocrx_word' id='word_1_112' title='bbox 515 1774 574 1813; x_wconf 88' lang='lat' dir='ltr'><strong><em>Ad</em></strong></span> <span class='ocrx_word' id='word_1_113' title='bbox 605 1776 872 1827; x_wconf 81' lang='lat' dir='ltr'><strong><em>Polycarpum</em></strong></span> <span class='ocrx_word' id='word_1_114' title='bbox 934 1803 1914 1817; x_wconf 90' lang='grc'><strong>...............</strong></span> <span class='ocrx_word' id='word_1_115' title='bbox 1978 1772 2212 1816; x_wconf 81' lang='lat'><strong>198—207.</strong></span> 
     </span>
    </p>

    <p class='ocr_par' dir='ltr' id='par_1_23' title="bbox 237 1829 2211 1939">
     <span class='ocr_line' id='line_1_23' title="bbox 237 1829 2211 1882; baseline 0.001 -14"><span class='ocrx_word' id='word_1_116' title='bbox 237 1829 544 1879; x_wconf 73' lang='lat' dir='ltr'><strong><em>Martyrium</em></strong></span> <span class='ocrx_word' id='word_1_117' title='bbox 574 1831 779 1882; x_wconf 69' lang='lat' dir='ltr'><strong><em>Ignatii</em></strong></span> <span class='ocrx_word' id='word_1_118' title='bbox 822 1832 1012 1872; x_wconf 86' lang='lat' dir='ltr'><strong><em>Graece</em></strong></span> <span class='ocrx_word' id='word_1_119' title='bbox 1048 1837 1085 1871; x_wconf 89' lang='lat' dir='ltr'><strong><em>et</em></strong></span> <span class='ocrx_word' id='word_1_120' title='bbox 1114 1831 1302 1871; x_wconf 85' lang='lat' dir='ltr'><strong><em>Latine</em></strong></span> <span class='ocrx_word' id='word_1_121' title='bbox 1345 1858 1911 1871; x_wconf 90' lang='grc'><strong>.........</strong></span> <span class='ocrx_word' id='word_1_122' title='bbox 1970 1829 2211 1871; x_wconf 85' lang='grc'><strong>208-217.</strong></span> 
     </span>
     <span class='ocr_line' id='line_1_24' title="bbox 245 1885 1913 1939; baseline 0.001 -16"><span class='ocrx_word' id='word_1_123' title='bbox 245 1885 445 1938; x_wconf 72' lang='lat' dir='ltr'><strong><em>lynatii</em></strong></span> <span class='ocrx_word' id='word_1_124' title='bbox 478 1887 757 1936; x_wconf 81' lang='lat' dir='ltr'><strong><em>epistolae</em></strong></span> <span class='ocrx_word' id='word_1_125' title='bbox 788 1888 1168 1939; x_wconf 84' lang='lat' dir='ltr'><strong><em>interpolatae,</em></strong></span> <span class='ocrx_word' id='word_1_126' title='bbox 1199 1888 1421 1936; x_wconf 83' lang='lat' dir='ltr'><strong><em>dubiae,</em></strong></span> <span class='ocrx_word' id='word_1_127' title='bbox 1457 1887 1706 1938; x_wconf 82' lang='lat' dir='ltr'><strong><em>spuriae,</em></strong></span> <span class='ocrx_word' id='word_1_128' title='bbox 1739 1886 1913 1926; x_wconf 84' lang='lat' dir='ltr'><strong><em>Graece</em></strong></span> 
     </span>
    </p>

    <p class='ocr_par' dir='ltr' id='par_1_24' title="bbox 410 1937 2212 1985">
     <span class='ocr_line' id='line_1_25' title="bbox 410 1937 2212 1985; baseline 0.002 -4"><span class='ocrx_word' id='word_1_129' title='bbox 410 1947 456 1981; x_wconf 90' lang='lat' dir='ltr'><strong><em>et</em></strong></span> <span class='ocrx_word' id='word_1_130' title='bbox 499 1941 687 1982; x_wconf 87' lang='lat' dir='ltr'><strong><em>Latine</em></strong></span> <span class='ocrx_word' id='word_1_131' title='bbox 719 1970 1914 1984; x_wconf 84' lang='lat'><strong>..................</strong></span> <span class='ocrx_word' id='word_1_132' title='bbox 1971 1937 2212 1985; x_wconf 78' lang='lat'>218—349.</span> 
     </span>
    </p>

    <p class='ocr_par' dir='ltr' id='par_1_25' title="bbox 516 1993 2210 2050">
     <span class='ocr_line' id='line_1_26' title="bbox 516 1993 2210 2050; baseline -0.002 -11"><span class='ocrx_word' id='word_1_133' title='bbox 516 1998 661 2039; x_wconf 85' lang='lat' dir='ltr'><strong><em>Mariae</em></strong></span> <span class='ocrx_word' id='word_1_134' title='bbox 693 2011 739 2038; x_wconf 88' lang='lat' dir='ltr'><strong><em>ex</em></strong></span> <span class='ocrx_word' id='word_1_135' title='bbox 767 1998 998 2039; x_wconf 85' lang='lat' dir='ltr'><strong><em>Cassobelis</em></strong></span> <span class='ocrx_word' id='word_1_136' title='bbox 1029 1999 1079 2039; x_wconf 81' lang='lat' dir='ltr'><strong><em>ad</em></strong></span> <span class='ocrx_word' id='word_1_137' title='bbox 1109 1999 1302 2050; x_wconf 84' lang='lat' dir='ltr'><strong><em>Ignatium</em></strong></span> <span class='ocrx_word' id='word_1_138' title='bbox 1348 2027 1915 2039; x_wconf 81' lang='lat'><strong>.........</strong></span> <span class='ocrx_word' id='word_1_139' title='bbox 1973 1993 2210 2039; x_wconf 79' lang='lat'><strong>218-222.</strong></span> 
     </span>
    </p>

    <p class='ocr_par' dir='ltr' id='par_1_26' title="bbox 514 2050 2209 2097">
     <span class='ocr_line' id='line_1_27' title="bbox 514 2050 2209 2097; baseline -0.001 -3"><span class='ocrx_word' id='word_1_140' title='bbox 514 2054 573 2094; x_wconf 83' lang='lat' dir='ltr'><strong><em>Ad</em></strong></span> <span class='ocrx_word' id='word_1_141' title='bbox 603 2054 766 2094; x_wconf 81' lang='lat' dir='ltr'><strong><em>Mariam</em></strong></span> <span class='ocrx_word' id='word_1_142' title='bbox 809 2054 1104 2096; x_wconf 85' lang='lat' dir='ltr'><strong><em>Cassobolitam</em></strong></span> <span class='ocrx_word' id='word_1_143' title='bbox 1136 2082 1914 2097; x_wconf 87' lang='grc'><strong>............</strong></span> <span class='ocrx_word' id='word_1_144' title='bbox 1972 2050 2209 2094; x_wconf 82' lang='grc'><strong>223-227.</strong></span> 
     </span>
    </p>

    <p class='ocr_par' dir='ltr' id='par_1_27' title="bbox 516 2106 2212 2153">
     <span class='ocr_line' id='line_1_28' title="bbox 516 2106 2212 2153; baseline -0.001 -4"><span class='ocrx_word' id='word_1_145' title='bbox 516 2110 575 2150; x_wconf 91' lang='lat' dir='ltr'><strong><em>Ad</em></strong></span> <span class='ocrx_word' id='word_1_146' title='bbox 608 2107 835 2151; x_wconf 86' lang='lat' dir='ltr'><strong><em>Trallianos</em></strong></span> <span class='ocrx_word' id='word_1_147' title='bbox 861 2138 1915 2153; x_wconf 87' lang='grc'><strong>................</strong></span> <span class='ocrx_word' id='word_1_148' title='bbox 1973 2106 2212 2150; x_wconf 79' lang='grc'><strong>228-241.</strong></span> 
     </span>
    </p>

    <p class='ocr_par' dir='ltr' id='par_1_28' title="bbox 513 2160 2211 2217">
     <span class='ocr_line' id='line_1_29' title="bbox 513 2160 2211 2217; baseline -0.001 -12"><span class='ocrx_word' id='word_1_149' title='bbox 513 2166 572 2206; x_wconf 88' lang='lat' dir='ltr'><strong><em>Ad</em></strong></span> <span class='ocrx_word' id='word_1_150' title='bbox 602 2167 879 2217; x_wconf 86' lang='lat' dir='ltr'><strong><em>Magnesianos</em></strong></span> <span class='ocrx_word' id='word_1_151' title='bbox 930 2194 1915 2208; x_wconf 89' lang='grc'><strong>...............</strong></span> <span class='ocrx_word' id='word_1_152' title='bbox 1974 2160 2211 2205; x_wconf 82' lang='grc'>242-254.</span> 
     </span>
    </p>

    <p class='ocr_par' dir='ltr' id='par_1_29' title="bbox 516 2219 2210 2264">
     <span class='ocr_line' id='line_1_30' title="bbox 516 2219 2210 2264; baseline -0.001 -3"><span class='ocrx_word' id='word_1_153' title='bbox 516 2222 575 2261; x_wconf 86' lang='lat' dir='ltr'><strong><em>Ad</em></strong></span> <span class='ocrx_word' id='word_1_154' title='bbox 605 2222 824 2263; x_wconf 80' lang='lat' dir='ltr'><strong><em>Tarsenses</em></strong></span> <span class='ocrx_word' id='word_1_155' title='bbox 863 2250 1916 2264; x_wconf 88' lang='grc'><strong>................</strong></span> <span class='ocrx_word' id='word_1_156' title='bbox 1973 2219 2210 2262; x_wconf 82' lang='lat'><strong>254—263.</strong></span> 
     </span>
    </p>

    <p class='ocr_par' dir='ltr' id='par_1_30' title="bbox 517 2274 2211 2331">
     <span class='ocr_line' id='line_1_31' title="bbox 517 2274 2211 2331; baseline -0.001 -14"><span class='ocrx_word' id='word_1_157' title='bbox 517 2278 575 2317; x_wconf 85' lang='lat' dir='ltr'><strong><em>Ad</em></strong></span> <span class='ocrx_word' id='word_1_158' title='bbox 608 2278 888 2331; x_wconf 86' lang='lat' dir='ltr'><strong><em>Philippenses</em></strong></span> <span class='ocrx_word' id='word_1_159' title='bbox 933 2305 1916 2321; x_wconf 85' lang='grc'><strong>...............</strong></span> <span class='ocrx_word' id='word_1_160' title='bbox 1973 2274 2211 2317; x_wconf 82' lang='lat'><strong>264—275.</strong></span> 
     </span>
    </p>

    <p class='ocr_par' dir='ltr' id='par_1_31' title="bbox 515 2330 2212 2386">
     <span class='ocr_line' id='line_1_32' title="bbox 515 2330 2212 2386; baseline -0.001 -14"><span class='ocrx_word' id='word_1_161' title='bbox 515 2333 574 2373; x_wconf 87' lang='lat' dir='ltr'><strong><em>Ad</em></strong></span> <span class='ocrx_word' id='word_1_162' title='bbox 604 2334 961 2386; x_wconf 87' lang='lat' dir='ltr'><strong><em>Philadephienses</em></strong></span> <span class='ocrx_word' id='word_1_163' title='bbox 1000 2361 1916 2377; x_wconf 91' lang='grc'><strong>..............</strong></span> <span class='ocrx_word' id='word_1_164' title='bbox 1975 2330 2212 2372; x_wconf 79' lang='lat'>276—289.</span> 
     </span>
    </p>

    <p class='ocr_par' dir='ltr' id='par_1_32' title="bbox 516 2387 2211 2441">
     <span class='ocr_line' id='line_1_33' title="bbox 516 2387 2211 2441; baseline 0 -14"><span class='ocrx_word' id='word_1_165' title='bbox 516 2389 574 2427; x_wconf 88' lang='lat' dir='ltr'><strong><em>Ad</em></strong></span> <span class='ocrx_word' id='word_1_166' title='bbox 609 2390 872 2441; x_wconf 86' lang='lat' dir='ltr'><strong><em>Smyrnenses</em></strong></span> <span class='ocrx_word' id='word_1_167' title='bbox 930 2418 1917 2432; x_wconf 87' lang='grc'><strong>...............</strong></span> <span class='ocrx_word' id='word_1_168' title='bbox 1975 2387 2211 2429; x_wconf 86' lang='grc'><strong>290-301.</strong></span> 
     </span>
    </p>

    <p class='ocr_par' dir='ltr' id='par_1_33' title="bbox 514 2442 2211 2496">
     <span class='ocr_line' id='line_1_34' title="bbox 514 2442 2211 2496; baseline -0.001 -13"><span class='ocrx_word' id='word_1_169' title='bbox 514 2443 572 2483; x_wconf 84' lang='lat' dir='ltr'><strong><em>Ad</em></strong></span> <span class='ocrx_word' id='word_1_170' title='bbox 601 2445 867 2496; x_wconf 83' lang='lat' dir='ltr'><strong><em>Polycarpum</em></strong></span> <span class='ocrx_word' id='word_1_171' title='bbox 934 2473 1918 2488; x_wconf 84' lang='grc'><strong>...............</strong></span> <span class='ocrx_word' id='word_1_172' title='bbox 1975 2442 2211 2484; x_wconf 84' lang='lat'>302—305.</span> 
     </span>
    </p>

    <p class='ocr_par' dir='ltr' id='par_1_34' title="bbox 516 2498 2212 2543">
     <span class='ocr_line' id='line_1_35' title="bbox 516 2498 2212 2543; baseline -0.001 -5"><span class='ocrx_word' id='word_1_173' title='bbox 516 2499 575 2538; x_wconf 91' lang='lat' dir='ltr'><strong><em>Ad</em></strong></span> <span class='ocrx_word' id='word_1_174' title='bbox 603 2500 890 2540; x_wconf 80' lang='lat' dir='ltr'><strong><em>Antiochenses</em></strong></span> <span class='ocrx_word' id='word_1_175' title='bbox 932 2528 1916 2543; x_wconf 86' lang='grc'><strong>...............</strong></span> <span class='ocrx_word' id='word_1_176' title='bbox 1975 2498 2212 2540; x_wconf 84' lang='lat'>306—313.</span> 
     </span>
    </p>

    <p class='ocr_par' dir='ltr' id='par_1_35' title="bbox 517 2553 2211 2598">
     <span class='ocr_line' id='line_1_36' title="bbox 517 2553 2211 2598; baseline 0.001 -5"><span class='ocrx_word' id='word_1_177' title='bbox 517 2554 575 2593; x_wconf 77' lang='lat' dir='ltr'><strong><em>Ad</em></strong></span> <span class='ocrx_word' id='word_1_178' title='bbox 607 2555 808 2595; x_wconf 88' lang='lat' dir='ltr'><strong><em>Heronem</em></strong></span> <span class='ocrx_word' id='word_1_179' title='bbox 819 2585 1916 2598; x_wconf 88' lang='grc'><strong>.................</strong></span> <span class='ocrx_word' id='word_1_180' title='bbox 1973 2553 2211 2595; x_wconf 82' lang='grc'><strong><em>314-321,</em></strong></span> 
     </span>
    </p>

    <p class='ocr_par' dir='ltr' id='par_1_36' title="bbox 517 2609 2210 2661">
     <span class='ocr_line' id='line_1_37' title="bbox 517 2609 2210 2661; baseline 0 -13"><span class='ocrx_word' id='word_1_181' title='bbox 517 2609 575 2648; x_wconf 90' lang='lat' dir='ltr'><strong><em>Ad</em></strong></span> <span class='ocrx_word' id='word_1_182' title='bbox 617 2611 815 2661; x_wconf 88' lang='lat' dir='ltr'><strong><em>Ephesios</em></strong></span> <span class='ocrx_word' id='word_1_183' title='bbox 863 2638 1916 2653; x_wconf 89' lang='grc'><strong>................</strong></span> <span class='ocrx_word' id='word_1_184' title='bbox 1973 2609 2210 2650; x_wconf 80' lang='lat'><strong>320—339.</strong></span> 
     </span>
    </p>

    <p class='ocr_par' dir='ltr' id='par_1_37' title="bbox 518 2662 2209 2708">
     <span class='ocr_line' id='line_1_38' title="bbox 518 2662 2209 2708; baseline -0.001 -4"><span class='ocrx_word' id='word_1_185' title='bbox 518 2665 576 2704; x_wconf 85' lang='lat' dir='ltr'><strong><em>Ad</em></strong></span> <span class='ocrx_word' id='word_1_186' title='bbox 614 2666 814 2706; x_wconf 89' lang='lat' dir='ltr'><strong><em>Romanos</em></strong></span> <span class='ocrx_word' id='word_1_187' title='bbox 863 2693 1846 2708; x_wconf 91' lang='grc'><strong>...............</strong></span> <span class='ocrx_word' id='word_1_188' title='bbox 1871 2696 1874 2697; x_wconf 22' lang='lat'><em>⁷</em></span> <span class='ocrx_word' id='word_1_189' title='bbox 1906 2694 1916 2704; x_wconf 92' lang='lat'><strong><em>.</em></strong></span> <span class='ocrx_word' id='word_1_190' title='bbox 1972 2662 2209 2704; x_wconf 70' lang='lat'>340—348.</span> 
     </span>
    </p>

    <p class='ocr_par' dir='ltr' id='par_1_38' title="bbox 520 2717 2208 2776">
     <span class='ocr_line' id='line_1_39' title="bbox 520 2717 2208 2776; baseline -0.001 -17"><span class='ocrx_word' id='word_1_191' title='bbox 520 2717 596 2773; x_wconf 89' lang='lat' dir='ltr'><strong><em>[Ad</em></strong></span> <span class='ocrx_word' id='word_1_192' title='bbox 626 2721 841 2761; x_wconf 85' lang='lat' dir='ltr'><strong><em>Iohannem</em></strong></span> <span class='ocrx_word' id='word_1_193' title='bbox 873 2723 1101 2773; x_wconf 85' lang='lat' dir='ltr'><strong><em>apostolum</em></strong></span> <span class='ocrx_word' id='word_1_194' title='bbox 1133 2723 1233 2761; x_wconf 86' lang='lat' dir='ltr'><strong><em>duae</em></strong></span> <span class='ocrx_word' id='word_1_195' title='bbox 1262 2727 1302 2761; x_wconf 85' lang='lat' dir='ltr'><strong><em>et</em></strong></span> <span class='ocrx_word' id='word_1_196' title='bbox 1329 2721 1379 2760; x_wconf 86' lang='lat' dir='ltr'><strong><em>ad</em></strong></span> <span class='ocrx_word' id='word_1_197' title='bbox 1412 2720 1452 2759; x_wconf 81' lang='lat' dir='ltr'><strong><em>S.</em></strong></span> <span class='ocrx_word' id='word_1_198' title='bbox 1486 2719 1667 2776; x_wconf 86' lang='lat' dir='ltr'><strong><em>Mariam]</em></strong></span> <span class='ocrx_word' id='word_1_199' title='bbox 1698 2720 1837 2762; x_wconf 81' lang='lat' dir='ltr'><strong><em>Latine</em></strong></span> <span class='ocrx_word' id='word_1_200' title='bbox 1904 2749 1914 2759; x_wconf 85' lang='lat'><strong>.</strong></span> <span class='ocrx_word' id='word_1_201' title='bbox 1972 2718 2208 2760; x_wconf 82' lang='lat'>348—349.</span> 
     </span>
    </p>

    <p class='ocr_par' dir='ltr' id='par_1_39' title="bbox 237 2773 2209 2827">
     <span class='ocr_line' id='line_1_40' title="bbox 237 2773 2209 2827; baseline 0 -13"><span class='ocrx_word' id='word_1_202' title='bbox 237 2776 554 2826; x_wconf 80' lang='lat' dir='ltr'><strong><em>Martyrium</em></strong></span> <span class='ocrx_word' id='word_1_203' title='bbox 588 2777 802 2827; x_wconf 74' lang='lat' dir='ltr'><strong><em>Iynatii</em></strong></span> <span class='ocrx_word' id='word_1_204' title='bbox 837 2778 1022 2819; x_wconf 89' lang='lat' dir='ltr'><strong><em>Graece</em></strong></span> <span class='ocrx_word' id='word_1_205' title='bbox 1055 2783 1098 2818; x_wconf 90' lang='lat' dir='ltr'><strong><em>et</em></strong></span> <span class='ocrx_word' id='word_1_206' title='bbox 1127 2778 1314 2817; x_wconf 79' lang='lat' dir='ltr'><strong><em>Latine</em></strong></span> <span class='ocrx_word' id='word_1_207' title='bbox 1347 2806 1705 2818; x_wconf 90' lang='grc'><strong>......</strong></span> <span class='ocrx_word' id='word_1_208' title='bbox 1709 2817 1713 2821; x_wconf 89' lang='grc'>,</span> <span class='ocrx_word' id='word_1_209' title='bbox 1765 2807 1776 2817; x_wconf 91' lang='grc'><strong>.</strong></span> <span class='ocrx_word' id='word_1_210' title='bbox 1835 2805 1844 2815; x_wconf 92' lang='grc'><strong>.</strong></span> <span class='ocrx_word' id='word_1_211' title='bbox 1904 2804 1914 2814; x_wconf 93' lang='grc'><strong>.</strong></span> <span class='ocrx_word' id='word_1_212' title='bbox 1972 2773 2209 2816; x_wconf 78' lang='grc'><strong>350-367.</strong></span> 
     </span>
    </p>

    <p class='ocr_par' dir='ltr' id='par_1_40' title="bbox 237 2829 2210 2885">
     <span class='ocr_line' id='line_1_41' title="bbox 237 2829 2210 2885; baseline 0.001 -15"><span class='ocrx_word' id='word_1_213' title='bbox 237 2831 546 2881; x_wconf 76' lang='lat' dir='ltr'><strong><em>Martyrium</em></strong></span> <span class='ocrx_word' id='word_1_214' title='bbox 576 2830 882 2885; x_wconf 82' lang='lat' dir='ltr'><strong><em>(ineditum)</em></strong></span> <span class='ocrx_word' id='word_1_215' title='bbox 913 2834 1116 2884; x_wconf 78' lang='lat' dir='ltr'><strong><em>Iynatii</em></strong></span> <span class='ocrx_word' id='word_1_216' title='bbox 1149 2834 1362 2873; x_wconf 89' lang='lat' dir='ltr'><strong><em>Graece.</em></strong></span> <span class='ocrx_word' id='word_1_217' title='bbox 1421 2831 1443 2871; x_wconf 81' lang='lat'><strong><em>.&#39;</em></strong></span> <span class='ocrx_word' id='word_1_218' title='bbox 1491 2859 1915 2873; x_wconf 88' lang='grc'><strong>.......</strong></span> <span class='ocrx_word' id='word_1_219' title='bbox 1971 2829 2210 2871; x_wconf 78' lang='grc'><strong>368-375.</strong></span> 
     </span>
    </p>

    <p class='ocr_par' dir='ltr' id='par_1_41' title="bbox 239 2883 2210 2941">
     <span class='ocr_line' id='line_1_42' title="bbox 239 2883 2210 2941; baseline 0 -16"><span class='ocrx_word' id='word_1_220' title='bbox 239 2887 526 2938; x_wconf 79' lang='lat' dir='ltr'><strong><em>Polycarpi</em></strong></span> <span class='ocrx_word' id='word_1_221' title='bbox 557 2889 804 2939; x_wconf 83' lang='lat' dir='ltr'><strong><em>epistola</em></strong></span> <span class='ocrx_word' id='word_1_222' title='bbox 836 2890 898 2928; x_wconf 87' lang='lat' dir='ltr'><strong><em>ad</em></strong></span> <span class='ocrx_word' id='word_1_223' title='bbox 927 2888 1524 2941; x_wconf 75' lang='lat' dir='ltr'><strong><em>Philippenses&#39;Gracce</em></strong></span> <span class='ocrx_word' id='word_1_224' title='bbox 1556 2888 1847 2928; x_wconf 85' lang='lat' dir='ltr'><strong><em>etLatine.</em></strong></span> <span class='ocrx_word' id='word_1_225' title='bbox 1903 2915 1914 2926; x_wconf 87' lang='lat'><strong>.</strong></span> <span class='ocrx_word' id='word_1_226' title='bbox 1972 2883 2210 2927; x_wconf 80' lang='lat'><strong>376—391.</strong></span> 
     </span>
    </p>

    <p class='ocr_par' dir='ltr' id='par_1_42' title="bbox 240 2940 2209 2995">
     <span class='ocr_line' id='line_1_43' title="bbox 240 2940 2209 2995; baseline 0 -14"><span class='ocrx_word' id='word_1_227' title='bbox 240 2942 553 2992; x_wconf 77' lang='lat' dir='ltr'><strong><em>Martyrium</em></strong></span> <span class='ocrx_word' id='word_1_228' title='bbox 588 2943 867 2995; x_wconf 78' lang='lat' dir='ltr'><strong><em>Polycarpi</em></strong></span> <span class='ocrx_word' id='word_1_229' title='bbox 900 2945 1097 2985; x_wconf 89' lang='lat' dir='ltr'><strong><em>Graece</em></strong></span> <span class='ocrx_word' id='word_1_230' title='bbox 1128 2949 1175 2984; x_wconf 92' lang='lat' dir='ltr'><strong><em>et</em></strong></span> <span class='ocrx_word' id='word_1_231' title='bbox 1205 2944 1388 2984; x_wconf 87' lang='lat' dir='ltr'><strong><em>Latine</em></strong></span> <span class='ocrx_word' id='word_1_232' title='bbox 1419 2971 1912 2984; x_wconf 88' lang='grc'><strong>........</strong></span> <span class='ocrx_word' id='word_1_233' title='bbox 1970 2940 2209 2982; x_wconf 82' lang='lat'>391—407.</span> 
     </span>
    </p>

    <p class='ocr_par' dir='ltr' id='par_1_43' title="bbox 237 2997 2210 3052">
     <span class='ocr_line' id='line_1_44' title="bbox 237 2997 2210 3052; baseline -0.001 -15"><span class='ocrx_word' id='word_1_234' title='bbox 237 2998 450 3038; x_wconf 87' lang='lat' dir='ltr'><strong><em>Hermae</em></strong></span> <span class='ocrx_word' id='word_1_235' title='bbox 479 2998 670 3039; x_wconf 87' lang='lat' dir='ltr'><strong><em>Pastor</em></strong></span> <span class='ocrx_word' id='word_1_236' title='bbox 697 3011 742 3038; x_wconf 89' lang='lat' dir='ltr'><strong><em>ex</em></strong></span> <span class='ocrx_word' id='word_1_237' title='bbox 774 2999 926 3040; x_wconf 82' lang='lat' dir='ltr'><strong><em>duabus</em></strong></span> <span class='ocrx_word' id='word_1_238' title='bbox 956 2999 1259 3041; x_wconf 88' lang='lat' dir='ltr'><strong><em>recensionibus</em></strong></span> <span class='ocrx_word' id='word_1_239' title='bbox 1289 2998 1440 3039; x_wconf 80' lang='lat' dir='ltr'><strong><em>Latinis</em></strong></span> <span class='ocrx_word' id='word_1_240' title='bbox 1475 2998 1620 3052; x_wconf 82' lang='lat' dir='ltr'><strong><em>(altera</em></strong></span> <span class='ocrx_word' id='word_1_241' title='bbox 1649 2997 1848 3052; x_wconf 86' lang='lat' dir='ltr'><strong><em>inedita).</em></strong></span> <span class='ocrx_word' id='word_1_242' title='bbox 1904 3026 1914 3036; x_wconf 82' lang='grc'><strong>.</strong></span> <span class='ocrx_word' id='word_1_243' title='bbox 1972 2997 2210 3038; x_wconf 80' lang='grc'><strong>408-571,</strong></span> 
     </span>
    </p>

    <p class='ocr_par' dir='ltr' id='par_1_44' title="bbox 238 3051 2209 3096">
     <span class='ocr_line' id='line_1_45' title="bbox 238 3051 2209 3096; baseline 0.001 -4"><span class='ocrx_word' id='word_1_244' title='bbox 238 3053 447 3094; x_wconf 88' lang='lat' dir='ltr'><strong><em>Hermae</em></strong></span> <span class='ocrx_word' id='word_1_245' title='bbox 476 3053 660 3094; x_wconf 86' lang='lat' dir='ltr'><strong><em>Pastor</em></strong></span> <span class='ocrx_word' id='word_1_246' title='bbox 694 3056 872 3095; x_wconf 89' lang='lat' dir='ltr'><strong><em>Graece</em></strong></span> <span class='ocrx_word' id='word_1_247' title='bbox 905 3069 925 3096; x_wconf 86' lang='lat' dir='ltr'><strong><em>a</em></strong></span> <span class='ocrx_word' id='word_1_248' title='bbox 960 3055 1265 3096; x_wconf 83' lang='lat' dir='ltr'><strong><em>Tischendorfio</em></strong></span> <span class='ocrx_word' id='word_1_249' title='bbox 1298 3054 1427 3094; x_wconf 84' lang='lat' dir='ltr'><strong><em>editus</em></strong></span> <span class='ocrx_word' id='word_1_250' title='bbox 1485 3083 1912 3096; x_wconf 87' lang='grc'><strong>.......</strong></span> <span class='ocrx_word' id='word_1_251' title='bbox 1973 3051 2209 3094; x_wconf 82' lang='lat'><strong>572—637.</strong></span> 
     </span>
    </p>

    <p class='ocr_par' dir='ltr' id='par_1_45' title="bbox 243 3106 2207 3152">
     <span class='ocr_line' id='line_1_46' title="bbox 243 3106 2207 3152; baseline 0 -4"><span class='ocrx_word' id='word_1_252' title='bbox 243 3109 422 3149; x_wconf 73' lang='lat' dir='ltr'><strong><em>Index</em></strong></span> <span class='ocrx_word' id='word_1_253' title='bbox 450 3121 616 3150; x_wconf 85' lang='lat' dir='ltr'><strong><em>rerum</em></strong></span> <span class='ocrx_word' id='word_1_254' title='bbox 646 3111 876 3150; x_wconf 82' lang='lat' dir='ltr'><strong><em>Latinus</em></strong></span> <span class='ocrx_word' id='word_1_255' title='bbox 937 3137 1914 3152; x_wconf 87' lang='grc'><strong>...............</strong></span> <span class='ocrx_word' id='word_1_256' title='bbox 1972 3106 2207 3148; x_wconf 83' lang='lat'><strong>638—651.</strong></span> 
     </span>
    </p>

    <p class='ocr_par' dir='ltr' id='par_1_46' title="bbox 242 3162 2208 3208">
     <span class='ocr_line' id='line_1_47' title="bbox 242 3162 2208 3208; baseline 0 -5"><span class='ocrx_word' id='word_1_257' title='bbox 242 3164 406 3205; x_wconf 70' lang='lat' dir='ltr'><strong><em>Index</em></strong></span> <span class='ocrx_word' id='word_1_258' title='bbox 439 3166 776 3206; x_wconf 82' lang='lat' dir='ltr'><strong><em>Graecitatis</em></strong></span> <span class='ocrx_word' id='word_1_259' title='bbox 798 3193 1913 3208; x_wconf 87' lang='grc'><strong>.................</strong></span> <span class='ocrx_word' id='word_1_260' title='bbox 1972 3162 2208 3204; x_wconf 80' lang='grc'><strong>652-661.</strong></span> 
     </span>
    </p>

    <p class='ocr_par' dir='ltr' id='par_1_47' title="bbox 242 3217 2207 3273">
     <span class='ocr_line' id='line_1_48' title="bbox 242 3217 2207 3273; baseline 0.001 -15"><span class='ocrx_word' id='word_1_261' title='bbox 242 3219 406 3260; x_wconf 67' lang='grc' dir='ltr'><strong><em>Ιηάεω</em></strong></span> <span class='ocrx_word' id='word_1_262' title='bbox 438 3222 678 3262; x_wconf 87' lang='lat' dir='ltr'><strong><em>locorum</em></strong></span> <span class='ocrx_word' id='word_1_263' title='bbox 707 3222 930 3273; x_wconf 83' lang='lat' dir='ltr'><strong><em>scripturae</em></strong></span> <span class='ocrx_word' id='word_1_264' title='bbox 961 3235 1099 3263; x_wconf 85' lang='lat' dir='ltr'><strong><em>sacrae</em></strong></span> <span class='ocrx_word' id='word_1_265' title='bbox 1141 3248 1912 3262; x_wconf 89' lang='grc'><strong>............</strong></span> <span class='ocrx_word' id='word_1_266' title='bbox 1969 3217 2207 3260; x_wconf 83' lang='grc'><strong>662-670,</strong></span> 
     </span>
    </p>
   </div>
   <div class='ocr_carea' id='block_1_3' title="bbox 733 3637 1710 3680">
    <p class='ocr_par' dir='ltr' id='par_1_48' title="bbox 733 3637 1710 3680">
     <span class='ocr_line' id='line_1_49' title="bbox 733 3637 1710 3680; baseline -0.003 -12"><span class='ocrx_word' id='word_1_267' title='bbox 733 3640 927 3680; x_wconf 78' lang='lat' dir='ltr'>LIPSIAE,</span> <span class='ocrx_word' id='word_1_268' title='bbox 957 3640 1021 3670; x_wconf 79' lang='lat' dir='ltr'><strong><em>Ex</em></strong></span> <span class='ocrx_word' id='word_1_269' title='bbox 1051 3640 1270 3669; x_wconf 74' lang='lat' dir='ltr'>OFFIOINA</span> <span class='ocrx_word' id='word_1_270' title='bbox 1299 3639 1338 3670; x_wconf 81' lang='lat' dir='ltr'><strong><em>O.</em></strong></span> <span class='ocrx_word' id='word_1_271' title='bbox 1367 3640 1408 3669; x_wconf 82' lang='grc' dir='ltr'><strong><em>Ρ.</em></strong></span> <span class='ocrx_word' id='word_1_272' title='bbox 1438 3639 1509 3668; x_wconf 82' lang='grc' dir='ltr'><strong><em>ΜΕ</em></strong></span> <span class='ocrx_word' id='word_1_273' title='bbox 1520 3639 1547 3667; x_wconf 89' lang='lat' dir='ltr'><strong><em>L</em></strong></span> <span class='ocrx_word' id='word_1_274' title='bbox 1562 3640 1586 3666; x_wconf 87' lang='lat' dir='ltr'>Z</span> <span class='ocrx_word' id='word_1_275' title='bbox 1599 3638 1628 3666; x_wconf 73' lang='lat' dir='ltr'><strong>E</strong></span> <span class='ocrx_word' id='word_1_276' title='bbox 1639 3637 1710 3666; x_wconf 81' lang='lat' dir='ltr'><strong><em>RI.</em></strong></span> 
     </span>
    </p>
   </div>
   <div class='ocr_carea' id='block_1_4' title="bbox 1243 3776 1281 3857">
    <p class='ocr_par' dir='ltr' id='par_1_49' title="bbox 1243 3776 1281 3857">
     <span class='ocr_line' id='line_1_50' title="bbox 1243 3776 1281 3857; baseline 0 -20"><span class='ocrx_word' id='word_1_277' title='bbox 1243 3776 1281 3857; x_wconf 72' lang='lat' dir='ltr'><strong><em>(l</em></strong></span> 
     </span>
    </p>
   </div>
  </div>
 </body>
</html>
