2340 3900
563 203 616 250 ΙΙ.
652 201 964 250 CLEHENTIS
1000 204 1072 250 AD
1109 205 1231 251 COR.
1274 205 1366 253 VH.
1401 205 1515 253 vm.
1551 204 1623 252 1X.
1977 200 2073 253 113

118 357 406 394 coronemur.
472 341 568 389 Etsi
602 354 695 387 non
731 354 978 402 possumus
1010 355 1170 389 omnes
1208 345 1446 403 coronari,
1483 345 1642 392 saltem
1678 358 1823 406 prope
1858 356 2076 391 coronam

115 415 272 461 simus.
341 411 472 459 Scire
510 408 598 456 'vos
633 416 832 471 oportet,
870 410 1022 471 quod,
1067 412 1144 472 qui
1187 420 1416 460 certamen
1466 413 1764 477 corruptibile
1813 418 1980 471 certat,
2036 415 2075 460 si

114 482 367 530 inveniatur
401 492 700 540 corrumpens
738 485 786 525 et
818 492 1044 540 peccans,
1085 479 1335 541 flageilatus
1373 483 1578 530 aufertur
1628 490 1675 531 et
1722 489 1848 530 extra
1882 481 2075 530 stadium

113 551 366 614 proiicitur.
438 548 555 606 Quid
590 546 722 594 vobis
758 548 966 594 videtur?
1017 548 1101 605 Qui
1134 549 1493 612 incorruptionis
1531 560 1763 599 certamen
1801 553 2074 613 corruperit,

112 619 222 682 quid
256 618 485 681 patietur?
554 617 616 663 De
652 617 709 663 iis
746 617 894 674 enim,
932 617 1008 678 qui
1048 617 1243 679 sigillum
1281 634 1373 666 non
1411 622 1710 679 servaverint,
1759 622 1845 668 ait:
1891 622 2074 679 ,vermis

110 703 269 737 eorum
307 702 398 735 non
433 687 669 744 morietur,
706 694 754 733 et
790 687 906 748 ignis
942 700 1103 733 eorum
1138 701 1231 734 non
1268 690 1579 751 extinguetur3
1618 698 1663 738 et
1699 698 1835 738 erunt
1871 692 1915 738 in
1943 692 2075 739 visio·

109 772 212 807 nem
243 758 366 806 omni
402 754 559 805 carni.‘

108 882 217 929 vnl.
291 882 532 940 Quamdiu
568 884 620 929 in
652 882 740 929 hoc
774 883 947 929 mundo
981 895 1166 935 sumus,
1204 883 1535 943 poeniteutiam
1571 900 1770 945 agamus
1805 893 1847 932 el
1885 901 2073 934 carnem

863 972 1042 1012 castam
1075 979 1325 1013 servemus

243 1061 465 1118 Quamdiu
498 1076 611 1124 ergo
638 1062 682 1108 in
711 1061 849 1108 terris
870 1061 1091 1123 degimus,
1130 1063 1457 1123 poenitentiam
1484 1076 1695 1122 agamus3
1733 1063 1874 1111 lutum
1902 1067 2071 1127 quippe

105 1145 263 1179 sumus
299 1133 344 1177 in
379 1146 516 1178 manu
551 1130 756 1180 artificis.
825 1131 1215 1188 Quemadmodum
1260 1132 1381 1179 enim
1430 1130 1623 1192 figulus,
1677 1133 1716 1178 si
1771 1148 1848 1179 vas
1894 1134 2071 1192 fecerit,

105 1200 309 1261 illudque
344 1201 391 1247 in
426 1201 637 1248 manibus
682 1203 782 1249 eius
830 1201 1072 1248 distortum
1119 1201 1259 1249 fuerit
1309 1207 1387 1248 aut
1435 1202 1704 1259 contritum,
1756 1217 1916 1250 rursus
1963 1204 2072 1251 illud

103 1268 314 1331 refingi13
360 1271 433 1317 sin
464 1284 575 1318 vero
610 1270 721 1319 illud
758 1270 802 1317 in
841 1270 1071 1318 fornacem
1114 1272 1231 1333 ignis
1270 1272 1451 1318 mittere
1489 1270 1818 1332 praefiniverit,
1853 1287 1945 1319 non
1982 1288 2071 1320 am·

103 1339 224 1402 ptius
246 1338 289 1386 ei
310 1347 574 1398 succurret3
610 1340 671 1387 ita
707 1347 756 1388 et
786 1354 888 1396 nos,
922 1341 1138 1402 quamdiu
1174 1341 1219 1387 iu
1244 1342 1334 1387 hoc
1356 1340 1527 1387 mundo
1553 1355 1724 1398 summ,
1762 1348 2072 1402 peccatorum,

103 1422 220 1471 quae
256 1410 302 1455 in
339 1423 477 1457 carne
513 1411 756 1471 gessimus,
794 1423 851 1456 ex
886 1416 983 1456 toto
1005 1411 1146 1458 corde
1173 1411 1501 1471 poenitentiam
1528 1425 1728 1472 agamus,
1766 1416 1818 1456 ut
1842 1411 2072 1458 aDomino

101 1478 340 1537 salvemur,
377 1479 485 1527 dum
520 1481 799 1541 ponitentiae
820 1486 1000 1541 tempus
1028 1481 1264 1527 habemus.
1314 1480 1561 1541 Postquam
1585 1480 1706 1526 enim
1734 1493 1758 1526 e
1787 1479 1956 1526 mundo
1985 1482 2073 1529 exi-

103 1549 263 1606 vimus,
281 1563 375 1595 non
403 1549 597 1612 amplius
633 1563 879 1611 possumus
909 1548 970 1596 ihi
997 1549 1225 1607 confiteri,
1263 1556 1340 1596 aut
1358 1550 1683 1611 poenitentiam
1706 1563 1858 1610 agere.
1909 1549 2072 1608 Quare,

102 1617 282 1675 fratres,
316 1618 592 1665 voluntatem
615 1619 760 1666 Patris
785 1619 1008 1666 facientes
1032 1626 1079 1666 et
1115 1633 1296 1666 carnem
1322 1626 1490 1666 castam
1514 1626 1748 1666 servantes
1784 1625 1830 1664 et
1865 1620 2073 1666 mandata

103 1686 279 1735 Domini
314 1689 629 1736 custodientes
677 1702 1016 1750 consequemur
1047 1690 1181 1736 vitam
1217 1697 1460 1736 aeternam.
1533 1688 1651 1734 Dicit
1696 1687 1815 1734 enim
1855 1688 2072 1736 Dominus

103 1757 150 1804 in
183 1757 451 1819 Evangelio:
487 1758 543 1815 ,si
578 1773 766 1820 parvum
802 1772 894 1805 non
931 1759 1161 1816 servastis,
1200 1760 1301 1819 quis
1339 1773 1551 1819 magnum
1587 1757 1717 1804 vohis
1741 1756 1899 1803 dabit?
1961 1759 2071 1805 Dico

102 1827 223 1874 enim
258 1826 414 1874 vobis:
452 1828 532 1890 qui
566 1827 715 1875 fidelis
750 1834 823 1875 est
857 1828 903 1876 in
939 1829 1141 1885 minimo,
1178 1835 1225 1875 et
1262 1829 1307 1874 in
1331 1828 1491 1874 maiori
1514 1826 1662 1874 fidelis
1690 1823 1788 1874 est.‘
1835 1826 1934 1874 Hoc
1962 1842 2073 1889 ergo

104 1895 240 1943 dicit:
282 1903 475 1954 ,servate
508 1910 695 1945 carnem
729 1904 915 1953 castam,
953 1903 1000 1944 et
1035 1897 1230 1959 sigillum
1271 1897 1617 1955 immaculatum,
1655 1903 1707 1943 ut
1741 1896 1974 1958 recipiatis
2016 1899 2072 1943 vi-

102 1971 193 2012 tam
225 1972 471 2013 aeternam.

230 2081 303 2129 ΙΧ.
372 2083 431 2129 Ιιι
464 2097 607 2131 carne
641 2084 984 2140 iudicabis-um
1022 2097 1132 2143 erqo
1161 2096 1501 2144 praeparemus
1536 2095 1621 2128 nos
1655 2082 1706 2127 in
1742 2087 1954 2143 tempore.

241 2179 298 2227 Bt
342 2194 476 2228 nemo
527 2186 727 2227 vestrum
775 2180 923 2237 dicat,
974 2180 1099 2242 quod
1150 2180 1262 2226 haec
1309 2194 1417 2226 caro
1470 2193 1560 2226 non
1612 2178 1864 2235 iudicatur,
1917 2193 2068 2241 neque

109 2249 320 2311 resurgit.
404 2250 673 2310 Agnoscite,
730 2249 776 2295 iu
833 2263 927 2311 quo
981 2251 1144 2296 servati
1197 2250 1334 2305 estis,
1387 2249 1430 2294 in
1489 2262 1580 2308 quo
1629 2247 1774 2294 visum
1811 2248 2070 2309 recepistis,

108 2318 197 2365 nisi
234 2318 341 2365 dum
390 2319 435 2364 in
471 2318 558 2365 hac
610 2331 748 2366 carne
783 2318 940 2365 vivitis.
1009 2318 1102 2365 Nos
1138 2332 1251 2378 ergo
1288 2318 1420 2364 decet
1455 2330 1638 2363 carnem
1691 2316 1811 2363 sicut
1853 2317 2070 2378 templum

106 2386 186 2435 Dei
221 2386 473 2435 custodire.
541 2387 926 2444 Quemadmodum
962 2387 1082 2434 enim
1119 2387 1163 2432 in
1202 2401 1341 2433 carne
1380 2385 1522 2433 vocati
1561 2385 1697 2439 estis,
1745 2386 1803 2431 ita
1849 2386 1892 2431 in
1935 2400 2070 2433 carne

104 2456 310 2503 venietis.
381 2455 770 2512 Quemadmodum
807 2456 1015 2503 Christus
1052 2455 1281 2513 Dominus,
1320 2455 1398 2516 qui
1436 2469 1519 2501 nos
1559 2453 1773 2511 servavit,
1827 2468 1929 2501 cum
1982 2457 2071 2517 pri·

105 2539 227 2573 mum
261 2532 388 2573 esset
426 2525 646 2587 spiritus,
698 2539 806 2572 caro
852 2525 1000 2572 tactus
1038 2532 1131 2582 est,
1182 2532 1319 2587 atque
1356 2525 1423 2570 sic
1459 2523 1635 2570 vocavit
1672 2537 1784 2580 nos3
1833 2523 1892 2570 ita
1938 2526 2071 2571 etiam

106 2607 192 2642 nos
231 2595 277 2641 in
311 2594 398 2642 hac
429 2608 567 2642 carue
602 2594 862 2643 mercedem
897 2596 1189 2657 recipiemus
1262 2594 1504 2654 Diligamus
1552 2593 1689 2654 igitur
1736 2606 1822 2639 nos
1870 2594 2074 2652 invicem,

104 2669 157 2711 ut
186 2663 414 2711 veniamus
465 2677 625 2712 omues
672 2664 718 2711 in
764 2678 955 2726 regnum
991 2663 1085 2712 Dei.
1158 2664 1314 2711 Donec
1365 2670 1543 2724 tempus
1582 2661 1827 2720 habemus,
1889 2663 1932 2709 in
1982 2678 2073 2725 quo

105 2746 342 2790 mmor,
392 2733 611 2781 dedamus
659 2748 746 2782 nos
796 2734 977 2781 medico
1028 2734 1145 2791 Deo,
1194 2732 1610 2781 remunerationem
1667 2731 1753 2793 ipsi
1803 2732 2073 2783 tribuentes,

105 2801 278 2859 Quam3
316 2802 647 2852 poenitentiam
681 2817 737 2852 ex
771 2803 957 2852 sincero
995 2804 1152 2852 corde.
1224 2803 1428 2865 Namque
1465 2801 1702 2865 praescius
1750 2801 1951 2848 omnium
1989 2808 2075 2860 est,

107 2997 191 3033 tur:
221 2995 258 3035 si
284 2993 330 3033 n·-
348 2992 500 3035 uuo
527 2993 663 3044 fideles
683 2995 936 3047 mluiuis,
955 2995 1057 3048 quod
1114 3001 1249 3036 tarunt
1285 2994 1324 3035 in
1367 2987 1643 3046 ἀπολάβητε.
1716 2989 1932 3032 Nobiscum
1980 2990 2076 3031 facit

107 3060 287 3100 uoq-n-
322 3052 408 3100 ιιι,
447 3049 539 3103 quis
567 3049 675 3091 debu
703 3050 845 3091 vobis?
887 3050 1058 3091 Grabius
1115 3051 1205 3093 Hes.
1236 3050 1299 3091 cd.
1330 3050 1389 3091 lV.

109 3102 209 3145 haee
238 3115 284 3146 es
306 3103 453 3157 Evnug.
483 3103 704 3147 nand-m
720 3105 937 3159 Aegyptios
960 3118 1058 3159 pro-
1200 3106 1297 3159 Cap.
1326 3107 1388 3148 ΙΧ,
1450 3103 1491 3158 1)
1522 3106 1534 3146 Ι
1571 3106 1663 3146 Cor.
1700 3104 1764 3153 15,
1804 3102 1866 3144 12.

107 3158 217 3202 dine
244 3159 486 3213 uspiam.

190 3214 238 3266 3)
268 3215 408 3257 flodus
450 3216 611 3259 dicendi
649 3216 846 3260 eiusmodi
890 3224 972 3268 est,
1017 3225 1060 3260 ut

106 3284 196 3314 eum
225 3272 417 3315 Wottono
445 3273 699 3316 statuendum
738 3274 940 3325 videatur,
977 3287 1057 3317 non

106 3339 197 3370 esee
231 3328 333 3371 haec
368 3328 560 3372 directam
587 3330 789 3383 Evangelii
821 3331 1058 3382 orationem,

106 3382 180 3425 sed
214 3384 351 3438 potins
380 3383 598 3429 clementis
638 3386 958 3430 antecedentium
994 3387 1057 3429 in-

108 3444 473 3493 terpretamentum,
504 3442 710 3497 quomodo
738 3444 969 3498 {requenter
988 3458 1058 3485 oc-

108 3495 234 3538 emit
259 3495 301 3537 i·
330 3496 403 3551 lp.
434 3497 652 3542 Barnabae.

194 3552 241 3603 ⁴)
270 3548 582 3613 ἄπολᾶῥομυ
627 3556 668 3598 in
708 3557 780 3598 us.
819 3563 893 3598 est.
950 3556 1058 3598 idem

108 3606 290 3649 detendit
318 3607 438 3652 notu
463 3609 616 3654 collato
645 3611 758 3655 Rom.
793 3613 841 3662 7,
874 3614 914 3655 4.
962 3613 1059 3654 Edi-

109 3669 221 3705 tores
250 3675 348 3706 vero
376 3664 561 3721 pleriq-0
578 3674 797 3722 praeeunte
829 3668 942 3711 lunio
971 3682 1059 3711 mu·

224 3732 379 3775 Ριτιιι
408 3746 550 3779 non.

1201 3162 1248 3213 2)
1278 3164 1295 3205 1
1326 3162 1419 3204 Cor.
1450 3162 1490 3212 3,
1527 3161 1590 3204 16.
1622 3161 1662 3211 6,
1698 3160 1760 3202 19,

1201 3219 1247 3269 3)
1281 3219 1338 3260 lta
1356 3233 1390 3260 c.
1412 3218 1535 3260 Minio
1563 3218 1638 3267 leg.
1666 3215 1853 3256 videbant
1877 3211 2073 3262 Davisius,

1118 3274 1295 3328 Freyius,
1326 3272 1680 3317 schoenemannus
1722 3278 1760 3312 et
1790 3269 1857 3311 atii
1890 3269 1941 3310 ob
1972 3281 2074 3322 apo-

1117 3331 1249 3382 dosin,
1278 3322 1345 3379 εἶς
1374 3331 1444 3373 ns.

1199 3386 1247 3441 4)
1282 3389 1484 3445 Πνεῦμα
1518 3400 1574 3422 =
1605 3381 1658 3426 τὸ
1699 3383 1835 3425 θεῖον
1869 3378 1919 3425 ἓν
1958 3383 2005 3423 Χ
2035 3395 2076 3423 ι-

1228 3439 1889 3496 m

1118 3528 1127 3539 ι
1204 3531 1214 3541 0
1285 3530 1296 3549 9
1345 3529 1355 3540 ι
1718 3521 1731 3534 Δ
1877 3523 1888 3544 9
2065 3525 2075 3536 ο

1119 3558 1156 3598 d.
1196 3556 1512 3608 Dogmengesch.
1549 3554 1592 3593 ΙΙ.
1645 3564 1683 3604 p.
1720 3550 1840 3592 1052.
1889 3549 1936 3592 11.
1993 3549 2074 3592 cfr.

1118 3613 1131 3655 Ι
1153 3612 1257 3654 Petr.
1294 3612 1330 3661 t,
1351 3612 1414 3654 ¹1.
1447 3607 1662 3662 Theophil.
1684 3606 1733 3649 ad
1751 3605 1986 3660 Autolyc.2,
2010 3607 2073 3649 14.

1203 3669 1249 3721 5)
1280 3667 1367 3709 cai.
1397 3668 1438 3716 o,
1476 3666 1537 3707 ιο.

1696 3735 1722 3774 s
