2340 3900
514 205 568 252 n.
601 203 912 252 cnfflmts
946 204 1017 250 An
1058 203 1180 252 COR.
1226 204 1298 254 ΙΧ.
1333 205 1387 254 X.
1423 205 1494 252 xt.
1532 206 1621 253 ΧΠ.
1933 202 2030 253 115

84 357 134 398 οι
185 360 303 408 quae
334 345 382 392 in
413 343 556 391 corde
589 348 750 388 nostro
785 346 1026 388 versantur
1072 342 1211 388 novit.
1284 344 1449 391 Demus
1511 344 1663 405 itaque
1727 344 1790 391 illi
1846 343 2040 403 laudem,

83 431 177 464 non
209 415 267 461 ab
302 427 387 460 ore
418 411 582 468 solnm,
615 410 701 458 sed
736 411 872 457 etiam
907 424 964 456 ex
1001 410 1164 467 corde,
1200 419 1250 457 ut
1285 426 1372 458 nos
1410 420 1621 474 tanquam
1659 412 1776 461 filios
1811 415 2043 475 suscipiat.

81 484 255 571 Ben‘im
290 481 500 529 dominus
536 480 674 527 dixit:
707 479 891 536 ,fratres
926 478 1015 525 mei
1053 486 1160 524 sunt
1197 481 1241 536 ii,
1279 482 1356 541 qui
1391 481 1564 529 faciunt
1599 483 1872 531 voluntatem
1899 484 2042 545 patris

82 567 188 600 mei.
1183 571 1188 575 ·

124 677 176 725 X.
249 676 365 727 Vitio
415 675 576 722 relicto
608 675 824 722 virtulem
853 688 1208 736 persequamur,
1245 680 1287 719 et
1321 675 1443 722 bona
1473 678 1705 735 promissa
1738 680 1992 726 mundanis

770 770 1118 819 promonemus
1153 756 1346 803 deliciis.

214 855 350 916 Ergo,
386 854 553 902 fratres
586 854 691 911 mei,
727 853 944 900 faciamus
979 853 1255 900 voluntatem
1294 854 1460 913 patris,
1510 856 1586 914 qui
1623 858 1798 904 vocavit
1835 873 1949 916 nos,
1996 867 2047 906 ut

0 919 2 982 ζ
78 927 306 980 vivamus;
353 931 401 971 et
445 937 777 985 persequamur
819 923 973 983 potius
1009 923 1243 979 virtutem,
1278 923 1434 968 vitium
1474 931 1622 969 autem
1661 925 2045 988 derelinquamus,

0 998 2 1002 ’
80 996 214 1043 veluti
262 1006 609 1055 praecursorem
658 991 884 1039 scelerum
931 999 1224 1049 nostrorum3
1288 997 1335 1037 et
1379 991 1603 1051 fugiamus
1647 994 1933 1055 impietatem,
1987 1013 2044 1044 ne

10 1078 13 1080 ·
77 1079 163 1112 nos
198 1063 315 1110 mala
349 1062 757 1123 comprehendant.
803 1061 990 1118 Nam,si
1027 1061 1144 1107 bene
1182 1074 1318 1121 agere
1334 1060 1667 1117 studuerimus,
1706 1067 2047 1113 consectabitur

77 1147 167 1182 noc
198 1147 301 1195 pax.
370 1132 497 1178 Hanc
532 1131 592 1178 ob
629 1144 812 1177 causam
857 1144 957 1178 eam
998 1126 1206 1192 [pacem]
1256 1143 1346 1175 non
1397 1130 1632 1190 reperient
1682 1132 1913 1192 homineS,
1967 1137 2046 1197 qui

77 1202 288 1251 humanis
321 1201 564 1249 timoribus
601 1200 844 1254 ducuntur,
881 1206 1221 1261 praeponentes
1255 1197 1535 1259 voluptatem
1572 1209 1863 1261 praesentem
1888 1219 2044 1266 repro·

77 1272 287 1320 missioni
320 1271 513 1318 futurae.
572 1270 787 1330 ignorant
821 1270 942 1315 enim
979 1274 1196 1330 quantum
1235 1267 1398 1314 habeat
1432 1275 1710 1315 tormentum
1736 1271 1871 1318 huius
1898 1274 2046 1320 seculi

75 1340 299 1404 voluptu,
337 1347 385 1387 et
406 1340 566 1402 quales
593 1338 759 1385 habeat
780 1338 970 1385 delicias
992 1339 1143 1385 futura
1165 1337 1429 1398 promissio.
1478 1338 1541 1383 Ac
1568 1339 1765 1399 quidem,
1789 1342 1826 1387 si
1848 1342 1936 1403 ipsi
1961 1343 2047 1389 soli

52 1411 165 1460 ista
199 1410 425 1466 facerent,
479 1409 716 1457 tolerabile
755 1414 906 1465 esset3
963 1408 1051 1454 iam
1098 1421 1207 1453 vero
1256 1415 1577 1468 perseverant,
1624 1409 1830 1456 insontes
1876 1412 2047 1458 animas

77 1480 229 1544 pravis
266 1479 487 1527 doctrinis
522 1478 754 1534 imbuere,
807 1478 1072 1524 nescientes
1122 1476 1247 1537 quod
1297 1474 1527 1536 duplicem
1566 1476 1798 1524 habebunt
1835 1480 2046 1526 condem·

76 1550 319 1606 nationem,
353 1555 399 1596 et
433 1548 538 1611 ipsi,
575 1555 623 1595 et
657 1548 736 1609 qui
772 1547 961 1594 audiunt
995 1561 1091 1594 eos.

147 1703 219 1751 XI.
281 1703 469 1751 Divinis
498 1702 740 1764 promissi-s
774 1701 914 1762 fidem
948 1701 1168 1748 habentes
1200 1701 1462 1748 serviamus
1496 1701 1610 1755 Deo,
1650 1708 1691 1747 et
1726 1704 1812 1750 erit
1847 1705 1979 1751 nobis

826 1785 1060 1832 beatitudo
1098 1790 1303 1831 aeterna.

218 1882 311 1931 Nos
347 1896 459 1944 ergo
496 1883 541 1929 in
594 1882 737 1929 corde
773 1895 890 1944 puro
931 1880 1024 1927 Deo
1062 1882 1336 1936 serviamus,
1394 1886 1439 1926 et
1486 1881 1656 1927 erimus
1705 1882 1832 1938 iusti;
1883 1883 2049 1943 quodsi

82 1959 233 2000 autem
269 1965 362 1998 non
398 1952 706 2008 servierimus,
738 1965 830 1997 non
853 1950 1090 1997 credendo
1115 1949 1357 2012 promissis
1384 1949 1475 2005 Dei,
1513 1950 1670 1995 miseri
1697 1951 1882 1996 erimuS.
1933 1952 2049 1999 Dicit

82 2022 201 2069 enirn
236 2028 285 2068 et
316 2034 470 2067 sermo
507 2021 830 2082 propheticus:
877 2019 1049 2075 ,miseri
1087 2026 1221 2073 sunt,
1272 2019 1348 2078 qui
1388 2018 1536 2063 animo
1576 2018 1784 2079 duplices
1824 2027 1869 2065 et
1906 2022 2047 2067 corde

84 2088 213 2137 dubii
248 2095 380 2145 sunt,
425 2089 505 2151 qui
552 2089 734 2135 dicunt:
780 2089 894 2134 haec
945 2089 1094 2134 omnia
1142 2087 1392 2134 audivimus
1430 2087 1562 2132 etiam
1614 2093 1819 2148 tempore
1870 2095 2047 2149 patrum

86 2165 376 2214 namnum
412 2171 497 2205 uos
533 2172 643 2205 vero
677 2158 798 2204 diem
834 2157 891 2203 de
929 2156 999 2202 die
1037 2163 1354 2218 exspectantes
1406 2155 1516 2200 nihil
1554 2155 1716 2202 horum
1751 2157 1957 2204 vidimuS.
2014 2159 2047 2204 Ο

86 2226 210 2284 fami,
247 2233 507 2289 comparate
542 2241 625 2274 vos
659 2226 842 2285 arbori3
876 2226 1010 2272 vitem
1034 2227 1211 2272 sumite.
1256 2225 1455 2271 Primum
1482 2224 1664 2285 quidem
1692 2225 1812 2271 soliis
1837 2227 2048 2284 nudatur,

85 2308 274 2359 germen
308 2302 469 2357 postea
491 2294 556 2353 fit,
592 2295 813 2358 posthaec
838 2309 922 2342 uva
959 2294 1142 2351 acerba,
1181 2294 1361 2341 tandem
1399 2294 1579 2340 demum
1614 2308 1698 2339 uva
1733 2301 1920 2341 matura.
1985 2296 2049 2341 Ita

85 2371 135 2412 et
178 2364 376 2427 populus
423 2378 552 2412 meus
590 2364 861 2425 agitationes
908 2371 954 2409 et
990 2378 1228 2424 pressuras
1276 2362 1398 2417 tulit;
1455 2362 1619 2408 deinde
1665 2362 1785 2408 bona
1823 2362 2049 2425 excipiet.‘

84 2432 254 2495 ltaque,
289 2432 454 2480 fratres
489 2434 592 2491 mei,
628 2434 778 2480 animo
816 2446 872 2479 ne
910 2432 1118 2493 duplices
1156 2433 1315 2487 simus,
1353 2431 1436 2477 sed
1458 2437 1695 2492 sperantes
1725 2433 2046 2490 sustineamuS,

84 2508 137 2550 ut
186 2508 235 2549 et
283 2501 540 2549 mercedem
573 2508 878 2564 reportemus.
952 2501 1118 2547 Fidelis
1156 2501 1275 2548 enim
1324 2507 1394 2546 est
1440 2501 1516 2560 qui
1568 2500 1799 2560 pollicitus
1851 2509 1947 2555 est,
2001 2517 2049 2548 se

83 2570 333 2633 unicuique
369 2570 655 2619 redditurum
693 2570 945 2618 secundum
985 2583 1127 2631 opera
1163 2571 1276 2616 eius.
1329 2568 1376 2615 Si
1414 2583 1524 2628 ergo
1552 2567 1796 2615 fecerimus
1834 2571 2049 2617 iustitiam

82 2652 237 2688 eoram
273 2639 392 2697 Deo,
447 2641 493 2687 in
540 2654 729 2702 regnum
767 2639 886 2686 illius
925 2639 1263 2700 ingrediemur,
1303 2645 1349 2685 et
1384 2638 1659 2699 accipiemus
1697 2640 2047 2700 proinissioncS‚

83 2722 215 2771 ,qnae
249 2709 374 2756 auris
405 2723 503 2797 pon
537 2709 733 2767 audivit,
781 2722 868 2756 nec
907 2708 1067 2756 oculus
1105 2710 1240 2767 vidit,
1276 2722 1483 2770 quaeque
1522 2708 1566 2754 in
1606 2722 1688 2755 cor
1724 2709 1920 2755 hominis
1958 2724 2049 2756 non

83 2778 405 2827 ascenderunt.

514 2901 604 2951 ΧΙΙ.
672 2884 1004 2966 Exspectemus
1038 2905 1244 2965 quotidie
1279 2917 1475 2964 regnum
1512 2904 1615 2951 Dei.

226 3012 368 3076 Igitur
414 3013 460 3061 in
507 3014 646 3062 horas
692 3027 881 3077 regnum
917 3014 997 3062 Dei
1046 3021 1363 3077 exspectemus
1418 3014 1462 3061 in
1509 3014 1726 3061 charitate
1779 3020 1825 3059 et
1868 3013 2049 3072 iustitia,

87 3081 456 3144 quandoquidem
489 3084 720 3132 nescimus
754 3082 875 3131 diem
911 3082 1130 3131 adventus
1157 3083 1251 3131 Dei.
1307 3084 1618 3145 Interrogatus
1656 3084 1774 3129 enim
1807 3096 1831 3127 a
1853 3082 2049 3143 quodam

85 3273 183 3316 nl.
242 3272 364 3316 Forte
401 3271 633 3325 legendum:
672 3268 757 3316 οὐκ
792 3269 925 3315 ἔστιν
962 3268 1038 3314 εὖ·
1181 3273 1278 3324 Cap.
1316 3272 1375 3314 ΧΙ.
1447 3272 1488 3325 1)
1528 3271 1673 3312 Eadem
1721 3269 1889 3321 legimus
1927 3281 2047 3322 supra

88 3330 192 3387 ρίῖν
218 3326 328 3382 [abr
412 3343 471 3371 κ.
500 3326 586 3384 τὴν
612 3323 820 3386 εἰρήνην]
850 3323 1040 3383 fir-⁹9⁶0-
1097 3328 1136 3369 in
1168 3328 1292 3369 (Item.
1324 3329 1352 3370 Ι.
1382 3329 1454 3381 Ep.
1487 3328 1535 3367 ad
1571 3329 1661 3367 Cor.
1694 3341 1727 3366 c.
1762 3327 1828 3366 23.

89 3396 184 3429 nov
209 3384 307 3439 [pro
474 3380 628 3438 'nond
653 3385 753 3427 xri.
781 3384 828 3427 11.
888 3384 1038 3426 tiniam
1183 3383 1231 3438 2)
1263 3384 1358 3426 Voc.
1395 3384 1484 3426 υἱοὶ
1527 3384 1645 3423 Wott.
1686 3387 1946 3433 praepostere
1986 3380 2051 3423 hic

90 3440 331 3484 Gdsseeiolli
373 3442 508 3484 loe-m
557 3440 796 3484 lunt-iatum
851 3440 1039 3490 restituit,
1096 3440 1278 3491 inseruit,
1317 3440 1443 3482 literis
1489 3438 1724 3493 quibusdam
1769 3437 1854 3478 Μκιί
1894 3437 2051 3479 interli-

90 3503 266 3605 ξιτατ,
293 3498 403 3595 πω
429 3497 536 3551 utu.
568 3503 665 3551 pout
691 3491 951 3556 ἄνθρωπον
981 3497 1039 3538 le·
1098 3496 1285 3537 nearibus
1314 3508 1454 3549 pamm
1484 3494 1712 3536 intellectis.

258 3583 271 3603 9

371 3553 564 3607 virgulam
591 3559 757 3596 mutato.
818 3553 936 3596 Nolte
967 3553 1038 3595 de·
1181 3554 1226 3603 3)
1258 3552 1470 3594 Wottonus
1510 3551 1650 3591 eodem
1690 3561 1828 3590 errore
1858 3548 2048 3593 seductus

91 3606 174 3650 lew
205 3604 463 3667 hbe-nov
490 3609 570 3663 legi
597 3609 683 3652 vult
712 3604 871 3664 αὐτήν.
1096 3608 1316 3661 interponit
1343 3605 1425 3650 ἔτι,

174 3666 222 3718 ³)
251 3666 332 3708 Cir.
360 3665 442 3719 tun.
469 3665 523 3709 nd
550 3665 654 3721 Epln.
683 3679 718 3708 c.
751 3666 816 3710 16.
1182 3666 1227 3716 4)
1256 3663 1338 3707 Cir.
1368 3664 1458 3706 lsai.
1489 3663 1556 3712 64,
1588 3662 1625 3703 4.
1660 3662 1673 3703 1
1697 3661 1788 3703 Cor.
1820 3659 1860 3712 2,
1889 3661 1931 3706 9.

1640 3730 1699 3774 3.
