2340 3900
271 170 370 219 274
440 169 647 215 IGNATII
687 165 952 212 EPISTULA
986 164 1053 208 AD
1090 162 1511 213 PHILIPI'ENSES
1557 163 1644 210 XII.
1683 163 1794 209 XIII.
1830 161 1936 207 XIV.
1971 159 2060 204 XV.

273 321 357 368 μαι
389 298 474 350 τὸν
482 294 684 383 μόνον,
722 287 781 345 οὗ
818 292 878 346 σὺ
915 290 1186 361 ἀποστάτης
1228 294 1439 380 γέγονας.
1511 292 1623 345 Οὐκ
1665 293 1759 377 εἰμὶ
1805 289 2059 351 ἀντίθεος,
2105 284 2218 354 ὁμο-

271 374 408 455 λογῶ
444 363 531 433 τὴν
576 362 839 433 ὑπεροχήν·
894 363 1145 432 ἐπίσταμαι
1193 383 1278 415 τον
1321 384 1408 430 της
1453 363 1570 430 ἐμῆς
1616 359 1879 431 γεννήσεως
1915 359 2094 420 αἴτιον,
2135 355 2219 408 τὸν

274 436 483 504 Πατέρα.

407 565 520 611 XIII.
597 557 782 619 Ταῦτα,
838 553 1061 642 ἀδελφοί,
1111 552 1207 607 ἀπὸ
1256 553 1520 614 διαθέσεως
1569 558 1653 619 τῆς
1679 549 1822 637 πρὸς
1852 548 1978 617 ύμᾶς
2007 546 2221 636 ἠναγκά-

272 635 403 694 σθην
439 627 717 688 ἐπιστεῖλαι,
755 626 823 685 εἰς
859 622 1006 687 δόξαν
1047 627 1174 676 Θεοῦ
1206 628 1493 710 παραινῶν,
1531 620 1616 687 οὐχ
1654 642 1722 681 ως
1757 617 1825 671 ῶν
1858 641 1929 682 τι,
1932 621 1948 645 ¹
1996 615 2100 669 ἀλλ’
2156 638 2222 678 ως

272 694 497 762 ἀδελφός.
565 692 918 747 Yw0t66686·3e
951 699 1017 764 τῷ
1053 691 1322 765 ἕπισκόπῳ,
1361 699 1460 752 τοῖς
1493 690 1853 775 πρεσβυτέροις,
1906 693 2007 749 τοῖς
2057 684 2221 739 διακό-

272 787 390 827 νοις.
445 763 684 850 ’Λγαπᾶτε
729 761 964 830 ἀλλήλους
983 747 1063 814 έν
1099 747 1294 850 Κυρίῳ,
1352 783 1417 822 ως
1459 763 1585 811 Θεοῦ
1632 756 1891 827 ἀγάλματα
1961 754 2140 843 Ὁρᾶτε
2176 757 2226 807 οἷ

273 834 469 901 ἄνδρες,
507 855 572 894 ως
608 835 710 928 ἴδῖια
745 832 860 900 μέλη
894 831 980 894 τὰς
1002 831 1215 919 γαμετὰς
1251 831 1485 917 στέργετε·
1523 831 1577 880 αἱ
1607 835 1854 914 γυναῖκες,
1894 848 1959 911 ῳς
1989 828 2047 878 ἓν
2082 819 2223 877 οὖσαι

271 911 353 989 τῇ
368 903 659 973 συναφεία,2
695 902 901 991 στέργετε
935 899 1048 963 τοὺς
1082 902 1265 953 ἑαυτῶν
1302 898 1494 984 ἄνδρας.
1559 899 1631 948 Εἴ
1655 918 1726 957 τις
1763 894 1953 984 άγνεύει
1987 894 2021 962 ἢ
2058 896 2223 982 ἐγκρα-

272 972 482 1035 τεύεται,
520 970 584 1039 μὴ
615 972 910 1059 ἐπαιρέσθω,
947 972 1030 1023 ι’να
1065 993 1129 1037 μη
1156 969 1396 1057 ἀπολέσῃ3
1432 965 1514 1019 τὸν
1551 965 1745 1033 μισθόν.
1826 964 1923 1027 Τάς
1959 963 2124 1054 ἓορτάς
2159 963 2224 1031 μὴ

273 1041 540 1110 ἀτιμάζετε
578 1039 665 1108 τὴν
700 1037 1079 1127 τεσσαρακοστὴν
1107 1038 1171 1106 μὴ
1207 1021 1531 1102 ἐξουθενεῖτε·
1568 1037 1767 1102 μίμησιν
1799 1033 1891 1104 γάρ
1917 1034 2116 1123 περιέχει
2141 1040 2227 1120 *uszg-

272 1118 359 1164 τοῦ
406 1113 595 1179 Κυρίου
643 1113 906 1172 πολιτείας·
957 1107 1071 1177 μετὰ
1118 1107 1208 1174 τὴν
1251 1114 1338 1159 τοῦ
1373 1104 1570 1166 πάθους
1607 1102 1851 1171 ἑβδομάδα
1886 1103 1950 1172 μὴ
1987 1109 2229 1193 παρορᾶτε

275 1180 478 1250 τετράδα
513 1181 596 1234 καὶ
642 1177 982 1266 παρασκευὴν
998 1178 1324 1265 νηστεύοντες,
1363 1177 1569 1261 πένησιν
1600 1175 1992 1264 έπιχορηγοῦντες
2025 1173 2113 1240 τὴν
2146 1194 2228 1225 πε-

273 1252 498 1335 ρισσείαν.
571 1251 644 1301 Εἴ
671 1270 748 1311 τις
783 1246 1021 1318 κυριακὴν
1050 1246 1090 1333 ἢ
1122 1246 1362 1315 σάββατον
1395 1242 1638 1313 νηστεύει,
1677 1242 1804 1312 πλὴν
1839 1241 1948 1306 ἑνὸς
1983 1241 2228 1313 σαββάτου

277 1326 366 1373 τοῦ
405 1317 630 1386 Πάσχα,4
667 1322 810 1381 οὗτος
844 1315 1196 1388 χριστοκτόνος5
1233 1317 1371 1368 ἐστίν.

411 1452 517 1497 XIV.
587 1444 660 1494 At
690 1443 948 1511 προσευχαὶ
981 1440 1119 1527 ὑμῶν
1163 1442 1482 1506 έκταθείησαν
1519 1441 1586 1500 εἰς
1621 1437 1710 1526 τὴν
1739 1436 2030 1527 Ἀντιοχείας
2066 1439 2230 1505 ἐκκλη-

276 1515 412 1578 σίαν,
461 1512 584 1564 ὅθεν
619 1513 703 1564 καὶ
752 1512 944 1579 δέσμιος
983 1509 1239 1599 ἀπάγομαι
1275 1513 1342 1571 εἰς
1375 1508 1572 1576 Ῥώμην.
1639 1505 1939 1576 Ἀσπάζομαι
1973 1507 2057 1561 τὸν
2093 1529 2230 1578 αγιον

274 1584 536 1636 ἐπίσκοπον
575 1580 929 1670 Πολύκαρπον·
972 1579 1240 1647 ἀσπάζομαι
1276 1577 1360 1634 τὸν
1394 1578 1533 1648 άγιον
1571 1578 1836 1631 ἐπίσκοπον
1868 1576 2127 1644 Βιτάλιον,1
2150 1579 2233 1631 καὶ

272 1651 325 1704 τὸ
365 1650 496 1741 ἱερὸν
531 1651 896 1719 πρεσβυτέριον,
933 1652 1016 1702 καὶ
1051 1648 1164 1711 τοὺς
1202 1647 1500 1710 συνδούλους
1536 1668 1628 1714 μου
1664 1646 1778 1710 τοὺς
1833 1646 2116 1710 διακόνους·
2165 1641 2235 1700 ῶν

274 1719 365 1790 έγῶ
417 1720 705 1786 ἀντίψυχος2
757 1721 998 1788 γενοίμην.
1055 1717 1168 1770 ’Έτι
1213 1717 1539 1784 συντάσσομαι
1590 1723 1655 1787 τῷ
1709 1717 1958 1790 έπισκόπῳ
2005 1719 2088 1770 καὶ
2132 1725 2235 1780 τοῖς

271 1791 609 1877 πρεσβυτέροις
658 1789 709 1840 έν
746 1790 939 1875 Κυρίῳ·
1013 1790 1090 1839 Εἴ
1131 1809 1203 1848 τις
1254 1785 1370 1853 μετὰ
1399 1770 1652 1839 Ἰουδαίων
1704 1772 1937 1840 ἐπιτελεῖ
1949 1784 2002 1840 τὸ
2058 1786 2232 1854 πάσχα,

272 1857 306 1925 ἢ
342 1857 400 1910 τά
438 1857 654 1943 σύμβολα
687 1862 773 1923 τῆς
809 1857 975 1924 ἑορτῆς
1012 1855 1172 1907 αυτῶν
1208 1857 1408 1942 δέχεται,
1445 1853 1679 1916 κοινωνός
1728 1857 1827 1908 ἐστι
1870 1863 1967 1910 τῶν
2016 1855 2234 1910 ἀποκτει-

273 1926 462 1980 νάντων
497 1925 580 1978 τὸν
619 1925 808 1995 Κύριον
842 1926 923 1977 καὶ
959 1922 1072 1987 τοὺς
1109 1923 1408 1986 ἀποστόλους
1443 1923 1607 1976 αὐτοῦ.
2089 1989 2107 2012 l

410 2059 495 2105 XV.
559 2048 876 2114 Ἀσπάζονται
909 2047 1037 2117 υμᾶς
1065 2051 1229 2102 Φίλων
1264 2051 1348 2102 καὶ
1359 2047 1678 2137 Ἀγαθόπους
1702 2050 1753 2100 οἱ
1773 2047 2005 2103 διάκονοι.
2058 2047 2235 2102 Ἀσπά-

274 2126 411 2189 ζομαι
445 2119 499 2173 τὸ
534 2119 749 2188 σύστημα
783 2126 880 2172 τῶν
914 2120 1192 2207 παρθένων,
1235 2118 1288 2172 τὸ
1325 2119 1482 2208 τάγμα
1517 2124 1614 2171 τῶν
1648 2125 1831 2207 χηρῶν
1874 2114 1944 2173 ῶν
1978 2119 2062 2172 καὶ
2101 2117 2233 2172 ὀναί-

273 2213 384 2259 μην,
448 2189 747 2257 Ἀσπάζομαι
783 2188 868 2242 τὸν
904 2188 1024 2242 λαὸν
1063 2191 1282 2257 Κυρίου,
1322 2187 1420 2242 ἀπὸ
1447 2193 1633 2286 μικροῦ
1669 2188 1758 2250 ἕως
1804 2187 2030 2278 μεγάλου.
2094 2188 2234 2242 ’-Απέ

275 2266 433 2312 στειλα
479 2258 593 2326 ύμῖν
642 2258 792 2312 ταῦτά
839 2280 933 2326 μου
988 2257 1046 2310 τὰ
1082 2258 1333 2344 γράμματα
1370 2256 1461 2311 δι’1
1488 2257 1752 2324 Εὗφανίου
1788 2265 1874 2311 τοῦ
1908 2258 2236 2357 ἀναγνώστου,

276 2328 454 2398 ἀνδρὸς
489 2328 782 2397 θεοτιμήτου
820 2330 903 2381 καὶ
938 2328 1253 2393 πιστοτάτου,
1292 2326 1536 2396 συντυχὼν
1574 2329 1684 2396 περὶ
1718 2326 2012 2398 Ῥηγειόνα,ΣΙ
2063 2327 2234 2399 ἀναγο-

277 2399 424 2465 μένου
461 2398 512 2449 ἔν
546 2401 711 2470 πλοίῳ.
787 2398 1064 2465 Μέμνησθέ
1099 2419 1192 2465 μου
1228 2404 1325 2450 τῶν
1361 2401 1572 2465 δεσμῶν,
1611 2399 1693 2449 ἵνα
1729 2401 1991 2452 τελειωθῶ3
2025 2401 2078 2452 έν
2117 2405 2234 2468 Χρι-

277 2486 384 2537 στῳ.
439 2453 705 2535 ’Έρῤωσθε
740 2469 910 2535 σαρκὶ,
944 2473 1102 2538 ψυχη,
1140 2467 1402 2557 πνεύματι,
1439 2469 1591 2519 τέλεια
1641 2473 1963 2535 φρονοῦντες,
2011 2466 2233 2538 ἀποστρε-

278 2540 484 2603 φάμενοι
520 2537 634 2598 τοὺς
670 2536 870 2621 ἐργάτας
904 2543 991 2603 τῆς
1027 2535 1257 2602 ἀνομίας,
1295 2539 1378 2588 καὶ
1411 2543 1498 2588 τοῦ
1529 2534 1678 2622 λόγου
1688 2542 1803 2625 Ητῆς
1838 2536 2074 2604 ἀληθείας
2108 2546 2237 2603 φθο-

276 2613 401 2674 ρεῖς,
437 2605 844 2673 ἒνδυναμούμενοι
881 2606 931 2658 έν
966 2611 1024 2677 τῇ
1060 2606 1212 2674 χάριτι
1249 2612 1335 2658 τοῦ
1373 2608 1564 2676 Κυρίου
1600 2603 1741 2673 ημῶν
1770 2605 1935 2675 Ἰησοῦ
1974 2612 2202 2678 Χριστοῦ.

367 2802 461 2854 Cap.
492 2804 590 2842 XIII.
632 2802 672 2854 1)
705 2798 787 2842 οὐκ
818 2787 885 2842 ῶν
918 2814 958 2841 τι
989 2813 1028 2852 p.
1055 2798 1139 2855 οὐχ
1170 2798 1233 2847 ὡς
1375 2801 1420 2851 2)
1455 2800 1717 2857 ἀντίψυχον
1746 2803 1878 2856 FOV,
1911 2804 2233 2857 quodlgnatiano

280 2854 352 2900 ὤν
382 2873 427 2899 τι
459 2858 489 2898 Ο
514 2859 556 2898 V.
1289 2857 1377 2897 usui
1411 2858 1601 2909 loquendi
1632 2859 1756 2909 magis
1787 2861 2018 2912 respondet.

367 2915 409 2964 2)
447 2928 528 2967 της
559 2913 816 2967 συναᾳειας
844 2910 930 2950 OV.

360 2970 408 3020 3)
445 2968 667 3013 ἀπολέσει
698 2968 728 3009 Ο
752 2968 802 3018 V,
843 2964 1047 3025 ἀπολέση
1079 2967 1147 3007 ille
1180 2969 1229 3007 ad
1373 2982 1467 3035 Cap
1502 2985 1575 3024 XV
1643 2982 1683 3036 ¹)
1714 2986 1770 3025 Ita
1802 2986 1830 3025 F
1853 2984 1944 3036 ov
1977 2981 2102 3028 &ch
2130 2986 2233 3036 vulg·

280 3038 407 3066 mam
1291 3038 1467 3079 Subinde
1499 3040 1748 3096 εὐφανείου
1783 3042 1812 3080 F
1836 3041 1867 3080 Ο
1887 3042 1929 3082 V.

362 3083 407 3133 4)
443 3082 499 3121 Ita
540 3093 584 3120 ex
614 3077 1229 3145 Nydpruc.Usse1·.,u0vovp
1377 3110 1419 3162 2)
1542 3111 1644 3150 cova
1676 3109 1763 3159 OV
1795 3114 1836 3150 P
1899 3105 2029 3152 gniva
2057 3111 2100 3150 Β

288 3132 522 3190 σαββάτου
551 3137 633 3179 τοῦ
665 3131 841 3190 Πάσχα
872 3134 901 3173 Ο
926 3135 966 3185 V,
1001 3118 1231 3188 σαββάτου
1451 3108 1538 3166 §ny
1838 3123 1896 3165 ⁷77

286 3193 370 3232 sine
403 3194 483 3235 τοῦ
517 3189 702 3256 Πάσχα
720 3191 762 3230 Β.
1372 3178 1415 3230 3)
1445 3179 1668 3231 τελειωθῆ
1701 3177 1732 3217 Ο
1755 3180 1796 3218 V.

364 3250 409 3297 5)
435 3242 782 3305 χρηστοκτόνος
812 3247 853 3295 V,
889 3254 926 3286 et
957 3247 1067 3297 prius
1100 3246 1144 3286 Ο.
1374 3247 1560 3298 InVepiD
1543 3248 1713 3299 oraphe.
1746 3249 1827 3288 τοῦ
1858 3244 2033 3302 ἀγίου“
2014 3245 2231 3318 ιερομάρ-

363 3263 471 3355 (Σειρχ
498 3305 590 3344 XIV.
663 3302 702 3369 1)
743 3277 963 3355 βητάλιον
1001 3302 1101 3353 VO,
1141 3302 1227 3342 heic
1288 3314 1421 3358 τυρος
1461 3301 1691 3357 Ἰγνατίου
1731 3300 1951 3356 ἐπιστολὴ
1999 3302 2118 3360 πρὸς
2153 3320 2230 3361 φι-

277 3365 468 3400 mutatum
501 3361 539 3399 in
569 3354 790 3413 βιτάλιον.
1285 3357 1570 3411 λιππησίους
1600 3357 1708 3414 περὶ
1734 3361 2075 3416 βαπτίσματος.
