2340 3900
451 161 685 215 m
708 161 944 213 PASTOR.
1013 164 1243 213 nunni.
1316 166 1464 216 vtslo
1499 168 1573 217 111.
1609 168 1680 219 lv.
1713 164 1787 230 (B)
1995 167 2100 221 437

273 299 467 364 (n)Xll.·
462 292 547 353 „fi
575 301 782 352 secunda
813 307 966 348 autem
998 302 1172 351 visione
1207 305 1359 352 vidisti
1394 319 1497 355 eam
1532 313 1727 357 stantem
1762 314 1817 357 et
1823 306 2002 366 faciem,
2027 307 2096 358 iu·

135 387 297 441 venem
333 357 605 429 baben't‘fln,
651 376 700 419 et
742 364 950 417 bilarem¹
987 372 1129 434 magis
1179 387 1312 435 quam
1349 381 1483 433 ante,
1529 382 1578 423 et
1621 390 1792 440 corpus
1827 382 1876 426 et
1910 374 2099 441 capillos

135 438 350 490 senioris.
413 440 473 489 Bt
499 441 622 488 bane
665 445 780 502 ergo
802 438 1141 488 similitudinem
1182 442 1304 492 audi.
1376 443 1566 501 Quando
1602 445 1767 507 aliquis
1815 447 1974 495 senior
2019 445 2101 502 ἀοι

133 518 293 576 sperat
332 511 391 559 de
436 522 491 558 se
536 515 730 572 propter
771 508 1143 556 imbecillitatem
1175 519 1221 558 et
1255 511 1587 561 mendicitatem
1623 529 1779 571 suam,
1815 515 1929 563 nibil
1976 514 2101 565 aliud

134 587 349 644 expectat,
383 579 474 627 nisi
509 578 630 626 diem
665 579 963 626 novissimum
996 578 1113 626 vitae
1148 595 1272 628 suae.
1343 582 1398 627 At
1433 583 1472 628 si
1509 591 1671 645 postea
1695 584 1845 632 subito
1883 584 1927 633 ei
1962 585 2097 634 relin-

134 656 301 715 quatur
333 648 623 705 baereditas,
673 655 722 696 et
767 648 960 695 audiens
1006 650 1228 706 surrexit,
1277 656 1325 696 et
1369 650 1572 712 gaudens
1610 646 1828 701 effectus'
1865 653 2011 702 induit
2043 667 2098 704 se

131 716 468 774 tortitudinem,
512 724 560 764 et
593 723 706 765 non
722 718 811 764 iam
847 717 1032 774 iacens,
1080 718 1163 765 sed
1200 725 1326 766 stans
1362 721 1664 769 renovabatur
1700 723 1745 769 in
1783 723 1972 785 spiritu,
2010 724 2091 786 qui

130 790 218 836 iam
262 793 510 849 corruptus
544 795 645 835 erat
688 801 714 835 a
750 785 985 849 prioribus
1022 786 1119 833 suis
1156 786 1515 836 defectionibus·
1564 804 1658 838 non
1697 792 1784 838 iam
1819 791 1963 850 sedit,
2008 792 2095 841 sed

128 856 321 906 viriliter
352 856 461 919 agit.
530 855 608 904 Sic
642 862 687 904 et
719 869 801 903 vos
837 855 1075 903 audientes
1110 856 1230 903 hanc
1263 857 1499 911 visionem,
1537 873 1673 920 quam
1709 860 1839 907 vobis
1877 860 2093 910 Dominus

128 925 355 974 revelavit-
425 924 648 984 Quoniam
684 924 900 974 misertus
937 931 1010 972 est
1043 939 1188 988 super
1221 939 1303 973 vos
1337 926 1553 975 Dominus
1590 936 1636 975 et
1683 931 1916 977 renovavit
1959 930 2092 991 spiri·

128 1004 226 1044 tum
272 1002 321 1043 et
364 995 581 1057 deposuit
613 995 861 1056 languores
907 1002 1110 1042 vestros:
1148 1001 1195 1042 et
1228 997 1424 1043 accessit
1460 996 1589 1044 vohis
1626 996 1846 1046 fortitudo
1885 1006 1931 1046 et
1965 1005 2093 1062 pote·

125 1072 245 1122 stas,
282 1070 330 1112 et
375 1070 589 1127 potentes
633 1064 788 1112 effecti
822 1064 935 1112 estis
970 1065 1015 1110 in
1050 1063 1156 1113 fide.
1231 1064 1287 1111 Et
1331 1065 1491 1113 videns
1528 1066 1743 1114 Dominus
1779 1068 2092 1116 fortitudinem

124 1141 320 1183 vestram
353 1134 535 1196 gavisus
571 1141 658 1182 est.
729 1133 784 1180 Et
817 1139 1066 1196 propterea
1102 1135 1332 1182 nunciavit
1378 1135 1508 1182 vobis
1559 1135 1775 1184 fabricam
1810 1138 1966 1184 turris.
2037 1135 2095 1185 Et

123 1203 211 1254 alia
245 1204 429 1266 quidem
466 1203 715 1262 nuntiabit,
751 1203 793 1250 si
828 1217 883 1251 ex
917 1204 1027 1250 totis
1063 1203 1348 1265 praecordiis
1385 1218 1544 1267 pacem
1580 1205 1832 1253 habueritis
1861 1207 1907 1254 in
1942 1204 2088 1254 vobis.

264 1326 330 1388 (a)
342 1327 454 1376 xm.
491 1328 646 1376 Tertia
681 1335 832 1375 antem
851 1329 1026 1375 visione
1053 1328 1205 1376 vidisti
1230 1329 1348 1376 illam
1372 1330 1594 1386 iuvenem,
1632 1336 1680 1375 et
1712 1330 1877 1376 bonam
1900 1336 1946 1376 et
1980 1329 2090 1377 hila·

123 1413 236 1456 rem,
270 1394 374 1458 [ac]
410 1398 615 1460 spetiosa
651 1392 785 1456 [fuit]
822 1397 964 1443 facies
1001 1411 1097 1443 sua.
1170 1396 1298 1444 Sicut
1323 1398 1442 1444 enim
1474 1394 1562 1454 [si]
1601 1397 1734 1444 alicui
1759 1398 1879 1444 tristi
1914 1398 2092 1445 venerit

128 1468 318 1517 nuntius
350 1466 516 1523 bonus,
554 1467 704 1513 statim
741 1465 1026 1512 obliviscitur
1059 1465 1262 1526 priorem
1301 1466 1527 1512 tristitiam
1566 1471 1614 1511 et
1649 1465 1761 1512 nihil
1797 1466 1920 1513 aliud
1956 1479 2088 1528 expe-

122 1542 217 1585 ctat
249 1536 338 1583 nisi
357 1536 565 1582 nuntium
601 1534 729 1596 qnod
765 1533 946 1590 audivit,
983 1540 1031 1580 et
1053 1533 1184 1580 sortis
1222 1532 1422 1581 efficitur
1458 1534 1515 1580 de
1553 1540 1737 1581 caetero
1764 1535 1810 1581 in
1837 1534 1989 1593 bon03
2026 1541 2088 1582 et·

121 1607 243 1654 enim
260 1597 521 1652 renovatur¹
554 1603 743 1666 spiritus
777 1609 969 1664 propter
1002 1602 1218 1665 gaudium
1254 1602 1379 1664 quod
1416 1602 1621 1664 accepit:
1658 1604 1728 1650 sic
1764 1611 1810 1650 et
1838 1617 1918 1650 vos
1956 1617 2087 1651 reno-

118 1674 345 1723 vationem
384 1672 627 1735 accepistis
662 1673 853 1734 spiritus
890 1672 1029 1719 vestri
1062 1672 1267 1719 videntes
1290 1673 1404 1719 haec
1426 1672 1559 1719 bona.
1630 1672 1684 1718 Et
1707 1673 1920 1734 quoniam
1944 1687 2085 1736 super

117 1757 353 1793 scamnum
388 1743 540 1790 vidisti
560 1741 696 1789 'illam
731 1742 981 1797 sedentem,
1019 1741 1152 1788 sortis
1176 1742 1358 1804 positio,
1395 1743 1501 1803 quia
1526 1747 1740 1803 quattuor
1775 1742 1914 1789 habet
1935 1742 2080 1803 pedes

118 1806 356 1863 scamnus¹
404 1818 452 1860 ct
491 1811 624 1858 l'ortis
671 1817 776 1859 stat.
848 1809 1085 1871 Siquidem
1139 1818 1186 1858 et
1236 1810 1444 1858 seculum
1496 1825 1582 1872 per
1628 1817 1843 1871 quattuor
1886 1810 2080 1871 angulos

120 1883 398 1931 continetur.
467 1880 553 1938 Qui
602 1894 715 1942 ergo
764 1879 970 1942 perfecte
1019 1880 1348 1941 poenitentiam
1399 1880 1600 1941 egerint,
1652 1878 1991 1926 renovabuntur
2038 1885 2086 1926 et

118 1951 293 2000 fundati
330 1951 377 1998 in
412 1957 508 1997 toto
550 1949 692 1996 corde
739 1962 827 1996 suo
866 1949 1189 2010 poenitentiam
1227 1955 1376 2008 agent.
1450 1948 1600 1995 Habes
1647 1948 1851 2010 perfecte
1899 1961 2080 1995 omnem

120 2020 458 2069 rcvdationcm.
529 2018 766 2080 Nunquam
814 2018 899 2064 iam
950 2017 1071 2063 aliud
1115 2031 1336 2079 quaeras3
1383 2017 1422 2064 si
1460 2024 1608 2064 autem
1647 2017 1906 2079 rogaveris,
1954 2030 2078 2065 reve·

120 2089 289 2137 labitur
323 2087 419 2136 tihi.

918 2223 1040 2257 visto
1080 2224 1279 2263 ouans.

254 2334 376 2397 (s)l.
427 2336 566 2395 visio,
601 2347 739 2400 quan
772 2333 881 2392 vidi.
916 2334 1095 2393 batres,
1135 2332 1273 2413 [haec
1293 2331 1426 2393 erat]
1465 2334 1576 2381 Post
1594 2334 1692 2382 dies
1725 2334 1882 2395 viginti
1913 2334 2083 2396 prioris

118 2409 209 2458 diei
253 2420 399 2469 mque
445 2406 504 2455 ad
538 2405 855 2454 advenientem
905 2405 1026 2453 diem
1063 2405 1182 2452 ibam
1219 2404 1265 2451 in
1313 2418 1473 2465 agrum
1511 2417 1595 2465 per
1645 2403 1762 2450 viam
1799 2402 2083 2481 Campanam.

117 2477 181 2526 De
215 2482 359 2525 strata
395 2474 580 2539 publica
612 2480 722 2521 sunt
755 2474 887 2536 quasi
923 2473 1068 2521 stadia
1105 2475 1290 2531 decem;
1335 2486 1440 2519 raro
1491 2478 1640 2519 autem
1678 2471 1933 2519 ambulatur
1980 2473 2080 2534 ipse

117 2538 281 2595 Ιιιοιιι.ι
360 2543 497 2592 Solus
543 2549 693 2591 autem
742 2542 979 2591 ambulans
1015 2543 1232 2605 rogabam
1278 2542 1538 2599 Dominum,
1582 2547 1634 2588 ut
1682 2541 1984 2589 revelationes
2035 2547 2082 2589 et

116 2615 332 2672 visiones,
366 2605 504 2675 quas'
538 2612 648 2660 mibi
683 2611 888 2660 ostendit
918 2625 1005 2675 per
1038 2619 1241 2659 sanctam
1277 2610 1516 2659 ecclesiam
1538 2625 1682 2668 suam,
1720 2610 1864 2658 sortes
1890 2610 2077 2664 faceret,

117 2690 165 2733 et
195 2683 399 2732 viderem
433 2681 760 2745 poenitentiam
810 2694 1046 2729 servorum
1086 2682 1192 2738 Dei,
1240 2681 1319 2742 qui
1371 2680 1803 2738 scandalizabantur,
1842 2685 1894 2727 ut
1927 2678 2077 2726 lauda-

202 2874 249 2926 8)
277 2874 464 2916 revelatis
499 2871 585 2913 Vat-
1122 2875 1158 2910 et
1189 2870 1364 2922 quadem
1395 2870 1551 2922 affectus
1582 2868 1709 2908 induit
1739 2878 1780 2906 se
1809 2866 2078 2921 fortitudinem

204 2930 285 2973 vis.
309 2929 373 2972 tv.
432 2927 474 2982 Ι)
514 2924 833 2969 '‘sib-lationem
878 2924 1068 2978 intelligit
1122 2931 1156 2966 ct
1187 2939 1263 2967 non
1294 2929 1373 2966 iam
1400 2927 1534 2966 iacens
1569 2925 1637 2963 sed
1671 2929 1781 2963 stans
1812 2913 2073 2963 renovabatur

119 2985 197 3029 ab
222 2983 467 3029 Dedan-⁰.
494 2981 626 3025 020·-
1124 2984 1165 3022 in
1204 2984 1369 3034 spiritu:
1408 2981 1512 3034 quod
1556 2981 1634 3020 iam
1674 2982 1895 3030 corruptum
1927 2980 2011 3017 erat
2050 2990 2075 3018 a

202 3039 252 3096 2)
273 3039 571 3096 proficisceba-
597 3043 687 3079 σπι
711 3035 755 3078 i·
777 3034 862 3078 Vot-
1121 3038 1324 3090 prioribus
1357 3038 1443 3078 suis
1473 3036 1784 3088 defectionibuu
1818 3037 1854 3072 et
1884 3045 1963 3074 non
1992 3032 2075 3073 iam

202 3097 253 3153 8)
282 3110 325 3139 ιι
358 3094 454 3138 tiu·
491 3099 583 3137 ml
624 3105 713 3135 m
743 3091 829 3133 Vat.
888 3091 960 3134 tsi
997 3091 1068 3134 ute
1126 3094 1225 3133 aedit
1260 3094 1331 3134 ned
1361 3094 1528 3133 viriliter
1558 3104 1689 3141 aqem.

119 3152 217 3198 Vin
240 3152 576 3208 Appium
607 3147 678 3204 qul
698 3147 956 3201 ean-panim
973 3159 1068 3201 pcr-
1211 3148 1308 3201 Cap.
1340 3148 1437 3190 ΧΙΙΙ.
1502 3149 1542 3197 1)
1572 3152 1606 3187 et
1636 3150 1842 3186 renovatur
1865 3146 1967 3186 enim
1992 3142 2076 3186 Pal.
2127 3155 2134 3160 ·

119 3209 260 3254 auit-
1214 3204 1259 3255 2)
1291 3203 1359 3244 Sic
1389 3203 1472 3245 Pal.
1504 3203 1704 3244 distincte.

203 3266 252 3319 ⁴)
277 3262 376 3307 ’.Ν
402 3261 517 3312 7⁸⁸·
558 3259 706 3302 d‘h'a‘
748 3273 835 3301 ‘'¹''
877 3272 916 3313 Ρ·
947 3261 1071 3300 ⁸¹¹⁸*
1217 3291 1617 3357 Vi..lv.1)vinio
1675 3302 1765 3331 uam
1794 3291 1877 3331 vidi
1905 3292 2075 3342 fratres·

122 3324 307 3375 sm
336 3317 531 3374 ,flodus
558 3328 650 3359 enm
666 3316 790 3358 hacce
819 3316 906 3357 sine
927 3315 972 3357 Et
998 3329 1068 3355 co·
1129 3354 1219 3403 pou
1253 3348 1337 3388 dfe,
1368 3348 1511 3399 ,iqinei
1539 3349 1682 3400 priors
1714 3346 1821 3396 diei,
1865 3355 1989 3400 usque
2025 3345 2078 3386 ad

122 3377 298 3431 ΜΨ·
1132 3406 1398 3446 advenientem
1428 3403 1533 3444 diem
1564 3404 1667 3443 ibam
1699 3403 1743 3442 in
1773 3413 1910 3454 aarum
1923 3413 1994 3455 per
2012 3402 2079 3443 via

206 3466 305 3521 Cap.
332 3465 416 3509 ¹11·
479 3461 522 3519 Ι)
549 3463 689 3507 tauris
721 3461 806 3503 Pal.
1131 3473 1346 3514 campano·
1381 3459 1427 3499 de
1464 3463 1589 3499 uraca
1615 3457 1797 3511 publica.
1841 3462 1929 3500 snm!
1960 3457 2079 3513 «mai

205 3522 251 3577 2)
281 3519 662 3575 13110111,κόὀο
695 3519 870 3572 affectu.
912 3516 955 3558 ln
992 3516 1075 3558 Pal.
1134 3517 1264 3558 stadio
1294 3517 1435 3556 decem.
1467 3514 1563 3556 Baro
1577 3518 1706 3556 nutem
1737 3515 1963 3558 ambulatur
1990 3514 2074 3569 ipse

121 3577 222 3621 hee
250 3577 400 3621 habes.
430 3577 504 3620 Ant
514 3531 570 3619 ,εὖ
594 3579 738 3632 potua
766 3574 898 3615 subito
931 3574 968 3614 ei
1011 3585 1076 3613 re·
1133 3576 1242 3615 locus
1277 3571 1360 3613 Pal.

122 3635 328 3690 linquatur
359 3633 608 3676 hamdan.
639 3635 675 3672 el
707 3630 870 3673 audiena
903 3630 1076 3671 sumsit
1220 3627 1269 3683 2)
1299 3637 1399 3682 quae
1430 3624 1514 3668 Pal.
