2340 3900
217 160 318 210 216
790 158 1118 207 MARTYRIUM
1154 159 1451 208 S.1GNAT11.
1499 163 1584 210 VlI.

216 291 584 374 προγεγονόσιν,
631 287 805 375 μικρὸν
855 286 1255 353 ἆφυπνῶσαντες,
1303 292 1354 343 οἷ
1382 291 1480 376 μὲν
1527 292 1756 358 ἐξαίφνης
1791 287 2044 342 ἐπιστάντα
2078 292 2162 344 καὶ

215 357 654 443 περιπτυσσόμενον
685 355 815 445 ἡμᾶς
849 357 1119 443 ἐβλέπομεν,
1156 360 1207 411 οἱ
1238 358 1290 410 δὲ
1327 358 1472 413 πάλιν
1507 360 1819 427 ἐπευχόμενον
1855 357 1971 426 ἡμῖν
2007 359 2163 445 ἑωρῶ-

216 448 302 494 μεν
347 425 430 479 τὸν
475 424 713 495 μακάριον
738 423 1002 510 Ἰγνάτιον,
1039 424 1171 480 άλλοι
1206 427 1258 480 δὲ
1304 429 1588 497 σταζόμενον
1622 428 1711 495 ὑφ’
1770 430 1972 517 ἱδρῶτος
2006 426 2073 489 ὦς
2108 429 2161 481 ἐκ

216 493 432 562 καμάτου
481 501 664 548 πολλοῦ
723 493 1138 582 παραγενόμενον,
1189 498 1271 550 καὶ
1325 505 1602 568 παρεστῶτα
1647 504 1713 569 τῷ
1763 500 1927 583 κυρίῳ.
2013 495 2161 549 Μετὰ

216 570 397 649 πολλῆς
440 567 607 617 τοίνυν
650 570 800 632 χαρᾶς
846 570 993 617 ταῦτα
1045 563 1251 629 ἰδόντες,
1298 569 1381 620 καὶ
1417 551 1740 655 συμβαλόντες
1773 564 1856 627 τὰς
1890 563 2030 631 όψεις
2065 572 2162 619 τῶν

217 630 496 700 ὀνειράτων,
532 631 832 720 υμνήσαντες
867 631 952 686 τὸν
992 632 1141 699 Θεὸν,
1178 633 1262 688 τὸν
1299 639 1478 706 δοτῆρα
1512 643 1608 723 τῶν
1643 635 1917 723 ἀγαθῶν,
1944 635 2027 686 καὶ
2072 657 2160 702 μα-

216 704 496 771 καρίσαντες
530 701 615 754 τὸν
649 724 800 789 αγιον,
839 702 1207 790 ἐφανερῶσαμεν
1240 705 1356 772 υμῖν
1390 707 1471 758 καὶ
1503 704 1590 772 τὴν
1624 702 1822 799 ἦμέραν4
1841 704 1924 756 καὶ
1950 701 2036 756 τὸν
2054 705 2161 772 χρό-

214 792 330 835 νον,
383 793 463 824 ινα
506 769 628 824 κατὰ
671 769 757 824 τὸν
799 770 975 857 καιρὸν
1015 779 1102 826 τοῦ
1155 777 1419 843 μαρτυρίου
1457 772 1822 856 συναγόμενοι,4
1857 779 2163 860 κοινωνῶμεν

214 846 281 911 τῶ
318 838 508 928 ἀθλητῇ
545 841 626 893 καὶ
660 843 864 913 γενναία)
910 839 1114 911 μάρτυρι
1152 849 1390 931 Χριστοῦ,
1436 859 1820 927 καταπατησαντι
1867 840 1953 894 τὸν
1998 844 2162 928 διάβο-

215 916 326 973 λον,
375 931 457 962 και
501 907 587 962 τὸν
631 915 716 977 τῆς
764 895 1070 979 φιλοχρίστου
1118 910 1271 965 αὐτοῦ
1318 914 1583 999 ἐπιθυμίας
1631 910 1929 964 τελειώσαντι
1964 910 2163 1000 δρόμον,

215 979 268 1030 ἐν
306 983 500 1067 Χριστῷ
523 976 689 1066 Ἰησοῦ
736 986 804 1032 τῶ
827 984 1002 1067 κυρίῳ
1030 980 1210 1071 ἡμῶν,
1260 981 1324 1033 δι’
1367 1003 1425 1034 ου
1467 983 1548 1034 καὶ
1595 980 1712 1047 μεθ’
1755 975 1815 1034 οὗ
1850 987 1916 1053 τῷ
1929 983 2095 1067 πατρὶ
2127 979 2163 1050 ἦ

217 1045 334 1109 δόξα
368 1048 452 1100 καὶ
486 1045 540 1100 τὸ
578 1046 751 1118 κράτος
769 1033 877 1102 σὺν
910 1056 977 1122 τῷ
1013 1048 1133 1123 άγίῳ
1168 1049 1421 1119 πνεύματι5
1457 1053 1524 1113 εἷς
1559 1052 1752 1113 αἰῶνας.
1815 1034 1986 1118 Ἀμήν.

300 1242 345 1295 4)
379 1244 408 1284 1.
439 1258 471 1284 e.
503 1241 561 1286 τὰ
587 1243 809 1298 γενέθλια
826 1247 951 1287 sancti
974 1247 1157 1299 marty1is
1215 1248 1254 1287 in
1289 1249 1328 1287 S.
1366 1247 1557 1298 Ignatiutn
1587 1247 1865 1299 perspicimus.
1910 1248 2004 1289 Vide
2035 1249 2139 1302 Chry
2143 1272 2163 1279 -

217 1299 476 1340 celebremus.
520 1300 577 1340 Ea
611 1299 884 1352 Chrysostomi
913 1303 1042 1343 adhue
1060 1309 1160 1343 tem
1218 1310 1316 1343 sost.
1372 1303 1473 1355 Opp.
1524 1304 1586 1344 ed.
1638 1305 1774 1344 Montf.
1822 1304 1866 1344 Τ.
1915 1304 1964 1345 Π.
2002 1317 2042 1357 p.
2080 1306 2162 1346 600

217 1355 383 1408 poribus
415 1367 503 1396 esse
534 1355 754 1407 celebrata,
787 1368 832 1397 ex
864 1370 1047 1399 sermone
1078 1359 1162 1399 eius
1219 1372 1308 1412 sqq.
1337 1360 1383 1400 H.
