2340 3900
725 126 1014 175 BARNABAE
1051 126 1340 175 EPISTULA.
1382 125 1498 173 vlu.
1532 125 1603 174 IX.
2087 122 2148 175 19

191 280 240 323 ot
271 267 639 333 purificationem
674 265 844 322 cordis,
882 263 1050 326 quibus
1094 265 1222 312 dedit
1259 264 1479 326 evangelii
1517 261 1815 326 praedicandi
1850 269 2149 326 potestatem3

192 341 363 403 quique
397 344 507 385 sunt
539 334 808 391 duodecim,
859 334 905 380 in
952 333 1152 380 tribuum
1206 335 1540 391 testimonium,
1591 332 1699 394 quia
1748 333 1870 395 apud
1918 331 2149 378 Israelitas

188 408 429 457 duodecim
465 411 598 454 erant
630 403 793 451 tribus.
861 405 919 450 At
953 416 1037 448 cur
1074 410 1171 448 tres
1210 405 1343 463 pueri
1380 402 1708 464 aspergentes?
1780 403 1951 463 Nempe
2004 401 2046 447 in
2086 407 2149 446 te-

186 477 446 525 stimonium
480 474 727 534 Abra—hami
762 478 812 519 et
845 472 988 519 isaaci
1022 478 1069 518 et
1106 471 1288 526 lacobi3
1343 472 1468 532 quod
1521 473 1550 518 ii
1596 472 1747 532 magni
1792 471 1961 519 suerint
1997 483 2151 517 coram

185 548 295 595 Deo.
364 545 457 592 Cur
488 557 599 590 vero
637 542 740 589 lana
777 542 822 588 in
856 540 980 602 ligno
1019 536 1269 598 [baculo]3
1339 541 1450 597 Quia
1489 542 1534 587 in
1570 541 1693 601 ligno
1734 541 1861 588 Iesus
1901 538 2149 587 dominium

184 631 319 664 snum
351 620 494 668 tenet,
530 613 659 659 cuius
695 624 847 667 causa,
887 611 966 671 qui
1002 610 1048 656 in
1086 609 1214 656 illum
1240 617 1439 669 sperant,
1473 611 1622 656 vivent
1640 611 1686 656 in
1706 617 1956 657 aeternum.
2003 608 2150 665 Quare

183 693 333 734 autem
370 682 505 730 simul
538 682 686 728 lanam
722 687 768 727 et
802 679 1086 741 hyssopum?
1160 678 1382 735 Quoniam
1433 680 1479 724 in
1528 692 1670 738 regno
1708 679 1828 726 illius
1881 684 2016 726 erunt
2052 677 2150 724 dies

183 754 292 802 mali
327 768 380 800 ac
417 751 616 807 sordidi,
665 749 832 811 quibus
868 763 955 796 nos
1005 747 1116 795 salvi
1167 747 1363 793 erimus:
1420 748 1787 807 quandoquidem
1837 749 1916 809 qui
1954 760 2151 808 corpore

186 829 416 885 aegrotat,
463 818 740 868 emundante
785 818 977 881 hyssopi
1022 830 1164 864 succo
1202 823 1404 863 curatur.
1479 815 1534 862 Et
1582 825 1774 876 propter
1810 818 1900 864 hoc
1938 830 2053 877 quae
2090 816 2152 862 ita

183 907 236 941 sc
272 892 455 948 habent,
490 890 625 937 nobis
660 888 901 936 manifesta
937 894 1062 944 sunt,
1100 882 1441 943 illis[1udaeis]
1477 893 1627 932 autem
1665 885 1877 941 obscura,
1919 886 2023 947 quia
2059 898 2150 931 non

184 963 429 1010 andierunt
460 973 622 1006 vocem
657 958 847 1005 Domini.

337 1098 410 1146 lX.
481 1098 781 1147 circumcisio
814 1098 981 1144 veteris
1018 1096 1276 1143 testamenti
1309 1094 1621 1155 spiritualiter
1656 1094 1978 1154 intelliyenda.

322 1209 548 1272 Loquitur
596 1223 737 1271 porro
789 1207 1016 1270 scriptura
1066 1207 1123 1254 de
1160 1205 1346 1252 auribus
1382 1206 1571 1262 nostriS‚
1608 1205 1840 1266 quomodo
1879 1220 1955 1252 eas
1990 1211 2036 1252 et
2072 1219 2154 1252 cor

184 1286 392 1328 nostrum
429 1274 770 1326 circumciderit
806 1277 1040 1324 Dominus.
1110 1277 1181 1322 Ait
1218 1274 1438 1322 Dominus
1476 1275 1598 1336 apud
1635 1275 1940 1336 Prophetam:
1978 1275 2040 1332 ,in
2077 1288 2153 1321 au-

186 1350 284 1398 ditu
319 1349 444 1396 auris
479 1348 755 1396 obedierunt
786 1345 930 1394 mihi.‘
1002 1345 1058 1392 Et
1092 1347 1259 1392 iterum
1298 1345 1432 1392 dicit:
1470 1345 1640 1402 ,auditu
1668 1344 1865 1397 audient,
1904 1344 1981 1404 qui
2017 1343 2152 1404 longe

185 1419 376 1477 absuut;
412 1432 530 1480 quae
567 1418 671 1475 reci,
709 1413 890 1465 scient.‘
958 1415 1035 1462 Et:
1070 1414 1402 1474 ,circumcidite
1441 1414 1582 1460 corda
1612 1410 1794 1470 vestra‚‘
1831 1413 1892 1459 ait
1923 1412 2155 1460 Dominus.

187 1487 243 1536 Bt
279 1502 440 1535 rursus
477 1488 566 1535 ait:
608 1486 742 1546 ,audi
783 1485 941 1541 lsrael,
977 1485 1091 1532 haec
1129 1485 1238 1532 dicit
1274 1483 1492 1530 Dominus
1526 1483 1645 1530 Deus
1684 1480 1820 1529 tuus.‘
1893 1482 2154 1543 iterumque

185 1558 377 1621 spiritus
414 1556 590 1604 Domini
625 1556 893 1619 prophetat:
929 1555 1048 1617 ,quis
1085 1561 1171 1617 est,
1212 1554 1291 1615 qui
1328 1553 1421 1599 vult
1457 1554 1606 1599 vivere
1644 1553 1690 1598 in
1725 1552 2030 1614 perpetuum?
2067 1554 2153 1598 Au·

188 1628 360 1675 ditione
396 1627 552 1674 audiat
586 1640 747 1674 vocem
776 1624 856 1672 filii
891 1623 1010 1672 mei.‘
1078 1624 1134 1670 Et
1170 1625 1335 1670 iterum
1373 1623 1508 1670 dicit:
1555 1622 1677 1679 ,audi
1715 1621 1916 1679 coelum,
1956 1628 2002 1669 et
2038 1621 2154 1668 auri-

186 1697 274 1745 bus
321 1697 508 1758 percipe
551 1703 702 1752 terra,
747 1696 855 1757 quia
898 1694 1109 1741 dominus
1166 1694 1347 1740 locutus
1396 1689 1495 1739 est.‘
1566 1691 1687 1738 Haec
1735 1692 1781 1737 in
1831 1691 2153 1738 testimonium.

185 1766 453 1828 Rursusque
489 1766 579 1812 ait:
627 1766 805 1822 ,audite
851 1763 1041 1811 verbum
1081 1763 1258 1810 Domini
1294 1763 1527 1823 principes
1563 1760 1721 1822 populi
1755 1759 1921 1807 huiuS.‘
1992 1760 2047 1807 Et
2080 1761 2153 1807 ad·

188 1837 312 1884 huc:
360 1835 528 1893 ,audite
565 1834 646 1882 filii
682 1849 842 1882 vocem
879 1834 1114 1881 clamantis
1152 1834 1198 1879 in
1237 1829 1458 1880 deserto}
1526 1830 1647 1891 Ergo
1699 1831 1983 1878 circumcidit
2018 1844 2155 1877 aures

187 1912 387 1961 nostras,
421 1911 473 1951 ut
506 1904 661 1951 audito
697 1904 838 1952 verbo
875 1903 1203 1958 crederemus3
1239 1901 1530 1948 circumcisio
1570 1900 1705 1956 enim,
1744 1900 1790 1945 in
1829 1914 1918 1960 qua
1955 1900 2020 1946 illi
2047 1913 2155 1946 con-

189 1974 413 2031 fidebant,
462 1973 680 2035 abrogata
725 1981 812 2021 est.
883 1971 1126 2033 Praecepit
1173 1971 1294 2017 enim
1331 1970 1575 2025 DominuS‚
1630 1969 2024 2015 circumcisionem
2063 1982 2155 2015 non

188 2045 340 2091 earnis
373 2056 477 2090 asc
514 2042 794 2099 taciendam3
829 2041 894 2088 illi
931 2048 1081 2088 autem
1119 2045 1411 2101 praeceptum
1450 2038 1541 2084 hoc
1578 2038 1854 2098 transgressi
1892 2043 2010 2095 sunt,
2050 2037 2156 2099 quia

193 2213 258 2247 tur
285 2213 326 2247 et
356 2205 571 2258 h5ssop-s.
628 2203 784 2243 Coceus
815 2209 945 2243 tortus
976 2203 1143 2253 figuram

191 2261 297 2303 ucri
326 2261 531 2312 unguinis
562 2259 754 2308 continet,
785 2259 852 2311 qni
884 2258 934 2299 de
964 2259 1050 2298 eins
1081 2258 1142 2296 ia-

197 2325 282 2359 tere
311 2330 387 2370 per
417 2318 580 2358 innecte
610 2315 754 2356 vulnus
782 2321 946 2355 exortus
976 2320 1050 2354 est.
1079 2313 1143 2362 ‚Et

190 2373 421 2426 hyssopus?
477 2372 566 2413 Boc
605 2382 731 2423 genn·
775 2370 924 2411 herbae
962 2375 1143 2410 naturam

191 2429 340 2470 habere
368 2427 514 2469 medici
546 2428 693 2476 (mut,
726 2433 769 2468 nt
788 2426 957 2467 diluatet
997 2436 1142 2476 expur-

189 2491 276 2537 get,
306 2485 341 2526 si
371 2497 476 2538 que
503 2483 599 2525 iliae
628 2482 787 2536 pectori
816 2482 1021 2523 hominum
1050 2492 1142 2520 sor-

186 2540 260 2582 det
302 2553 348 2582 ex
383 2540 644 2593 corruptione
681 2538 788 2581 noxii
817 2538 997 2581 humoris
1026 2537 1136 2578 inse-

186 2596 331 2639 derint.
387 2596 501 2638 unde
530 2603 571 2638 et
598 2594 828 2637 necessario
870 2594 911 2635 in
939 2606 1136 2646 expurga-

185 2654 294 2695 tione
333 2659 592 2707 peccator·-
628 2650 907 2697 huiuscemodi
948 2650 1138 2702 graminis

358 2716 547 2763 suscepta
594 2714 669 2750 cet.
702 2730 761 2741 --
801 2706 1043 2760 Scripserim
1087 2704 1139 2749 ἐν

185 2711 262 2835 εἳ,
287 2763 424 2864 ἡμεῖς
451 2759 798 2823 σωθησόμεθα,
837 2764 916 2806 καὶ
945 2759 1022 2805 ὅτι
1058 2760 1141 2805 ἀλ-

216 2835 285 2867 ων
309 2835 365 2864 xt
396 2852 407 2863 .

182 2837 216 2878 r
271 2879 346 2932 20)
373 2874 522 2926 οὕτως
548 2878 581 2920 0
601 2877 643 2919 V.

272 2934 345 2986 21)
373 2931 506 2983 ἔστιν
535 2933 625 2976 DV.

218 3006 228 3015 ·
272 2990 348 3043 22)
377 2991 459 3032 Art.
491 2991 575 3033 τοῦ
603 2987 790 3032 iectionis
819 2987 924 3040 vulg.
946 2995 1038 3029 ante
1059 3000 1138 3030 κυ-

188 3049 292 3107 ρίου
323 3046 440 3089 omisi
472 3059 509 3088 e.
536 3044 768 3089 BCPDV.

271 3131 371 3185 Cup.
400 3130 462 3173 ΙΧ.
507 3128 550 3183 1)
568 3128 738 3173 αἴτίων
758 3129 860 3171 Uen.
890 3128 990 3173 Tum
1005 3126 1140 3186 ἡμῶν

188 3188 308 3231 etiam
340 3188 374 3230 0
403 3187 446 3231 in
476 3193 606 3235 textu.
674 3184 758 3232 uod
801 3198 822 3227 a
890 3185 1054 3228 nnensis
1087 3185 1136 3225 ad

189 3256 301 3286 orm
329 3242 495 3286 mutavit
510 3242 552 3286 in
576 3238 726 3302 ὖμωγ.
754 3240 838 3286 Cir.
894 3248 974 3287 ent.
989 3242 1057 3294 21,
1075 3242 1139 3287 12.

188 3299 312 3343 Levit-
348 3301 412 3351 19,
443 3299 512 3344 23.
552 3298 628 3353 tp.
656 3297 708 3343 ad
735 3297 920 3351 Diognet.
951 3311 986 3340 c.
1015 3299 1055 3340 4.

273 3368 319 3419 2)
343 3364 579 3424 ὑπήκουσε
598 3367 811 3421 legendum
828 3367 1023 3422 proponit
1039 3368 1139 3410 Men.

190 3438 224 3466 c.
254 3424 351 3467 Lxx
380 3424 445 3468 Po.
477 3425 544 3476 17,
572 3425 643 3469 44.

273 3491 321 3547 3)
349 3493 427 3535 lai
457 3493 533 3545 ³8,
566 3494 632 3538 13.
689 3493 820 3544 Quem
850 3494 925 3535 che
955 3507 1057 3535 sono
1090 3493 1138 3534 da

190 3548 326 3601 taught
343 3550 647 3602 perfetumente
667 3550 982 3602 intendentium
1012 3563 1140 3591 cono-

187 3617 386 3647 munao
405 3605 517 3659 quii
531 3618 628 3650 cose
647 3606 688 3650 io
709 3605 827 3649 abbia
841 3606 1080 3659 adopersto.
1098 3605 1139 3647 G.

1287 2198 1332 2251 4)
1368 2199 1446 2239 καὶ
1477 2198 1522 2240 οἱ
1550 2212 1589 2252 p.
1621 2197 1666 2239 οἱ
1694 2200 1796 2239 Men.

1286 2257 1330 2307 5)
1364 2251 1772 2312 περιτμηθήσεται
1795 2254 1882 2305 OV,
1903 2255 1943 2296 in
1965 2256 2043 2296 hoc
2065 2255 2155 2308 qni-

1201 2312 1291 2352 dcm
1314 2306 1735 2367 περιτμηθήσεσθε
1754 2310 1805 2350 ad
1822 2323 1944 2353 oram.
1962 2312 2037 2353 Ier.
2058 2314 2097 2361 4,
2115 2314 2154 2353 4.

1286 2366 1330 2416 6)
1365 2367 1476 2418 Vuig.
1507 2364 1532 2407 ὁ
1563 2373 1654 2407 ante
1684 2361 1842 2424 κύριος
1873 2367 1987 2408 omisi
2020 2381 2053 2408 c.
2077 2369 2104 2408 B
2124 2368 2152 2408 C

1201 2423 1318 2464 Fov
1353 2429 1392 2463 et
1422 2423 1521 2463 LXX
1551 2424 1626 2463 Ier.
1659 2423 1698 2473 7,
1730 2423 1769 2463 2.

1285 2478 1418 2532 7)1ta
1459 2479 1587 2520 nostri
1631 2484 1821 2531 quattuor
1860 2479 2009 2532 Codd.,
2053 2478 2156 2523 ἐστι

1196 2538 1297 2578 Men.
1332 2542 1372 2577 et
1401 2535 1507 2588 rqu.
1538 2536 1601 2576 Ps.
1633 2536 1702 2586 33,
1740 2536 1802 2577 13.

1279 2592 1323 2643 8)
1358 2592 1512 2644 Scripsi
1549 2595 1608 2646 γῆ
1639 2605 1679 2644 p.
1711 2592 1817 2644 vulg.
1852 2589 1877 2643 ἡ
1914 2593 1973 2648 γῆ
2005 2606 2038 2635 c.
2069 2593 2099 2634 Β
2124 2592 2153 2633 C

1195 2650 1223 2690 F
1243 2649 1317 2690 OV
1353 2649 1452 2690 Lxx
1478 2648 1570 2692 lsai.
1605 2649 1641 2700 1,
1670 2648 1710 2690 2.

1282 2704 1327 2758 9)
1359 2706 1459 2746 Dedi
1498 2701 1657 2762 κύριος
1698 2719 1731 2746 c.
1772 2705 1848 2747 BC
1873 2706 1951 2747 FO
1971 2706 2000 2747 V
2042 2706 2153 2757 Lxx,

1198 2769 1273 2803 vet.
1303 2763 1376 2803 lnt.
1406 2762 1532 2813 Voss„
1562 2762 1587 2803 ὁ
1619 2760 1733 2809 θεὸς
1766 2763 1865 2805 Men.
1896 2768 1936 2803 et
1966 2762 2048 2803 aiii.

1287 2819 1357 2871 10)
1398 2820 1463 2859 Sc.
1512 2820 1819 2860 circumsisionis
1874 2820 2031 2860 aurium
2071 2820 2152 2859 Deo

1199 2881 1394 2928 acceptae.
1440 2875 1486 2916 11.
1539 2874 1743 2916 Maluerim
1781 2871 1975 2928 ἐλάλησε
2006 2876 2155 2917 ταῦτα

1198 2931 1268 2979 εἰς
1294 2927 1558 2989 μαρτύριον
1587 2946 1620 2972 c.
1648 2932 1749 2972 Men.
1783 2936 1826 2971 nt
1855 2931 1928 2971 sit:
1961 2931 2153 2971 Dominus

1197 2988 1296 3029 haec
1332 2988 1490 3030 locutus
1523 2995 1605 3038 est,
1658 2987 1815 3028 coelum
1861 2992 1899 3028 et
1932 2992 2078 3028 terram
2110 2986 2149 3027 in

1196 3044 1468 3085 testimonium
1499 3044 1660 3097 (testes)
1693 3043 1907 3084 advocans.

1285 3101 1354 3154 11)
1383 3101 1474 3141 lsai.
1512 3101 1658 3151 1,10.,

1287 3157 1356 3209 12)
1390 3157 1579 3208 Evulgavi
1611 3151 1843 3198 ἀκούσατε
1867 3168 1912 3196 cx
1935 3154 2151 3206 BCFOV,

1198 3210 1390 3256 ἀκούετε
1409 3214 1509 3254 Men.
1533 3213 1646 3253 Voss.
1678 3218 1717 3252 et
1750 3211 1830 3252 aiii.
1874 3211 1971 3252 Dein
2006 3211 2152 3264 scripsi

1195 3272 1400 3323 βοῶντες
1429 3282 1469 3321 p.
1498 3267 1680 3322 βοώσης
1714 3282 1746 3308 c.
1778 3266 1987 3319 nonarg.)
2018 3267 2047 3308 F
2070 3267 2102 3308 Ο
2123 3266 2152 3308 V

1199 3326 1309 3376 LXX,
1327 3321 1510 3378 βοώσης
1523 3325 1551 3365 B
1564 3324 1730 3377 (textus)
1745 3323 1773 3363 C
1789 3323 1892 3374 vulg.
1924 3323 2013 3365 lsai.
2029 3324 2098 3374 40,
2111 3323 2150 3365 3.

1289 3383 1358 3434 13)
1392 3381 1508 3422 Edidi
1539 3375 1872 3447 πιστεύσωμεν
1903 3392 1948 3421 ex
1982 3379 2151 3421 BFOV

1198 3444 1238 3479 et
1266 3450 1389 3504 marss.
1420 3437 1558 3485 Voss„
1613 3445 1952 3492 πιστευσωμην
1979 3435 2075 3490 (sic)
2108 3435 2151 3486 C,

1197 3504 1499 3550 πιστευωμεν
1527 3492 1631 3543 vulg.

1283 3549 1353 3602 14)
1384 3551 1426 3591 εἰ
1455 3545 1545 3603 γὰρ
1576 3561 1616 3601 p.
1647 3544 1674 3601 ἡ
1701 3544 1796 3607 γὰρ’
1822 3547 1917 3590 OV.
1952 3547 2052 3590 Dein
2069 3558 2151 3591 πε-

1196 3606 1401 3648 πυίθασι
1429 3605 1502 3647 BC
1532 3619 1566 3647 c.
1597 3604 1702 3657 vulg.

1739 3671 1798 3715 20
