2340 3900
242 196 341 245 304
487 194 692 242 lGNATll
730 193 999 240 EPISTOLA
1036 194 1104 239 AD
1143 195 1526 243 POLYCARPUM.
1575 196 1645 242 111.
1683 196 1751 242 lV.
1791 196 1838 241 V.
1877 196 1943 241 vl.

241 326 448 388 στάδιον,
486 325 587 375 ἐκεῖ
618 322 669 372 δὲ
707 323 758 372 οἷ
789 321 1029 386 στέφανοι.
1073 323 1365 408 Προσδόκα
1402 324 1614 413 Χριστὸν
1645 323 1731 377 τὸν
1765 323 1878 375 υἱὸν
1912 328 2000 375 τοῦ
2041 325 2183 387 Θεοῦ,

239 395 322 446 τὸν
359 393 561 459 ἄχρονον
600 391 650 442 ἐν
663 387 869 479 χρόνω,
906 388 990 443 τὸν
1027 388 1231 478 ἀόρατον
1265 399 1323 465 τῆ
1360 394 1530 482 φύσει,
1587 391 1763 479 ὁρατὸν
1808 393 1859 444 ἐν
1894 391 2061 481 σαρκὶ·
2099 390 2184 443 τὸν

240 462 584 548 ἆψηλάφητον
596 459 678 512 καὶ
717 457 883 545 ἀναφῆ
922 457 987 521 ώς
1017 458 1293 550 ἀσώματον·
1331 463 1399 515 δι’
1440 462 1568 549 ἡμᾶς
1602 463 1653 514 δὲ
1702 460 1856 513 ἆπτόν
1900 462 1982 512 καὶ
2029 465 2186 546 ψηλα-

240 529 395 597 φητὸν
429 531 479 581 ἐν
518 527 724 595 σώματι·
756 525 842 579 τὸν
877 526 1051 596 ἀπαθῆ
1088 551 1155 591 ως
1196 529 1346 595 Θεὸν,
1379 532 1449 583 δι’
1490 530 1618 599 ἡμᾶς
1655 531 1706 581 δὲ
1739 527 1967 596 παθητὸν
2005 549 2071 590 ως
2105 526 2187 580 611-

240 609 472 669 θρωπον,
509 596 590 650 τὸν
625 595 746 649 κατὰ
780 594 938 649 πάντα
972 597 1151 667 τρόπον
1186 598 1253 652 δι’
1294 599 1420 667 ἡμᾶς
1454 600 1792 664 ὑπομείναντα.

240 732 323 778 per
367 718 532 762 vincas.
603 715 684 760 Hic
731 715 847 760 enim
901 710 991 762 est²
1039 717 1256 773 stadium,
1305 719 1396 764 illic
1441 731 1622 764 corona.
1705 706 1918 775 Expecta³
1962 714 2188 760 Christum

241 786 378 831 lilium
424 784 528 840 Dei,
578 783 918 844 intemporalem
968 786 1012 830 in
1067 792 1296 846 tempore,
1344 786 1611 831 invisibilem
1646 791 1830 838 natura,
1883 783 2103 828 visibilem
2139 783 2183 827 in

241 868 390 910 carne,
429 852 744 913 inpalpabilem
782 858 826 896 et
862 853 1099 910 intactum,
1147 861 1196 900 ut
1232 856 1575 914 incorporeum3
1627 866 1900 912 corporeum
1935 865 2044 897 vero
2081 864 2188 911 pro·

238 930 340 983 pter
386 936 469 967 nos
519 929 563 966 et
612 915 1023 967 contrectabilem?
1076 923 1419 983 impassibilem,
1471 930 1517 967 ut
1556 923 1693 967 Deum
1708 935 1721 980 3
1774 918 2033 980 passibilem
2081 933 2187 964 vero

238 998 425 1052 propter
459 1005 555 1046 nos,
594 983 662 1035 ut⁵
698 983 960 1046 hominem,⁶
996 991 1244 1037 secundum
1283 1005 1459 1037 omnem
1495 991 1674 1036 modurn
1715 994 1906 1049 propter
1940 1002 2029 1033 nos
2058 988 2190 1033 susti·

237 1067 431 1106 nentem.

380 1169 447 1214 IV.
520 1162 592 1211 At
624 1166 766 1228 χῆραι
803 1182 869 1246 μη
897 1158 1284 1227 ἆμελείσθωσαν·
1323 1158 1437 1227 μετὰ
1457 1158 1542 1211 τὸν
1566 1157 1751 1228 Κύριον
1774 1158 1835 1211 σὺ
1860 1156 2021 1211 αὐτῶν
2043 1178 2192 1227 φρον-

239 1230 399 1299 τιστὴς
436 1231 530 1282 ε’σο.
606 1229 784 1295 Μηδὲν
819 1249 936 1281 ανευ
971 1235 1057 1296 τῆς
1090 1228 1281 1299 γνώμης
1314 1247 1401 1282 σου
1435 1229 1664 1317 γενέσθω,
1691 1229 1811 1295 μηδὲ
1839 1226 1899 1280 σὺ
1920 1225 2036 1280 ἄνευ
2060 1230 2188 1280 Θεοῦ

239 1300 433 1370 γνώμης
466 1320 509 1351 τι
547 1296 756 1367 πράσσε·
794 1298 912 1367 όπερ
966 1297 1080 1350 οὐδὲ
1114 1321 1360 1384 πραττεις,
1401 1297 1639 1351 ευστάθει.
1712 1296 2045 1383 Πυκνότερον1
2081 1312 2191 1348 συν-

240 1371 423 1458 αγωγαὶ
467 1369 793 1455 γινέσθωσαν·
841 1369 889 1430 ἐξ
935 1365 1172 1434 ὀνόματος
1205 1368 1387 1429 πάντας
1423 1367 1570 1434 ζήτει·
1562 1369 1594 1395 '²
1635 1364 1843 1429 δούλους
1889 1367 1973 1419 καὶ
2017 1364 2194 1426 δούλας

239 1439 305 1507 μὴ
341 1436 661 1507 ὑπερηφάνει·
702 1435 820 1488 ἀλλὰ
851 1436 971 1526 μηδὲ
1006 1435 1143 1490 αὐτοὶ
1177 1437 1578 1503 φυσιούσθωσαν,
1618 1435 1724 1488 ἀλλ’
1767 1439 1835 1498 εἰς
1874 1433 2021 1498 δόξαν
2061 1437 2189 1487 Θεοῦ

239 1510 423 1561 πλεῖον8
471 1507 850 1568 δουλευέτωσαν,
898 1508 980 1558 ἵνα
1030 1509 1298 1575 κρείττονος
1344 1509 1622 1574 ἐλευθερίας
1669 1505 1872 1572 τύχωσιν
1908 1502 2005 1557 ἀπὸ
2047 1507 2189 1557 Θεοῦ.

244 1576 339 1645 Μὴ
377 1577 654 1646 αἴρέτωσαν4
690 1573 787 1627 ἀπὸ
823 1581 909 1627 τοῦ
945 1582 1113 1628 κοινοῦ
1152 1577 1564 1644 ἐλευθεροῦσθαι,
1599 1577 1682 1627 ι’να
1731 1573 1795 1642 μὴ
1843 1578 2013 1627 δοῦλοι
2059 1570 2186 1643 εὗρε-

239 1648 420 1700 θῶσινῖ·
457 1647 735 1712 ἐπιθυμίας.

382 1766 428 1810 V.
507 1754 604 1817 Τὰς
638 1755 942 1820 κακοτεχνίας
977 1761 1148 1823 φεῦγε,
1186 1761 1366 1820 μᾶλλον
1402 1754 1454 1806 δὲ
1490 1757 1600 1823 περὶ
1634 1752 1818 1807 τούτων
1867 1752 2060 1841 ὁμιλίαν
2105 1749 2190 1819 μὴι

240 1832 400 1878 ποιοῦ.
480 1831 598 1885 Ταῖς
647 1823 879 1887 ἀδελφαῖς
926 1844 1020 1888 μου
1071 1823 1325 1908 προσλάλει
1371 1822 1565 1909 ἀγαπᾶν
1611 1823 1696 1877 τὸν
1727 1821 1936 1892 Κύριον,
1973 1822 2056 1875 καὶ
2089 1828 2192 1882 τοῖς

241 1897 462 1961 συμβίοις
498 1891 754 1979 ἀρκεῖσθαι
790 1892 933 1980 σαρκὶ
985 1893 1066 1943 καὶ
1113 1891 1361 1959 πνεύματι.
1431 1890 1636 1958 Ομοίως
1678 1894 1760 1944 καὶ
1807 1900 1909 1954 τοῖς
1962 1889 2193 1956 ἀδελφοῖς

240 1985 335 2050 μου
359 1961 695 2049 παράγγελλε,
747 1961 801 2012 ἐν
848 1958 1048 2025 ὀνόματι
1076 1959 1238 2027 Ἰησοῦ
1276 1967 1538 2047 Χριστοῦ,
1565 1960 1777 2048 ἀγαπᾶν
1802 1959 1889 2022 τὰς
1938 1963 2190 2028 συμβίους,

243 2031 308 2094 ώς
345 2030 374 2085 6
411 2030 594 2099 Κύριος
639 2051 727 2117 την
775 2031 1044 2095 ἐκκλησίαν.
1117 2032 1192 2081 Εἴ
1232 2052 1305 2091 τις
1353 2029 1555 2082 δύναται
1607 2031 1659 2082 ἐν
1709 2028 1875 2117 αγνεία
1909 2030 2090 2095 μένειν,
2125 2031 2194 2090 εἰς

242 2100 385 2191 τιμὴν
420 2107 507 2168 τῆς
544 2099 721 2186 σαρκὸς
756 2105 843 2150 τοῦ
881 2101 1095 2185 Κυρίου,
1133 2101 1184 2151 ἐν
1221 2098 1490 2170 ἆκαυχησία
1524 2100 1726 2166 μενέτω·
1765 2083 1861 2152 ἐὰν
1885 2096 2193 2186 καυχήσηται,

244 2170 479 2224 ἀπώλετο·
517 2171 599 2221 καὶ
635 2167 720 2221 ἐὰν
754 2174 956 2240 γνωσθῇ
991 2166 1117 2234 πλην
1152 2175 1238 2221 τοῦ
1270 2168 1555 2231 ἐπισκόπου,
1593 2170 1850 2237 ε’φθαρται.
1923 2168 2109 2253 Πρέπει
2141 2166 2195 2219 δὲ

242 2249 343 2303 τοῖς
396 2246 602 2310 γαμοῦσι
650 2261 732 2290 και
773 2245 877 2299 ταῖς
921 2237 1211 2325 γαμούσαις,
1264 2236 1378 2304 μετὰ
1423 2239 1620 2308 γνώμης
1664 2244 1751 2291 τοῦ
1803 2236 2071 2291 ἐπισκόπου
2105 2235 2194 2304 τὴν

244 2312 413 2364 ε’νωσιν
463 2316 737 2371 ποιεῖσθαι,
788 2309 870 2359 ’ἵνα
907 2328 932 2358 ο
980 2329 1131 2375 γαμος
1164 2330 1196 2379 η
1232 2307 1354 2360 κατὰ
1391 2309 1606 2378 Κύριον,
1653 2309 1736 2360 καὶ
1770 2306 1836 2376 μὴ
1872 2305 1978 2361 κατ’
2021 2307 2193 2360 ἐπιθυ-

242 2383 370 2448 μίαν.
444 2377 616 2430 Πάντα
653 2379 720 2438 εἰς
754 2374 898 2443 τιμὴν
937 2381 1065 2428 Θεοῦ
1099 2378 1323 2445 γινέσθω.

385 2498 450 2542 vl.
529 2494 608 2539 Τω
645 2485 891 2558 ἐπισκόπῳ
925 2487 1200 2555 προσεχετε,
1237 2489 1318 2539 ἵνα
1354 2489 1436 2539 καὶ
1472 2485 1500 2539 6
1541 2484 1663 2548 Θεὸς
1706 2485 1835 2554 ύμῖν.
1899 2483 2194 2573 Ἀντίψυχον

243 2555 335 2630 ἐγὼ
372 2564 468 2610 τῶν
502 2541 906 2622 ύποτασσομένών
925 2556 1184 2626 ἐπισκόπῳ,
1208 2558 1545 2627 πρεσβυτερίω,
1581 2555 1854 2618 διακόνοις·
1875 2554 1995 2641 μετ’
2033 2553 2194 2607 αὐτῶν

245 2651 327 2698 μοι
359 2626 413 2680 τὸ
449 2627 592 2696 μέρος
619 2627 810 2714 γένοιτο
846 2627 982 2710 ε’χειν1
1019 2628 1150 2695 παρὰ
1192 2629 1332 2678 Θεοῦ.
1338 2626 1356 2652 ²
1428 2631 1733 2695 Συγκοπιᾶτε
1769 2622 2014 2712 ‘ammi’
2050 2641 2195 2677 συνα-

242 2705 425 2761 θλεῖτε,
462 2695 751 2782 συντρέχετε,
789 2692 1103 2761 συμπάσχετε,
1139 2700 1496 2783 συγκοιμᾶσθε,
1546 2697 1909 2771 συνεγείρεσθε,
1960 2692 2026 2756 ώς
2065 2697 2195 2746 Θεοῦ

245 2766 494 2856 οἰκονόμοι
536 2766 619 2817 καὶ
652 2763 883 2851 παρεδροι
917 2765 1002 2816 καὶ
1036 2762 1280 2834 ὑπηρέται.
1346 2763 1611 2851 Ἀρέσκετε,
1649 2771 1687 2834 ςὸ
1723 2762 2060 2851 στρατεύεσθε,
2097 2760 2189 2828 ἀφ’

247 2832 308 2891 οὗ
356 2837 437 2889 καὶ
484 2833 542 2887 τὰ
588 2833 781 2901 ὀψώνια
826 2835 1121 2900 κομίσεσθε.3
1194 2833 1362 2902 Μήτις
1395 2833 1532 2900 ὑμῶν
1567 2817 1815 2903 δεσέρτωρ4
1851 2831 2048 2906 εὖρεθῇ.
2126 2830 2193 2884 Τὸ

333 2980 427 3044 Cap.
459 2979 522 3017 IV.
587 2976 626 3028 1)
671 2970 915 3039 πράττεις,
956 2969 1191 3016 eboreiam.
1333 2973 1378 3026 3)
1411 2975 1466 3015 lta
1498 2976 1548 3024 B,
1587 2971 1764 3029 ὀψόνια
1798 2975 2062 3038 κομίσησθε
2093 2971 2124 3013 Ο
2155 2973 2198 3013 V.

248 3031 547 3101 Πυκνότερον
579 3033 655 3073 ΒΟ
679 3032 733 3082 V;
764 3031 891 3071 ultimi
922 3031 1080 3083 quidem
1114 3031 1191 3071 duo
1337 3032 1382 3082 4)
1414 3029 1645 3089 δεσέλτωρ
1686 3032 1717 3071 Ο
1740 3032 1792 3081 V,
1837 3031 1887 3071 ad
1932 3029 2040 3069 illius
2086 3039 2195 3069 oram

249 3085 567 3157 ποικνότερον,
597 3089 637 3128 in
668 3086 699 3126 Ο
732 3087 992 3127 emendatum.
1251 3084 1498 3143 δεσέρτωρ.

306 3147 375 3213 2)
409 3141 568 3187 πάντα
600 3140 725 3196 ἔζήτε
739 3143 850 3194 vOV,
880 3143 919 3182 in
941 3143 1048 3183 illius
1070 3154 1193 3194 marg

248 3197 434 3249 πάντας
467 3196 600 3253 ζήτει.
1341 3196 1385 3249 2)
1419 3199 1477 3239 hic
1510 3205 1568 3239 est
1602 3201 1703 3239 enim
1734 3196 1817 3237 Pal.
1847 3197 1941 3248 Reg.

333 3257 377 3310 3)
413 3258 607 3299 πλείονα
637 3257 726 3296 OV.
1335 3254 1379 3305 3)
1413 3256 1494 3294 illic
1523 3268 1612 3295 vero
1653 3266 1796 3294 corona
1843 3256 2020 3304 expectat
2048 3263 2088 3303 p.
2117 3251 2198 3292 illic

332 3313 376 3366 4)
410 3310 459 3368 ἐρ
464 3309 654 3354 άτωσαν
685 3312 763 3352 OV
797 3324 1018 3352 c.1·.eeens
1051 3311 1158 3351 hr.ev
1256 3322 1411 3351 corona.
1442 3311 1614 3362 Empecta
1644 3309 1726 3349 Pal.
1757 3309 1872 3358 Reg.,
1911 3307 1950 3348 in
1984 3320 2063 3360 quo
2094 3319 2199 3359 pun-

329 3368 373 3422 5)
406 3327 794 3427 ἐλευθερωθῶσιν
823 3368 854 3406 O
876 3368 918 3406 V.
1258 3371 1361 3406 etum
1390 3372 1484 3417 post
1514 3370 1705 3417 expectat.

335 3452 429 3504 ‘³³1³
461 3453 504 3493 v
567 3452 605 3505 1)
635 3449 701 3507 μὴ
733 3463 808 3491 0¹1¹·
842 3451 917 3490 BF
939 3451 1028 3490 ov.
1252 3421 1646 3529 ..0.4.{.⁶.2'5{⁰2³1³‘d⁷⁷3
1676 3431 1786 3515 3323.
1813 3425 1856 3514 ἓξ.
1887 3420 2199 3527 ἕέῗῗνῖἶέἷίὼη

335 3536 429 3588 Cap.
467 3535 528 3577 vl.
592 3534 634 3586 1)
679 3533 802 3589 ἔχειν
837 3535 866 3575 Β
898 3534 954 3584 0,
989 3526 1125 3588 ἔχειν
1166 3546 1198 3573 c.
1340 3531 1383 3583 5)
1413 3544 1523 3572 voce.
1562 3544 1635 3571 nos
1677 3535 1720 3570 ut
1756 3531 1970 3582 supraadd.
2002 3532 2043 3572 in
2072 3531 2166 3581 Reg.

251 3590 347 3641 spir.
375 3592 417 3633 V.
1342 3587 1385 3639 6)
1416 3586 1679 3639 Subsequitur
1707 3587 1922 3638 epigraphe
1941 3587 2117 3640 Emplicit
2148 3587 2199 3626 ad

287 3650 296 3660 ⁸
343 3645 388 3699 2)
422 3650 521 3701 θεῷ
554 3646 644 3686 OV.
1254 3644 1501 3696 policarpum
1529 3642 1568 3682 in
1598 3642 1695 3692 Pal„
1728 3643 1901 3694 Emplicit
1925 3643 2019 3684 VIII
2045 3642 2087 3682 in
2103 3641 2198 3692 Reg.
