2340 3900
294 137 394 188 252
462 139 667 187 IGNATII
703 138 970 188 EPISTOLA
1009 139 1077 186 AD
1114 140 1524 191 MAGNESIANOS.
1574 144 1645 191 XI.
1683 144 1773 191 XII.
1808 144 1921 191 XIII.
1956 144 2065 190 XIV.

297 267 535 355 ἀληθινὸν
577 266 722 321 Θεὸν“
734 271 1127 354 καταγγείλαντι,
1163 269 1248 325 τὸν
1280 273 1452 326 ἑαυτοῦ
1486 274 1689 343 πατέρα·
1726 273 1808 326 καὶ
1841 271 1893 324 τὸ
1918 270 2086 334 πάθος
2117 271 2236 326 ὕπο-

295 337 478 400 στάντι,
527 338 609 389 καὶ
657 335 797 425 πρὸς
824 344 921 391 τῶν
967 339 1309 409 χριστοκτόνων
1345 340 1597 396 Ἰουδαίων
1646 344 1724 395 έπὶ
1763 344 1979 394 Ποντίου
2017 340 2236 395 Πιλάτου

291 404 525 490 ηγεμόνος
553 406 636 459 καὶ
667 404 890 495 Ἡρωδου
924 410 1155 475 βασιλέως
1199 412 1280 463 καὶ
1329 411 1537 498 σταυρὸν
1581 410 1920 499 ὑπομείναντι,
1992 411 2074 463 καὶ
2121 409 2234 464 ἀπο-

291 473 520 530 θανόντι·
568 475 651 528 καὶ
697 474 979 544 ἀναστάντι,
1031 480 1114 533 καὶ
1162 477 1418 534 ἀνελθόντι
1465 484 1533 544 εἰς
1567 479 1681 542 τοὺς
1717 478 1955 567 ουρανοὺς
1988 477 2112 548 πρὸς
2146 478 2231 533 τὸν

292 544 660 609 ἀποστείλαντα,
705 546 786 599 καὶ
821 548 1112 602 καθεσθέντι
1149 550 1200 602 έν
1235 553 1366 622 δεξιᾷ
1403 549 1576 615 αὐτοῦ,
1615 551 1696 602 καὶ
1732 548 1974 638 ἐρχομένῳ
2001 549 2078 601 ἐπὶ
2125 565 2236 601 συν-

291 617 442 668 τελεία
475 620 571 667 τῶν
608 614 798 668 αἰώνων
832 614 948 684 μετὰ
983 616 1134 706 δόξης
1161 640 1421 708 πατρικης,
1470 627 1628 689 κρῖναι
1674 623 1851 680 ζῶντας
1897 618 1980 669 καὶ
2024 616 2235 688 νεκροὺς,

291 686 373 738 καὶ
407 686 678 736 αποδοῦναι
715 683 897 772 ἑκάστῳ
931 686 1052 739 κατὰ
1085 686 1144 740 τὰ
1179 691 1291 777 ἔργα
1323 688 1486 742 αυτοῦ.
1565 692 1726 738 Ταῦτα
1763 684 1790 737 6
1826 684 1993 772 γνοὺς
2020 688 2072 739 έν
2118 694 2236 755 πλη-

289 756 498 841 ροφορία
535 755 618 806 καὶ
650 741 918 819 πιστεύσας,
956 755 1212 824 μακάριος·
1252 758 1410 826 ὥσπερ
1445 760 1555 810 νῦν7
1592 757 1674 807 καὶ
1708 753 1844 819 ὑμεῖς
1880 753 2106 821 φιλόθεοι
2155 758 2238 808 καὶ

288 823 583 919 φιλόχριστοί
616 823 717 944 έΞτε
748 825 799 876 έν
834 830 1138 899 πληροφορία
1173 833 1259 895 τῆς
1295 828 1485 887 ἐλπίδος
1520 823 1687 892 ἡμῶν,
1723 820 1787 891 ἧς
1821 825 2114 894 ἐκτραπῆναι
2149 847 2237 893 μη-

289 895 390 948 δενὶ
425 893 582 962 ’ὑμῶν8
616 915 645 962 γ
671 915 823 961 νηται.

422 1026 513 1073 XII.
577 1017 815 1106 Ὀναίμην
846 1016 985 1086 ὑμῶν
1020 1017 1141 1072 κατὰ
1173 1018 1353 1082 πάντα,
1423 1015 1596 1084 ἐάνπερ
1634 1014 1767 1079 άξιος
1802 1008 1886 1086 96³
1936 1018 1980 1068 εἰ
2025 1013 2114 1106 γὰρ
2155 1018 2238 1070 καὶ

285 1089 507 1155 δέδεμαι,
550 1086 681 1177 πρὸς
715 1109 801 1141 ενα
834 1094 930 1141 τῶν
964 1090 1231 1156 λελυμένων
1262 1086 1399 1154 ὑμῶν
1435 1087 1525 1139 οὐκ
1560 1088 1667 1152 εἰμί.
1737 1069 1861 1138 Οἶδα
1921 1084 1996 1138 ὅτι
2044 1107 2103 1139 ov
2139 1107 2232 1153 φυ-

286 1164 516 1211 σιοῦσθε·
550 1156 746 1225 Ἰησοῦν
780 1156 870 1227 γὰρ
904 1159 1026 1245 ἔχετε
1061 1159 1112 1211 έν
1147 1159 1346 1219 ἑαυτοῖς.
1418 1157 1518 1207 Καὶ
1539 1154 1760 1222 μᾶλλον
1743 1154 1860 1207 όταν
1883 1155 2122 1208 έπαινω’
2089 1162 2233 1223 υμᾶς,

283 1225 393 1280 οἶδα
440 1226 515 1280 ότι
553 1227 864 1314 έντρέπεσθε,
903 1225 969 1288 ὥς
1004 1228 1285 1297 γέγραπται·
1347 1228 1549 1286 Δίκαιος
1587 1225 1760 1277 ἑαυτοῦ
1795 1224 2086 1314 κατηγόρος·
2135 1246 2232 1284 και

282 1297 409 1366 Λέγε
445 1295 505 1349 σὺ
539 1294 623 1358 τὰς
656 1295 890 1384 ἁμαρτίας
925 1311 1013 1348 σου
1046 1303 1261 1383 πρῶτος,
1298 1298 1380 1348 ι’να
1416 1298 1717 1381 δικαιωθῇς
1756 1294 1866 1358 καὶ,
1887 1293 2045 1347 Ὅταν
2092 1292 2232 1362 ποιή·

284 1383 394 1433 σητε
427 1365 583 1418 πάντα
617 1365 676 1418 τὰ
712 1367 1055 1453 διατεταγμένα
1097 1363 1239 1432 ὑμῖν,
1291 1367 1442 1435 λέγετε
1504 1363 1577 1416 ότι
1625 1347 1794 1415 δοῦλοί
1838 1363 1978 1451 ἔσμεν
2024 1362 2231 1451 ἀχρεῖοι·

282 1435 353 1487 ότι
396 1434 449 1488 τὸ
493 1437 544 1488 έν
579 1433 863 1504 ἀνθρώποις
896 1434 1115 1523 ὑψηλὸν,
1136 1435 1439 1524 βδέλυγμα
1429 1431 1575 1501 παρὰ·
1599 1436 1732 1505 Θεῷ·
1771 1430 1801 1484 6
1841 1431 1963 1495 Θεὸς
1995 1431 2104 1520 γάρ,
2139 1454 2233 1521 φη-

283 1507 375 1567 σίν,
414 1504 640 1592 ἱλάσθητί
675 1526 755 1572 μοι
791 1511 858 1576 τῷ
895 1503 1171 1595 ἆμαρτωλῷ.
1224 1513 1322 1556 Δια
1353 1510 1494 1557 τοῦτο
1531 1504 1580 1555 οἷ
1602 1487 1796 1591 μεγάλοι
1821 1503 1995 1555 ἐκεῖνοι
2011 1500 2232 1599 Ἀβραὰμ

281 1575 363 1626 καὶ
391 1572 582 1641 Ἰακωβ,
618 1580 712 1661 γῆν
746 1577 829 1627 καὶ
862 1574 1047 1627 σποδὸν
1083 1576 1357 1661 ε’μπροσθεν
1391 1579 1476 1626 τοῦ
1521 1576 1648 1625 Θεοῦ
1685 1570 1884 1634 ἑαυτοὺς
1931 1573 2059 1642 ἰ’σον’
2109 1570 2232 1626 ωνό-

280 1649 450 1710 μαζον·
487 1645 568 1696 καὶ
605 1666 631 1696 ο
669 1645 850 1711 Δαβὶδ,
895 1646 979 1705 Τίς
1014 1645 1111 1711 εἰμι
1146 1642 1236 1730 ἐγὼ
1273 1644 1491 1696 ε’ναντίον
1527 1647 1618 1695 σοῦ
1654 1639 1833 1727 Κύριε,
1883 1640 1957 1694 ότι
1995 1639 2230 1705 έδόξασάς

279 1734 336 1779 με
371 1734 461 1774 εως
493 1711 695 1777 τούτου,
750 1713 847 1765 Καὶ
883 1718 1098 1780 Μωσῆς,
1139 1712 1167 1765 6
1202 1712 1333 1780 παρὰ
1369 1711 1551 1773 πάντας
1606 1709 1907 1796 ἀνθρώπους
1946 1709 2230 1782 πραότατος,

279 1782 400 1849 λέγει
434 1780 601 1853 πρὸς
597 1780 745 1834 Θεόν·
773 1780 1092 1847 Ἰσχνόφωνος
1138 1783 1220 1834 καὶ
1260 1778 1632 1868 βραδύγλωσσός
1678 1782 1773 1847 εἰμι
1816 1780 1867 1850 ἔγ
1870 1777 1922 1836 (ό
2003 1787 2228 1834 Ταπεινο-

278 1858 495 1936 φρονεῖτε
542 1853 632 1902 οὐν
683 1851 765 1901 καὶ
810 1849 990 1913 αὐτοὶ,3
1043 1851 1125 1901 ι’να
1145 1849 1440 1937 ὑψωθῆτε·
1487 1849 1544 1901 Ο
1592 1854 1831 1902 ταπεινῶν
1840 1803 1992 1919 γγάρ*
2042 1850 2230 1916 ἑαυτὸν,

275 1917 622 1988 ὑψωθήσεται,
659 1920 741 1970 καὶ
778 1917 806 1971 6
839 1917 987 1986 ὑψῶν
1022 1917 1217 1982 ἑαυτὸν,
1253 1917 1681 1986 ταπεινωθησεται.

415 2042 523 2088 XIII.
596 2033 914 2088 Σατουδάσατε
950 2029 1040 2088 οὖν
1074 2038 1412 2104 βεβαιωθῆναι
1452 2036 1502 2086 ἒν
1534 2040 1635 2095 τοῖς
1671 2030 1881 2119 δόγμασι
1909 2040 1997 2086 τοῦ
2035 2037 2226 2104 Κυρίου

277 2105 359 2157 καὶ
394 2111 489 2156 τῶν
525 2102 827 2168 ἀποστόλων,
863 2107 945 2158 ι’να
981 2105 1165 2168 πάντα,
1202 2105 1293 2158 όσα
1326 2111 1529 2167 ποιεῖτε,
1561 2100 2038 2188 κατευοδωθήσηταιῙ
2088 2108 2230 2190 σαρκί

274 2194 323 2226 τε
357 2195 436 2226 και
473 2172 733 2244 πνεύματι,
771 2150 925 2228 πίστει
959 2177 1041 2228 καὶ
1077 2174 1264 2266 ἀγάπῃ,
1298 2173 1413 2242 μετὰ
1447 2180 1534 2226 τοῦ
1570 2171 1997 2239 ἀξιοπρεπεστάτου
2033 2172 2228 2226 ἐπισκό-

274 2265 371 2296 που
418 2242 582 2310 ὑμῶν,
632 2246 713 2297 και
763 2243 1051 2307 ἀξιοπλόκου
1101 2247 1181 2301 καὶ
1227 2248 1574 2329 πνευματικοῦ
1599 2240 1839 2308 στεφάνου
1885 2248 1972 2295 τοῦ
2021 2246 2227 2331 πρεσβυέ-

275 2314 454 2401 τερίου3
491 2312 642 2379 ὑμῶν,
679 2336 760 2366 και
779 2317 895 2366 των
931 2313 1052 2367 κατὰ
1075 2313 1201 2366 Θεὸν
1237 2312 1492 2366 διακόνων
1561 2310 1850 2398 Τποτάγητε
1884 2317 1952 2383 τῷ
1982 2311 2228 2401 έπισκόπῳ

275 2383 358 2434 καὶ
383 2380 619 2449 ἀλλήλοις,
645 2404 711 2444 ως
740 2382 768 2435 6
796 2382 1004 2454 Χριστὸς
1032 2390 1099 2456 τῷ
1125 2385 1299 2448 Πατρὶ,
1328 2385 1410 2435 ι’να
1447 2383 1614 2442 ε’νωσις
1648 2384 1680 2453 ’ᾗ
1715 2379 1836 2432 κατὰ
1859 2365 1987 2433 Θέὸν
2009 2383 2061 2434 έν
2095 2367 2226 2449 ὑμῖν.

413 2500 518 2546 XIV.
593 2491 758 2555 Εἰδὼς
810 2492 937 2560 ’ὑμᾶς
988 2495 1391 2561 πεπληρωμένους
1447 2489 1627 2552 παντὸς
1688 2487 1913 2575 ἀγαθοῦ,
1968 2491 2220 2559 συντόμως

275 2560 573 2630 παρεκάλεσα
596 2559 720 2628 ὑμᾶς
759 2564 809 2614 ἐν
845 2562 1004 2635 ἀγάπῃ
1023 2562 1183 2629 Ἰησοῦ
1222 2567 1450 2651 Χριστοῦ.
1526 2556 1873 2626 Μνημονεύετέ
1906 2580 2001 2626 μου
2037 2561 2088 2612 έν
2123 2563 2228 2650 ταῖς

274 2638 561 2722 προσευχαῖς
596 2629 757 2697 1ὑμῶν,
794 2633 877 2683 ι’να
916 2617 1041 2685 Θεοῦ
1078 2633 1298 2698 ἐπιτύχω,
1335 2631 1418 2683 καὶ
1452 2631 1538 2695 τῆς
1575 2630 1627 2681 έν
1662 2630 1822 2715 Συρία
1856 2624 2196 2696 ἐκκλησίας,
2160 2653 2222 2698 ης

276 2701 369 2754 οὐκ
413 2699 546 2763 άξιός
593 2702 688 2767 εἶμι
734 2708 990 2754 καλεῖσθαι
1034 2702 1306 2762 ἐπίσκοπος.
1374 2698 1660 2765 Ἐπιδέομαι
1706 2719 1796 2766 γαρ
1831 2703 1918 2764 τῆς
1951 2697 2219 2768 ηνωμένηςῑ

272 2769 411 2838 ὑμῶν
446 2771 497 2822 ἐν
539 2773 644 2840 Θεῷ
678 2777 943 2858 προσευχῆς
977 2772 1059 2823 καὶ
1094 2768 1305 2857 ἀγάπης,
1346 2771 1414 2830 εἰς
1448 2766 1500 2820 τὸ
1539 2766 1812 2834 ἀξιωθῆναι
1843 2765 1935 2834 τὴν
1969 2769 2022 2822 έν
2051 2773 2218 2842 Συρία

275 2842 555 2906 ἐκκλησίαν,
593 2823 674 2891 διὰ
708 2845 795 2907 τῆς
831 2839 1050 2903 εὐταξίας
1084 2837 1251 2907 ὑμῶν,
1288 2844 1627 2906 ποιμανθηναι
1662 2837 1714 2888 έν
1753 2842 1961 2909 Χριστῷ.

364 2980 410 3034 6)
440 2979 558 3024 θεὸν
587 2994 664 3021 om.
695 2980 807 3021 voss
1360 2977 1404 3030 3)
1437 2973 1676 3044 στεφάνου
1706 2979 1787 3020 τοῦ
1822 2978 2156 3036 πρεσβυτερίου
2187 2993 2219 3019 c.

360 3037 403 3090 7)
434 3029 516 3080 οὖν
544 3038 573 3077 Β
593 3037 682 3077 OV.
1275 3035 1306 3074 Ο
1328 3035 1370 3084 V,
1408 3029 1657 3090 Στεφάνου
1688 3036 1768 3075 τοῦ
1797 3036 2111 3093 πρεσβυτέρου
2139 3035 2169 3075 Β
2192 3036 2220 3074 F

358 3094 401 3144 8)
429 3094 486 3133 Ita
528 3094 556 3133 F
603 3100 641 3133 et
677 3092 859 3134 recensio
906 3093 1034 3144 brev.‚
1084 3090 1219 3152 ἡμῶν
1273 3091 1387 3130 Voss.
1421 3090 1524 3130 Cler.

273 3152 302 3192 Β
324 3149 355 3190 Ο
375 3150 404 3189 V
433 3149 545 3190 Voss.
1360 3145 1405 3199 4)
1437 3147 1532 3187 τῶν
1560 3145 1829 3197 praetermisit
1856 3145 1969 3184 Voss.
1998 3198 2002 3201 η

360 3205 454 3258 Cap.
484 3205 566 3245 XII.
628 3204 670 3258 1)
703 3200 770 3247 ων
799 3205 841 3245 V.

360 3261 402 3314 2)
434 3263 538 3302 ἴσον
569 3261 752 3313 supplevi
791 3274 836 3302 ex
874 3261 903 3301 B
928 3262 959 3302 O
986 3263 1014 3301 V
1048 3269 1087 3303 et
1115 3275 1217 3302 non-
1362 3255 1455 3308 Caq.
1486 3257 1578 3296 XIV.
1640 3254 1681 3308 1)
1711 3253 1942 3312 ἔνωμένης
1971 3255 2002 3295 Ο
2021 3256 2072 3306 V,
2113 3252 2220 3308 ἠνο-

273 3317 394 3358 nullis
423 3317 527 3366 edd„
559 3317 671 3357 deest
699 3317 739 3357 in
770 3318 812 3366 F,
845 3329 908 3369 ap.
942 3318 1077 3369 Voss,
1113 3318 1216 3359 Cler.
1272 3310 1415 3368 μένης
1445 3312 1546 3352 Med

355 3373 399 3424 3)
432 3370 591 3419 αὐτοῖς
622 3370 660 3412 V.

355 3428 399 3478 4)
429 3425 454 3468 6
484 3425 574 3484 γὰρ
605 3429 844 3470 ταπεινῶν
872 3428 914 3468 Β.
1356 3432 1398 3484 6)
1430 3436 1481 3474 ad
1511 3434 1688 3486 (punctis
1719 3432 1995 3488 subnotatum)
2025 3447 2112 3476 eum
2131 3436 2214 3475 Pal.

356 3483 451 3535 Cap.
474 3484 569 3524 XIII.
626 3484 664 3535 l)
686 3479 1214 3538 xarevoffo-9v56mmOV.
1357 3488 1400 3539 7)
1432 3491 1533 3529 sedit
1561 3490 1653 3540 Reg.

354 3540 398 3591 2)
429 3536 714 3585 ἀξιονίκουΒ.
756 3539 868 3580 Unde
890 3539 1214 3582 diiudicesUsse-
1359 3543 1403 3596 8)
1435 3547 1516 3584 eius
1547 3545 1640 3595 Reg.

270 3595 319 3636 rii
352 3607 557 3635 censuram
589 3595 629 3634 in
658 3595 880 3637 Morelium.
1356 3598 1399 3653 9)
1434 3604 1584 3640 vestrae
1614 3600 1696 3640 Pal.
