2340 3900
250 158 350 209 272
516 162 723 209 IGNATII
759 162 1032 208 EPISTOLA
1069 164 1141 209 Al)
1178 164 1588 215 PHILIPPENSES.
1637 167 1688 214 X.
1723 166 1793 212 XI.
1833 165 1920 211 XII.

390 327 438 370 X.
511 316 588 369 Σὺ
623 339 713 370 ουν
750 315 779 369 6
815 317 1028 372 ἐκπεσών
1059 321 1113 373 ἐκ
1147 326 1233 389 τῆς
1273 319 1579 409 ὖψηλοτάτης
1613 324 1785 390 δόξης,
1836 343 1902 382 ως
1957 317 2192 406 ἀστραπὴ,

248 393 425 470 τολμᾷς
463 387 616 472 λέγειν
648 393 715 473 τῷ
751 390 948 472 Κυρίῳ·
987 387 1114 442 Βάλε
1149 389 1350 444 σεαυτὸν
1384 394 1610 445 ἐντεῦθεν
1643 391 1793 444 κάτω·
1832 392 1870 476 ᾧ
1919 387 1978 440 τὰ
2025 386 2194 441 ἐνόντα

248 455 510 524 λελόγισται
548 477 612 516 ως
646 454 710 522 μὴ
749 454 889 507 ὄντα·
927 458 1010 510 καὶ
1045 461 1112 521 εἰς
1145 463 1423 524 κενοδοξίαν
1458 463 1765 548 προκαλέσαι1
1822 444 1906 510 τὸν
1955 455 2047 510 οὐκ
2095 458 2194 509 ἐπι-

249 526 552 588 δεικτιῶντα,
600 526 681 576 καὶ
702 528 959 611 προσποιῇ
989 525 1077 595 τὴν
1111 528 1305 598 γραφὴν
1341 529 1682 618 ἀναγινώσκειν
1721 529 1829 595 περὶ
1853 526 2035 579 αὐτοῦ·
2079 525 2194 578 ’Ότι

247 599 347 653 τοῖς
393 591 606 679 ἀγγέλοις
656 592 806 646 αὐτοῦ
861 578 1107 649 ἐντελεῖται
1148 600 1256 685 περὶ
1305 606 1418 663 σοῦ,
1468 602 1548 652 καὶ
1598 600 1673 650 ἐπὶ
1709 603 1880 665 χειρῶν
1905 594 2090 683 ἆροῦσί
2124 612 2192 659 σε,

247 667 333 713 τοῦ
366 683 431 728 μη
467 659 749 730 προσκόψαι
767 661 903 750 πρὸς
937 668 1081 718 λίθον
1115 665 1198 720 τὸν
1233 666 1362 720 πόδα
1397 686 1512 733 σου,·
1565 669 1664 719 Καὶ
1700 666 1758 718 τὰ
1781 663 1924 718 λοιπὰ
1951 670 2194 752 προσποιῇ

240 729 462 819 ἀγνοεῖν,
498 732 710 784 κλέπτων
746 731 800 784 6²
836 735 944 803 περὶ
981 741 1068 788 σοῦ
1102 738 1185 789 καὶ
1218 743 1314 790 τῶν
1349 744 1447 790 σῶν
1481 735 1755 821 προπόλων3
1809 733 2192 831 προεφήτευσεν·

240 798 356 919 ’δΕπὶ
405 798 585 853 ἀσπίδα
633 804 716 854 καὶ
763 805 1042 870 βασιλίσκον
1095 805 1323 878 ἐπιβήσῃ,
1362 808 1444 859 καὶ
1479 805 1844 872 καταπατησεις*Ξ
1891 804 2059 856 λέοντα
2110 803 2194 856 καὶ

275 890 497 937 ρακοντα.

385 1001 455 1046 XI.
527 997 598 1047 Εἰ
629 998 795 1049 τοίνυν
831 995 892 1050 σὺ
925 1020 1120 1065 πατημα
1155 1006 1250 1053 τῶν
1285 1003 1451 1052 ποδῶν
1485 1005 1572 1051 τοῦ
1609 1000 1826 1067 Κυρίου,
1880 1003 1986 1059 πῶς
2028 995 2191 1066 πειρά-

245 1065 351 1125 ζεις1
401 1061 487 1115 τὸν
536 1063 852 1153 ἆπείραστον,
903 1067 1254 1153 ἐπιλαθόμενος
1289 1076 1375 1122 τοῦ
1411 1068 1682 1157 νομοθέτου
1718 1067 2187 1136 παρακελευομένου

230 1131 346 1184 Ὀτι
381 1131 472 1185 οὐκ
489 1134 803 1220 ἐκπειρασεις
837 1134 1024 1206 Κύριον
1061 1136 1146 1191 τὸν
1187 1136 1312 1191 Θεόν
1348 1156 1466 1202 σου,·
1510 1136 1655 1189 Ἀλλὰ
1688 1137 1770 1189 καὶ
1807 1141 1997 1220 τολμᾷς,
2033 1136 2191 1231 ἐναγέ-

244 1218 405 1289 στατε,
450 1200 509 1254 τὰ
553 1211 639 1257 τοῦ
680 1209 806 1291 Θεοῦ
853 1207 967 1296 ἔργα
1011 1209 1342 1294 οἰκειοῦσθαι,
1380 1209 1462 1260 καὶ
1498 1208 1575 1259 σοὶ
1608 1188 1976 1274 παραδεδόσθαι
2012 1205 2188 1275 λέγειν2

240 1269 330 1336 τὴν
363 1245 546 1325 τούτων
581 1272 755 1363 ἀρχήν·
795 1276 877 1327 καὶ
911 1273 1000 1343 τὴν
1035 1275 1127 1344 σὴν
1158 1284 1340 1330 πτῶσιν
1374 1279 1636 1364 προτείνεις
1670 1282 1736 1348 τῷ
1772 1277 1968 1346 Κυρίῳ,
2005 1275 2088 1327 καὶ
2121 1275 2188 1326 δι-

242 1339 380 1393 δόναι
406 1339 464 1393 τὰ
500 1342 649 1397 αὐτοῦ
686 1342 817 1432 αὐτῷ
853 1345 1136 1418 ἐπαγγέλλῃ,
1191 1345 1277 1399 ἐὰν
1310 1345 1470 1399 πεσὼν
1506 1347 1585 1398 ἐπὶ
1616 1351 1704 1412 τῆς
1737 1351 1828 1414 γῆς
1857 1340 2191 1430 προσκυνήσῃ3

242 1428 348 1474 σοις
401 1412 481 1463 καὶ
514 1419 618 1499 πῶς
661 1412 752 1466 οὐκ
783 1398 995 1482 ἔφριξας
1029 1415 1254 1483 τοιαύτην
1290 1414 1461 1484 φωνὴν
1495 1413 1617 1468 κατὰ
1649 1421 1736 1467 τοῦ
1773 1412 2010 1467 δεσπότου
2045 1413 2191 1482 προή·

242 1487 456 1544 κασθαι,
510 1503 548 1534 ω
598 1484 792 1536 πάντων
814 1491 1063 1570 ποιηρῶν
1098 1485 1383 1553 πνευμάτων
1439 1481 1766 1554 πονηρότερον
1821 1485 1874 1536 ἐκ
1932 1486 2193 1544 κακονοίας

241 1555 457 1616 πνεῦμα,
511 1550 609 1603 Διὰ
658 1551 860 1622 γαστρὸς
907 1551 1147 1643 ἡττήθης,
1196 1556 1279 1607 καὶ
1330 1553 1409 1607 διὰ
1461 1557 1737 1616 κενοδοξίας
1772 1551 2072 1639 ητιμάσθης
2110 1549 2192 1604 διὰ

240 1624 616 1705 φιλοχρηματίας
646 1624 725 1674 καὶ
733 1626 1015 1710 φιλαρχίας
1051 1626 1118 1685 εἰς
1156 1622 1378 1691 ἀσέβειαν
1402 1625 1637 1710 ἐφέλκῃ.4
1708 1621 1784 1674 Συ
1823 1620 1852 1675 6
1888 1622 2112 1709 Bel-lap?
2160 1618 2188 1672 6

240 1685 458 1756 δράκων,
498 1687 525 1742 6
561 1689 854 1776 αποστάτης,
894 1690 922 1743 6
969 1690 1159 1754 σκολιὸς
1207 1692 1346 1780 ὄφις,
1387 1691 1416 1745 6
1450 1700 1536 1746 τοῦ
1579 1697 1706 1745 Θεοῦ
1754 1689 1988 1756 ἀποστὰς,
2026 1690 2056 1743 6
2099 1695 2188 1742 τοῦ

241 1762 456 1825 Χριστοῦ
490 1762 770 1846 χωρισθεὶς,
808 1758 838 1811 6
871 1767 958 1812 τοῦ
992 1759 1155 1848 Αγίου
1192 1762 1478 1829 Πνεύματος
1512 1762 1875 1849 ἀλλοτριωθεις,
1913 1758 1941 1812 6
1987 1765 2075 1812 τοῦ
2108 1780 2185 1826 χο-

237 1832 327 1893 ροῦ
376 1833 472 1878 τῶν
512 1826 724 1915 ἀγγέλων
759 1829 1022 1915 ἐξωσθεὶς,
1062 1829 1091 1882 6
1125 1837 1222 1882 τῶν
1254 1830 1418 1898 νόμων
1450 1838 1537 1884 τοῦ
1579 1835 1706 1884 Θεοῦ
1741 1827 1982 1920 ὑβριστὴς,
2017 1850 2043 1882 ο
2094 1834 2191 1880 τῶν

234 1897 451 1981 νομίμων
496 1895 696 1985 ἐχθρὸς,
745 1895 774 1949 6
821 1905 921 1959 τοῖς
976 1897 1385 1966 πρωτοπλαστοιςθ
1430 1899 1700 1961 ἐπαναστὰς
1746 1901 1828 1952 καὶ
1872 1904 1960 1965 τῆς
1994 1898 2188 1964 ἐντολῆς

238 1962 434 2026 ἐξοόσας7
470 1965 585 2028 τοὺς
621 1965 764 2019 οὐδὲν
798 1965 1122 2053 ἀδικήσαντας
1157 1985 1232 2037 σε,
1271 1967 1299 2021 6
1334 1974 1401 2040 τῷ
1422 1968 1570 2037 ’Ἀβελ
1606 1965 1937 2035 ἐπαναστήσας
1982 1965 2067 2019 τὸν
2104 1965 2185 2018 ἆν-

235 2033 586 2121 θρωποκτόνον
618 2034 768 2097 Καϊν,
806 2033 834 2088 6
868 2042 935 2108 τῷ
965 2035 1076 2124 Ἰὼβ
1120 2013 1500 2126 ἐπιστρατεύσας,
1537 2039 1688 2108 λέγεις
1732 2043 1799 2109 τῷ
1836 2037 2025 2107 Κυρίω·
2067 2032 2189 2087 Ἐὰν

235 2102 396 2156 πεσών
432 2104 773 2178 προσκυνήσης
807 2127 916 2173 μοι,-
973 2104 1044 2157 Ὦ
1069 2114 1157 2175 τῆς
1187 2105 1390 2195 τόλμης,
1428 2106 1466 2161 ὦ
1514 2129 1600 2175 της
1645 2088 1992 2190 παραπληξίας.
2062 2110 2190 2157 Δοῦ-

234 2179 316 2235 λος
352 2175 621 2262 δραπέτης,
652 2158 827 2237 δοῦλος
861 2179 1135 2262 μαστιγίας,
1175 2175 1391 2273 ἆφηνιᾷς
1424 2183 1513 2231 τοῦ
1556 2183 1708 2230 καλοῦ
1773 2172 2024 2229 δεσπότου.
2099 2179 2189 2226 Δε-

235 2240 387 2330 σπότῃ
423 2244 703 2333 τηλικούτῳ,
737 2248 843 2317 Θεῷ
882 2267 1076 2300 παντων
1110 2249 1227 2299 τῶν8
1262 2254 1449 2316 νοητῶν
1484 2248 1567 2301 καὶ
1588 2249 1837 2315 αἰσθητῶν
1860 2245 2033 2314 λέγεις·
2063 2240 2188 2325 'E6v

232 2311 391 2365 πεσὼν
425 2315 766 2387 προσκυνησης
800 2336 911 2382 μοι,

375 2450 465 2495 XII.
535 2442 591 2496 Ο
626 2445 677 2497 δὲ
711 2445 895 2514 Κύριος
930 2447 1283 2531 μακροθυμεῖ,1
1319 2447 1402 2497 καὶ
1437 2444 1530 2498 οὐκ
1566 2447 1634 2506 εἰς
1680 2442 1734 2496 τὸ
1781 2441 1878 2530 μὴ
1895 2441 1955 2495 ὂν
2000 2438 2194 2510 ἀναιρεῖ

234 2507 319 2562 τὸν
364 2509 460 2564 ἀπὸ
515 2511 713 2582 ἀγνοίας
758 2521 956 2566 τοιαῦτα
1010 2513 1406 2603 θρασυνόμενον,
1460 2512 1578 2566 ἀλλὰ
1641 2534 1807 2600 πραως
1851 2510 2183 2599 ἀποκρίνεται·

220 2579 411 2668 ”Ί’παγε
447 2587 657 2637 Σατανᾶ.
727 2582 831 2635 Οὐκ
869 2581 1019 2636 εἶπεν·
1050 2583 1279 2674 ’Τπαγεῒ
1278 2583 1434 2635 ὀπίσω
1469 2581 1693 2649 μου·οὐ
1741 2580 1832 2651 γὰρ
1884 2579 2186 2670 ὑποστρέψαι

235 2646 339 2711 οἷός
373 2665 446 2702 τε
486 2650 629 2703 ἀλλὰ·
650 2652 841 2722 ’Ύπαγε
877 2659 1101 2715 Σατανᾶ,
1139 2655 1191 2706 ἐν
1227 2649 1301 2714 οἷς
1335 2653 1555 2715 ἐπελέξω·
1592 2650 1774 2737 ύπαγε,
1819 2652 1871 2702 ἐν
1907 2647 1981 2712 οἷς
1996 2649 2183 2737 ἠρεθί-

234 2719 384 2807 σθης2
434 2720 487 2771 ἐκ
534 2725 815 2784 κακονοίας·
863 2720 953 2809 ἐγώ
999 2721 1118 2791 γὰρ,
1174 2721 1306 2783 όστις
1354 2723 1474 2789 εἰμὶ,
1522 2719 1765 2806 γινώσκω,
1803 2720 1885 2773 καὶ
1916 2717 2014 2772 ὑπὸ
2050 2721 2182 2780 τίνος

234 2786 554 2856 ἆπέσταλμαι,
591 2793 672 2843 καὶ
708 2790 765 2844 ὃν
799 2789 885 2860 χρὴ
922 2799 1213 2879 προσκυνεῖν
1248 2793 1513 2858 ἐπίσταμαι.
1587 2790 1782 2876 Κύριον
1807 2788 1898 2879 γὰρ
1929 2787 2014 2842 τὸν
2056 2787 2183 2840 Θεόν

234 2876 323 2910 σου
357 2859 723 2928 προσκυνήσεις,
760 2862 841 2914 καὶ
879 2859 1010 2934 αὐτῷ
1047 2859 1180 2934 μόνῳ
1217 2859 1500 2930 λατρεύσεις.
1578 2858 1702 2912 Οἶδα
1737 2857 1820 2912 τὸν
1856 2881 1958 2924 ενα,
1996 2859 2182 2911 ἐπίστα·

317 3000 412 3054 Cap.
423 3003 466 3043 X.
501 3001 541 3055 1)
557 3002 905 3067 προκαλεῖσθαι
931 3002 1007 3043 OV.
1040 3002 1182 3043 Forma
1329 3002 1374 3054 4)
1406 3000 1587 3058 ἑφέλκει
1618 3000 1648 3041 Ο
1670 3001 1726 3051 V,
1771 3001 1811 3040 in
1844 3000 1916 3041 illo
1947 2997 2113 3056 ἐφέλκη
2145 3010 2189 3038 ex

239 3057 359 3098 medii
387 3064 593 3110 praestare
621 3058 788 3099 videtur.
1246 3064 1487 3099 eorl-‚ectum

322 3113 366 3166 2)
397 3112 449 3156 οὐ
481 3115 510 3155 Β
533 3114 564 3155 Ο
583 3116 626 3155 V.
1322 3116 1366 3167 5)
1395 3114 1552 3167 βελίας
1575 3113 1605 3153 Ο
1627 3114 1669 3153 V.

320 3170 365 3222 3)
397 3171 678 3237 προπολλῶν
705 3183 783 3212 scr.
815 3169 904 3210 OV
1325 3170 1368 3222 6)
1402 3164 1797 3237 πρωτοπλάσταις
1827 3167 1917 3207 OV.

317 3226 362 3278 4)
392 3222 727 3292 καταπατήσης
763 3225 794 3265 Ο
815 3227 865 3277 V,
909 3226 977 3267 ille
1023 3227 1182 3279 quidem
1328 3227 1373 3276 7)
1404 3223 1594 3278 ἠκείσας
1625 3226 1680 3274 (c.
1710 3238 1771 3276 sp.
1803 3227 1908 3275 asp.)
1945 3222 1976 3262 Ο
2007 3223 2050 3264 V.

236 3293 585 3334 καταπατησεις
617 3295 720 3323 man.
753 3295 833 3322 sec.
1325 3282 1368 3332 8)
1400 3283 1583 3323 τῶνοῐο.
1600 3280 1687 3321 OV.
1721 3281 1845 3320 Iidem
1867 3291 1944 3318 scr.
1958 3276 2186 3330 ἔσθ-ητῶν.

321 3337 512 3403 Cap.X1.
574 3338 614 3391 1)
646 3333 866 3397 πειράζης
895 3337 926 3377 Ο
948 3339 997 3388 V,
1039 3339 1079 3378 in
1111 3338 1181 3378 illo
1327 3336 1652 3388 Cap.xl1,1)
1692 3335 1975 3400 μακροθυμῆ
2006 3333 2108 3386 OV,
2146 3334 2186 3372 in

235 3405 312 3434 πει
347 3389 470 3442 άζεις
497 3407 577 3435 see
613 3407 719 3436 cura.
1238 3393 1309 3433 illo
1325 3398 1558 3432 correctum.
1592 3391 2180 3448 νοεειίμακροθυμοῖεωοη-

317 3406 365 3501 3)
397 3450 548 3504 λέγειν
581 3451 763 3491 Usserius
795 3450 976 3502 reposuit
1007 3462 1051 3490 ex
1071 3450 1182 3502 Nyd-
1240 3448 1424 3489 dandum.

235 3515 346 3554 pruc.
379 3511 418 3546 et
447 3511 522 3546 vet.
550 3506 635 3557 Int.‚
668 3507 780 3548 deest
810 3508 851 3547 in
884 3507 913 3547 B
934 3505 965 3546 Ο
986 3507 1029 3557 V,
1060 3506 1180 3559 idque
1323 3504 1367 3555 2)
1396 3498 1638 3560 ἠρεθησθη
1643 3516 1664 3549 ς
1689 3501 1775 3542 OV.
1817 3501 1904 3542 Illic
1933 3513 2044 3542 voce.
2063 3513 2182 3552 prae-

234 3559 319 3599 sine
351 3561 508 3602 damno.
1239 3559 1419 3601 cedentia
1449 3516 1638 3604 ἒπλέξωη
1657 3553 1806 3605 {laage
1836 3555 1886 3600 ἐν
1916 3549 1984 3605 οἷς
2014 3556 2111 3610 (sic)
2140 3556 2181 3596 in

320 3615 365 3668 3)
399 3613 710 3674 προσκυνήσει
734 3619 776 3668 V,
811 3625 849 3660 et
881 3618 993 3671 prius
1025 3616 1070 3657 O.
1236 3628 1360 3667 marg.
1390 3613 1640 3667 supplentur.
