2340 3900
152 182 251 234 398
527 184 855 231 MARTYRIUM
891 184 1718 234 S.POLYCARP1.1x.x.x1.x11.

151 317 268 376 ἔθος
303 311 467 375 αὐτοῖς
510 313 706 382 λέγειν·2
744 311 938 379 ,ὄμοσον
969 311 1058 380 τὴν
1107 316 1352 400 Καίσαρος
1398 313 1571 383 τύχην,
1621 309 1931 396 μετανόησον,
1966 308 2096 363 εἰπέ·

153 382 256 451 αἶρε
305 380 418 444 τοὺς
467 380 706 444 &650v9f3
789 381 845 434 Ο
893 382 946 435 δὲ
998 382 1322 474 Πολύκαρπος
1368 385 1595 453 ἐμβριθεῖ
1623 388 1690 451 τῷ
1738 375 1980 448 προσώπῳ
2029 379 2100 440 εἰς

147 452 304 504 πάντα
338 449 423 503 τὸν
458 449 598 537 όχλον
632 456 729 503 τῶν
761 452 814 503 ἐν
848 457 914 523 τῷ
952 454 1128 506 σταδίω
1163 452 1357 542 ἀνόμων
1393 455 1556 507 ἐθνῶν
1591 434 1850 535 ἐμβλέψας,
1883 449 1968 500 καὶ
1992 447 2097 500 ἐπι-

148 523 309 582 σείσας
344 518 510 582 αὐτοῖς
544 518 632 585 τὴν
667 527 820 607 χεῖρα,
859 506 1107 584 στενάξας
1113 542 1162 575 τε
1197 525 1281 576 καὶ
1327 521 1604 605 ἀναβλέψας
1640 519 1715 578 εἰς
1743 515 1830 569 τὸν
1865 514 2091 586 οὐρανὸν,

148 587 303 641 εἶπεν
351 586 473 656 ,αἶρε
519 588 632 651 τοὺς
676 587 914 651 ἀθεόυς.“4
977 591 1298 677 Ἐκγκειμένου
1346 591 1397 643 δὲ
1440 595 1526 641 τοῦ
1574 583 1867 640 ἀνθυπάτου
1912 586 1996 639 καὶ
2025 585 2096 638 λέ-

144 674 333 728 γοντος·
385 657 604 725 ,όμοσον,
643 659 725 710 καὶ
770 657 968 712 ἀπολύω
1003 677 1080 724 σε,
1118 661 1402 729 λοιδόρησον
1437 656 1521 710 τὸν
1575 653 1828 744 Χριστόν(
1869 653 1897 707 6
1934 652 2098 708 Πολύ-

145 748 332 815 καρπος
363 729 483 795 ἔφη·
522 726 840 796 ,ὀγδοηκοντα
874 729 955 781 καὶ
994 733 1048 792 ἓξ
1083 731 1163 797 ἔτη
1199 732 1287 797 ἔχω
1338 724 1581 780 δουλεύων
1629 723 1791 813 αὐτῷ,
1823 724 1908 777 καὶ
1956 722 2100 777 οὐδέν

145 817 212 883 με
247 795 503 882 ἠδίκησεν·
553 797 636 849 καὶ
682 802 787 859 πῶς
833 796 1043 866 δύναμαι
1091 802 1436 867 βλασφημῆσαι
1480 792 1567 848 τὸν
1612 795 1810 862 βασιλέα
1843 813 1967 863 μου,
2014 791 2100 845 τὸν

145 863 364 919 σωσαντά
398 885 478 934 με,

209 983 260 1028 Χ.
331 982 618 1042 Polycarpus
653 997 702 1028 se
739 983 1047 1030 Christianum
1082 984 1344 1044 profitetur,
1383 988 1423 1027 el
1460 984 1515 1028 de
1553 982 1728 1028 Christo
1761 980 1891 1040 loqui
1923 979 2036 1026 vult.

276 1068 619 1136 Ἐπιμένοντος
654 1070 706 1122 δὲ
740 1068 888 1124 πάλιν
924 1071 1075 1124 αὐτοῦ
1112 1072 1195 1123 καὶ
1230 1070 1484 1157 λέγοντος·
1515 1067 1713 1136 ,όμοσον
1745 1066 1834 1136 τὴν
1852 1068 2102 1154 Καίσαρος

143 1140 322 1228 τύχην,“
359 1137 671 1208 ἀπεκρίνατο·
708 1142 770 1203 ,εἰ
801 1145 1083 1204 κενοδοξεῖς,
1119 1142 1202 1191 ’ἵνα
1237 1137 1400 1206 ὅμόσω
1434 1136 1522 1206 τὴν
1551 1141 1806 1227 Καίσαρος
1811 1134 1996 1228 τύχην,
2034 1157 2102 1197 ως

144 1208 204 1262 66
240 1210 411 1295 λέγεις,
441 1211 712 1278 προσποιει
761 1210 813 1261 δὲ
849 1209 1040 1280 ἀγνοεῖν
1072 1230 1145 1276 με,
1181 1211 1254 1270 τίς
1290 1211 1409 1295 εἰμι·
1458 1206 1573 1274 μετὰ
1607 1209 1885 1276 παρῤησίας
1930 1225 2095 1270 ακουε,

145 1276 439 1368 Χριστιανός
478 1281 587 1346 εἶμι.
660 1280 730 1329 Εἰ
764 1278 814 1330 δὲ
860 1286 1040 1367 μαθεῖν
1075 1279 1237 1340 θέλεις
1271 1275 1356 1330 τὸν
1390 1283 1478 1330 τοῦ
1516 1281 1896 1373 Χριστιανισμοῦ
1932 1275 2091 1344 λόγον,

145 1347 233 1410 669
265 1347 476 1433 ημέραν,
525 1348 608 1399 καὶ
650 1346 892 1401 anov6ov.‘
961 1346 1019 1401 Ο
1066 1343 1354 1409 ἀνθύπατος
1389 1348 1510 1414 ἔφη·
1547 1345 1754 1410 ,πεῖσον“
1789 1343 1876 1398 τὸν
1911 1346 2095 1432 δῆμονῖ

143 1416 200 1469 ‘O
235 1418 287 1469 δε
313 1416 650 1513 8Πολύκαρπος
685 1414 841 1469 εἶπεν·
877 1417 947 1482 ,σὲ
981 1417 1068 1485 μὲν
1097 1419 1180 1470 καὶ
1213 1415 1387 1505 λόγου
1404 1415 1610 1484 ἠξίωσα·
1619 1413 1974 1504 δεδιδάγμεθα
2006 1410 2098 1483 γὰρ

145 1485 331 1555 ἀρχαῖς8
366 1487 449 1538 καὶ
482 1487 720 1548 ἐξουσίαις
760 1485 858 1538 ύπὸ
893 1491 981 1539 τοῦ
1021 1489 1149 1539 Θεοῦ
1191 1487 1496 1556 τεταγμέναις
1525 1483 1668 1553 τιμὴν
1702 1482 1826 1538 κατὰ
1859 1481 1913 1536 τὸ
1949 1494 2098 1552 προσ-

143 1562 284 1622 ἧκον,
320 1553 409 1622 τὴν
442 1552 506 1621 μὴ
541 1553 851 1621 βλάπτουσαν
884 1554 1036 1622 ἡμᾶς,
1075 1554 1355 1623 ἀπονέμειν·
1403 1557 1618 1617 ἐκείνους
1663 1554 1717 1607 δὲ
1766 1551 1853 1622 οὔχ
1883 1550 2097 1623 ’ἡγοῦμαι

143 1625 324 1690 ἀξίους,
357 1628 444 1677 τοῦ
479 1622 827 1692 ἀπολογεῖσθαι
860 1623 1057 1686 αὐτοῖς.6

295 1742 365 1788 xl.
434 1742 528 1789 Nec
566 1743 842 1798 bestiarum,
878 1759 960 1790 nec
992 1746 1116 1804 iynis
1151 1745 1304 1790 minae
1339 1743 1649 1802 Polycarpum
1674 1745 1944 1800 perterrent.

283 1827 339 1882 ‘O
374 1829 427 1881 δὲ
463 1826 748 1891 ἀνθύπατος
783 1829 906 1900 πρὸς
942 1829 1091 1883 αὐτὸν
1128 1828 1256 1883 εἷπε
1293 1832 1464 1897 ,θηρία
1500 1830 1604 1918 ε’χω,
1640 1825 1830 1890 τούτοις
1858 1843 1911 1880 σε
1943 1847 2097 1914 παρα·

145 1903 294 1988 βαλῶ,
330 1896 415 1950 ἐὰν
450 1896 515 1964 μὴ
551 1896 878 1983 μετανοήσῃςέ
947 1898 1003 1952 Ὁ
1039 1899 1090 1952 δὲ
1126 1898 1281 1952 εἶπεν·
1320 1899 1485 1963 ,κάλει,
1522 1897 1820 1985 ἀμετάθετος
1855 1893 1946 1966 γὰρ
1980 1894 2099 1964 ημῖν

145 1967 180 2037 ἦ
217 1965 312 2020 ἀπὸ
348 1972 444 2019 τῶν
479 1965 762 2035 κρειττόνων
794 1951 888 2021 ἐπὶ
921 1968 981 2020 τὰ
1015 1972 1155 2037 χείρω
1190 1967 1438 2057 μετάνοια·
1486 1964 1634 2019 καλὸν
1667 1966 1719 2019 δὲ
1754 1967 2103 2051 μετατίθεσθαί

146 2059 203 2107 με
240 2035 336 2090 ἀπὸ
372 2042 470 2089 τῶν
503 2041 720 2103 χαλεπῶν
763 2038 842 2090 ἐπὶ
877 2035 936 2090 τὰ
970 2041 1167 2093 δίκαια*
1236 2036 1292 2090 Ὁ
1329 2037 1382 2089 δε
1415 2033 1560 2088 πάλιν
1593 2032 1718 2122 πρὸς
1753 2031 1928 2088 αὐτόν·
1966 2054 2051 2099 ,πυ
2083 2036 2102 2086 ί

148 2125 199 2160 σε
233 2111 358 2160 ποιῶ
411 2108 788 2193 δαπανηθῆναι,
824 2110 867 2160 εἰ
902 2114 998 2161 τῶν
1033 2109 1226 2197 θηρίων
1260 2113 1614 2194 καταφρονεῖς,
1651 2102 1736 2157 ἐὰν
1768 2101 1835 2172 μὴ
1874 2120 2103 2191 μετανοη-

148 2182 269 2249 (5ης.ι
338 2173 396 2228 Ὁ
441 2175 494 2227 δὲ
541 2173 910 2262 Πολύκαρπος·1
959 2183 1073 2266 ,πῦρ
1125 2176 1335 2239 ἀπειλεῖς
1378 2174 1433 2228 τὸ
1479 2173 1604 2245 πρὸς
1650 2173 1783 2260 ωραν
1825 2170 2101 2242 καιόμενον,

146 2248 229 2299 καὶ
265 2243 366 2313 μετ’
407 2242 573 2314 ὀλίγον
603 2245 954 2330 σβεννύμενον·
1009 2245 1196 2337 ἀγνοεῖς
1241 2244 1331 2333 γὰρ
1377 2243 1432 2298 τὸ
1478 2250 1565 2312 τῆς
1610 2241 1872 2331 μελλούσης
1967 2245 2106 2328 ίσεωθς·

147 2317 232 2368 καὶ
263 2316 464 2367 αἰωνίου
498 2312 737 2377 κολάσεως
760 2324 874 2411 2τοῖς
909 2315 1099 2385 ἀσεβέσι
1145 2314 1439 2386 τηρούμενον
1473 2320 1586 2383 πῦρ.
1649 2310 1808 2365 Ἀλλὰ
1848 2312 1895 2364 τί
1960 2312 2104 2382 ραδυ-

148 2405 276 2449 νεις,·
318 2384 458 2453 Φέρε,
495 2381 521 2435 ὃ
554 2383 778 2451 βούλει·2

601 2501 690 2547 ΧΠ.
760 2503 1048 2563 Polycarpus
1082 2505 1146 2550 ad
1180 2516 1345 2562 roqu‘m
1387 2504 1651 2548 damnatur.

298 2592 459 2639 Ταῦτα
495 2588 547 2640 δὲ
581 2590 663 2640 καὶ
698 2587 819 2642 άλλα
851 2592 1050 2643 πλείονα
1092 2590 1271 2675 λέγων,
1318 2587 1540 2656 θάρσους
1585 2587 1669 2639 καὶ
1720 2592 1870 2653 χαρᾶς
1900 2586 2103 2673 ἐνεπίμ-

150 2663 318 2720 πλατο,
354 2657 437 2709 καὶ
472 2655 525 2711 τὸ
561 2657 842 2754 696662215106
858 2657 1012 2711 αὐτοῦ
1046 2657 1242 2747 χάριτος
1269 2659 1565 2743 ἐπληροῦτο,
1602 2655 1722 2708 ὥστε
1755 2654 1814 2707 06
1848 2653 2002 2722 μόνον
2033 2653 2102 2722 μὴ

151 2733 422 2815 συμπεσεῖν,
459 2728 774 2795 ταρι>ιχθ.·ἕντα1
809 2725 906 2780 ’ὑπὸ
942 2734 1039 2780 τῶν
1073 2728 1345 2815 λεγομένων
1371 2723 1495 2795 πρὸς
1514 2722 1677 2789 αὐτὸν,
1711 2722 1831 2776 ἀλλὰ
1850 2723 2104 2813 vo6vom'ov

151 2794 237 2849 τὸν
268 2790 557 2848 ἀνθύπατον
594 2798 844 2865 ἐκστῆναι,
881 2796 1073 2864 πέμψαι
1117 2818 1166 2849 τε
1201 2794 1287 2850 τὸν
1323 2797 1496 2848 ἑαυτοῦ
1533 2815 1750 2861 κηρυκα,
1783 2795 1840 2848 ἐν
1871 2793 2002 2867 μέσω
2037 2798 2104 2882 τῷ

152 2867 331 2936 σταδίῳ
376 2867 580 2947 κηρῦξαι
622 2868 804 2934 τρίτον·
854 2867 1225 2954 ,Πολύκαρπος
1243 2863 1546 2951 ωμολόγησεν
1590 2862 1765 2916 ἑαυτὸν
1810 2847 2104 2949 Χριστιανὸν

152 2931 290 2991 εἶναι
296 2940 310 2963 ‘
388 2932 573 2987 Τούτου
615 2936 869 3022 λεχθέντος
907 2933 1005 2988 ύπὸ
1041 2942 1128 2988 τοῦ
1163 2934 1420 3020 κήρυκος,
1441 2933 1573 2986 άπαν
1618 2930 1672 2985 τὸ
1707 2938 1904 2999 πλῆθος
1938 2933 2104 2989 ἐθνῶν

152 3025 201 3057 τε
233 3005 314 3056 καὶ
346 3000 598 3056 Ἰουδαίων
641 3010 739 3057 τῶν
788 3003 876 3071 τὴν
904 3003 1160 3097 Σμύρναν
1191 3002 1569 3067 κατοικούντων,
1594 3000 1909 3090 ἀκατασχέτω
1953 3002 2103 3073 θυμω

152 3073 236 3126 καὶ
282 3070 492 3159 μεγάλη
522 3080 664 3159 φωνῇ
713 3072 914 3141 ἐπεβόα
979 3096 1147 3137 ,ουτος
1208 3075 1335 3126 ἐστιν
1370 3070 1400 3126 6
1442 3078 1529 3140 τῆς
1584 3069 1827 3139 ἀσεβείαςῖ
1875 3053 2103 3123 διδάσκά-

153 3149 259 3205 λος,
310 3140 339 3194 ὁ
373 3139 529 3228 πατὴρ
563 3145 660 3195 ταῖν
696 3148 1025 3230 Χριστιανῶν,
1072 3142 1198 3196 ὁτῶν
1231 3142 1474 3211 ἡμετέρων
1519 3146 1656 3195 θεων
1700 3140 2021 3208 καθαιρέτης,
2068 3136 2107 3191 o‘

153 3209 361 3272 πολλοὺς
395 3210 637 3265 διδάσκων
671 3210 737 3280 μὴ
774 3211 942 3282 θύειν,
975 3213 1096 3281 μηδὲ
1129 3218 1420 3282 προσκυνεῖν
1453 3217 1555 3272 τοῖς
1587 3217 1758 3271 θεοῖςῖ
1834 3212 1997 3261 Ταῦτα
2029 3207 2100 3260 λέ-

241 3354 287 3404 2)
318 3354 375 3393 Ita
398 3353 523 3403 Vind„
556 3350 619 3400 (ὂς
648 3351 779 3395 ἔστιν
808 3351 967 3401 αὐτοῖς
989 3350 1100 3400 ἔθος
1239 3350 1283 3403 4)
1314 3351 1396 3391 Vox
1427 3349 1507 3390 alio
1538 3355 1645 3390 certe
1675 3361 1819 3398 sensu,
1861 3359 1978 3400 quam
2005 3355 2097 3395 ame

158 3407 308 3462 λέγειν
341 3408 489 3457 Paris,
533 3405 596 3454 ὡς
625 3405 736 3455 ἔθος
765 3407 924 3456 αὐτοῖς
953 3409 1101 3478 λέγων
1156 3407 1381 3458 Polycarpo
1411 3405 1614 3445 intellecta
1654 3410 1773 3455 atque
1815 3403 1989 3455 prolata.
2044 3405 2098 3444 Ac

158 3462 323 3503 Barocc.
355 3465 426 3515 Ap.
459 3464 603 3504 Euseb.
637 3460 665 3504 οὶ
682 3459 897 3517 ·σύνηθες
941 3462 1101 3511 αὐτοῖς
1154 3461 1250 3503 mihi
1282 3461 1441 3512 quidem
1477 3473 1547 3501 eos
1581 3460 1807 3510 significare
1833 3459 2002 3510 videtur,
2031 3459 2097 3512 qui

159 3515 257 3558 ἐστὶ
288 3519 449 3572 λέγειν.
481 3520 617 3559 Lectio
649 3521 753 3570 vulg.
785 3521 944 3575 λέγων.
977 3566 981 3568 ⁴
1155 3517 1218 3559 Dii
1246 3529 1325 3556 non
1353 3522 1456 3555 sunt.

243 3573 347 3624 3)1.
387 3587 420 3614 e.
463 3574 724 3616 Christianos.
772 3575 852 3617 Csr.
894 3576 1098 3629 Chrysost.
1245 3571 1340 3622 Cap.
1378 3571 1422 3610 X.
1501 3568 1545 3620 1)
1583 3569 1640 3609 lta
1683 3568 1810 3610 Codd.
1847 3570 2012 3612 Barocc.
2059 3575 2098 3610 et

162 3627 276 3666 Hom
307 3629 374 3668 46.
402 3629 442 3668 in
474 3631 557 3670 Act.
588 3631 726 3682 Apost.
1076 3675 1077 3679 Ἰ
1155 3627 1282 3677 Vind.,
1314 3625 1412 3666 Cod.
1449 3625 1575 3665 Paris.
1615 3626 1865 3681 προσποιῇ.
1926 3626 2031 3676 [nfra
2060 3636 2096 3671 ‚⁰-
