2340 3900
1434 159 1577 207 vislo
1615 159 1685 206 tv,
1720 155 1790 217 (A)

208 158 309 207 440
569 157 792 203 HERMAE
825 157 1059 206 PASTOR.
1132 157 1298 205 LIBER
1331 161 1381 213 1.,

211 310 354 351 suum,
391 294 467 354 qui
504 299 575 340 est
611 306 748 353 super
782 292 978 350 bestias,
1018 288 1111 340 6613
1157 309 1322 343 nomen
1372 302 1443 343 est
1492 297 1690 356 Hegrin,
1742 301 1788 342 et
1840 295 2067 343 obturavit
2100 311 2154 345 os

211 366 322 418 eius,
373 376 429 407 ne
478 368 521 408 te
573 360 819 406 dilaniaret.
892 359 1095 421 Magnam
1145 363 1481 412 tribulationem
1529 364 1730 426 effugisti
1781 370 1971 425 propter
2021 363 2155 412 fidem

209 440 344 485 tuam,
374 436 419 476 et
453 430 532 490 qui
569 428 703 475 talem
737 429 928 476 bestiam
963 443 1055 475 non
1093 430 1321 478 dubitasti.
1394 434 1510 479 Vade
1548 448 1673 493 ergo,
1711 439 1757 478 et
1781 446 1942 478 enarra
2000 432 2158 480 electis

209 499 287 545 Dei
322 497 544 558 magnalia
578 497 738 557 ipsius,
778 505 821 544 et
856 498 979 544 dices
1005 498 1117 556 illis,
1155 494 1300 559 quod⁹
1336 502 1617 548 116611611666
1648 501 1791 561 figura
1822 507 1892 547 est
1913 515 2160 561 pressurae

209 573 580 627 superventurae.
653 565 699 611 Si
737 580 847 625 ergo
885 568 1259 627 praeparaveritis
1296 584 1403 626 vos,
1438 565 1679 630 *poteritis
1730 569 1930 630 effugere
1981 563 2154 626 illam,¹⁰

213 636 251 682 si
290 649 371 680 cor
405 641 603 681 vestrum
638 634 774 680 suerit
795 649 956 695 purum
979 649 1030 680 ac
1054 637 1151 683 sine
1175 639 1362 695 macula,
1401 645 1445 684 et
1463 639 1664 698 reliquos
1687 637 1782 684 dies
1812 639 1926 683 vitae
1943 631 2154 685 vestrae¹¹

211 703 459 750 servieritis
508 703 599 750 Deo
647 703 742 748 sine
792 704 992 763 querela.
1078 700 1346 751 immittite?
1407 707 1736 752 sollicitudines
1788 712 1959 753 vestras
2021 721 2158 784 super

209 772 458 828 Dominum,
497 779 542 818 et
577 772 675 833 ipse
714 772 878 831 diriget
913 786 1003 818 eas·
1076 767 1291 820 Credite¹³
1331 775 1446 829 Deo,
1487 775 1563 834 qui
1611 774 1720 819 estis
1758 774 1905 829 dubii,
1945 776 2157 835 quoniam

211 840 360 886 omnia
396 846 560 917 potest,
598 846 642 886 et
676 846 878 886 avertere
916 841 1026 887 iram
1065 856 1190 888 suam
1227 857 1251 888 a
1287 843 1429 898 vohis,
1468 850 1513 887 et
1549 843 1727 887 mittere
1765 841 1891 886 vobis
1919 842 2158 903 praesidia.

208 909 298 954 Vae
339 909 485 954 dubiis
523 902 631 965 116,14
668 909 744 968 qui
782 909 1008 955 audierint
1029 910 1164 956 verba
1196 911 1323 967 11666,
1363 917 1408 957 61
1445 910 1829 970 contempserint,
1865 910 2027 957 melius
2064 915 2163 957 erat.

209 976 298 1022 illis
335 991 425 1022 non
463 975 618 1023 nasci.‘

346 1041 505 1103 (10111.
576 1047 851 1106 Interrogavi
891 1061 987 1093 eam
1032 1048 1087 1093 de
1124 1047 1210 1092 illis
1266 1052 1479 1106 quattuor
1513 1045 1773 1100 coloribus,
1812 1060 1928 1107 quos
1965 1045 2160 1094 habebat

206 1113 351 1160 bestia
387 1114 430 1159 in
480 1115 639 1202 eapite.
709 1109 780 1160 At¹
833 1115 906 1161 illa
940 1115 1178 1176 respondit
1226 1115 1336 1160 mihi
1385 1115 1563 1160 dicens:
1614 1116 1793 1171 ,iterum
1845 1121 1896 1161 tu
1945 1115 2157 1162 curiosus

208 1197 271 1239 es,
307 1182 362 1227 de
400 1175 560 1228 rebus²
597 1183 857 1230 huiusmodi
890 1185 1191 1243 interrogans,
1197 1179 1209 1200 ‘
1278 1183 1332 1228 Et
1367 1183 1480 1228 dixi:
1518 1183 1727 1240 ‚domina,
1755 1184 2016 1230 demonstra
2033 1184 2158 1240 mihi,

210 1250 316 1311 quid
356 1251 446 1296 sint
483 1248 585 1296 illa}
655 1249 816 1307 ,Audi,‘
852 1251 1023 1311 inquit:
1061 1251 1187 1307 ,illud
1222 1251 1400 1311 nigrum
1438 1252 1633 1297 mundus
1653 1258 1735 1308 est,
1773 1253 1818 1298 in
1851 1266 1942 1312 quo
1963 1265 2162 1298 commo·

208 1319 389 1365 ramini:
428 1320 608 1379 igneum
645 1327 793 1366 autem
832 1327 878 1366 et
908 1320 1314 1380 sanguinolentum,
1336 1321 1565 1407 3quoniam
1603 1327 1786 1381 oportet
1818 1321 2022 1367 seculum
2066 1321 2157 1367 hoe

207 1402 292 1449 per
326 1389 587 1447 sanguinem
624 1395 670 1434 et
704 1389 853 1449 ignem
907 1389 1146 1464 1161161116,
1197 1382 1354 1434 661663
1402 1395 1550 1435 autem
1599 1403 1704 1449 pars
1755 1403 1836 1435 vos
1891 1389 2028 1445 estis,
2081 1389 2162 1450 qui

209 1455 429 1516 effugistis
467 1457 669 1502 seculum
704 1457 809 1502 hoc.
881 1456 1007 1502 Sicut
1043 1457 1160 1502 enim
1213 1471 1296 1516 per
1331 1457 1479 1516 ignem
1516 1472 1672 1502 aurum
1710 1458 1930 1518 probatur
1965 1464 2011 1504 et
2045 1458 2155 1505 utile

208 1524 282 1580 fit3
321 1524 386 1569 sic
423 1530 468 1568 61
502 1538 582 1570 νο6
619 1516 888 1584 probamini,
925 1526 1002 1583 qui
1040 1518 1269 1570 habitatis⁴¹
1304 1526 1349 1570 in
1376 1525 1476 1570 illis.
1548 1525 1631 1580 Qui
1667 1526 1804 1586 igitur
1827 1526 2162 1586 permanserint

210 1599 255 1638 et
287 1585 709 1679 perseveraverint⁵6
743 1600 787 1638 et
839 1593 1016 1653 probati
1071 1593 1264 1649 suerint,
1319 1593 1373 1638 ab
1427 1594 1492 1639 eis
1541 1594 1868 1654 purgabuntur.
1937 1594 1993 1640 Et
2043 1594 2162 1640 sieut

210 1675 366 1707 aurum
406 1654 709 1716 emundatur,
743 1668 788 1707 et
824 1662 1008 1707 remittit
1061 1662 1244 1707 sordem
1279 1676 1430 1717 suam3
1472 1662 1537 1707 sic
1570 1668 1614 1707 et
1633 1677 1711 1708 vos
1735 1662 1955 1709 abiicietis
1979 1676 2159 1709 omnem

206 1729 433 1775 tristitiam
470 1735 514 1774 et
550 1730 812 1788 angustiam,
851 1736 896 1775 et
931 1730 1280 1776 emundabimini
1308 1731 1353 1775 in
1373 1736 1642 1776 structuram
1663 1732 1815 1776 turris.
1883 1731 1994 1776 Alba
2012 1737 2161 1777 autem

206 1811 313 1857 pars
351 1798 666 1855 superventuri
717 1790 804 1842 est⁷
842 1798 1008 1851 seculi,
1042 1798 1087 1842 in
1139 1812 1229 1857 quo
1280 1798 1546 1843 habitabunt
1600 1799 1731 1844 electi
1782 1799 1887 1854 Dei,
1944 1800 2159 1859 quoniam

207 1864 478 1910 immaculati
515 1870 560 1909 et
605 1865 709 1923 puri
754 1871 887 1909 erunt
938 1865 1062 1911 electi
1116 1865 1194 1910 Dei
1251 1866 1293 1910 in
1346 1866 1476 1910 vitam
1504 1871 1746 1911 aeternam.
1820 1866 1886 1911 Tu
1938 1880 2048 1926 ergo
2101 1880 2160 1912 ne

210 1933 390 1978 desinas
427 1932 579 2018 loqui9
586 1926 719 1977 116663
755 1932 938 1978 66111166
987 1940 1260 1979 sanctorum
1330 1933 1513 1978 Habetis
1552 1939 1597 1979 et
1628 1933 1819 1994 figuram
1856 1933 2160 1980 tribulationis

207 1993 579 2062 superventurae⁹
614 2014 817 2061 magnae.
886 2001 994 2047 Nam
1031 2002 1069 2047 si
1104 2015 1183 2047 vos
1228 2001 1485 2058 volueritiS,
1536 2002 1649 2047 611111
1700 2001 1919 2047 6111.16
1971 1995 2160 2049 mente¹⁰

205 2069 370 2116 habete
407 2070 506 2124 ista,
543 2083 658 2129 quae
696 2071 975 2146 praescripta
1013 2067 1146 2116 sunt.‘
1216 2070 1338 2116 Haec
1390 2085 1491 2116 cum
1528 2070 1725 2127 dixissit,
1765 2071 1991 2117 discessit.
2061 2071 2162 2118 Non

205 2138 295 2184 vidi
330 2144 492 2194 autem,
533 2152 669 2198 quem
699 2139 743 2183 16
783 2138 932 2185 locum
970 2131 1180 2185 abierit.¹¹
1252 2138 1476 2200 Strepitus
1513 2146 1661 2186 autem
1692 2139 1836 2185 166166
1857 2145 1940 2196 est,
1964 2146 2011 2186 et
2035 2153 2164 2187 aver-

205 2221 284 2253 sus
323 2222 422 2253 sum
458 2213 711 2253 retrorsum
746 2213 975 2254 metuens:
1008 2215 1051 2254 et
1086 2207 1297 2269 putabam
1333 2208 1524 2254 bestiam
1560 2208 1681 2254 illam
1719 2200 1985 2254 advenire.¹²

342 2279 672 2347 *ἐκφεύξεσθε
707 2279 794 2349 τὴν
810 2282 1051 2352 ἐνέργειαν
1084 2287 1174 2334 τοῦ
1210 2279 1398 2351 ἀγρίου,
1435 2280 1520 2334 ἐὰν
1553 2280 1588 2351 ἦ
1623 2283 1799 2352 καρδία
1814 2279 1951 2350 ὑμῶν
1968 2282 2165 2352 γένηται

1213 2433 1289 2473 que
1324 2421 1591 2473 adstipulatur
1622 2423 1839 2474 Nourrius;
1871 2421 1999 2474 priori
2032 2428 2164 2474 autem

296 2420 340 2471 8)
370 2423 482 2462 cuius
524 2423 609 2461 Vat.
655 2423 738 2463 Pal.
796 2423 1061 2474 Hieronymus
1114 2422 1155 2462 in

1211 2476 1487 2527 patrocinatur
1516 2479 1650 2518 Lucke
1679 2478 1858 2530 (Einleit.
1887 2478 1928 2518 in
1959 2478 2158 2519 (101166-

212 2477 432 2517 Comment.
463 2478 514 2517 ad
544 2478 690 2528 proph.
721 2478 871 2518 Hahac.
901 2479 935 2526 1,
962 2479 1025 2518 14.
1053 2478 1156 2518 Her-

209 2545 296 2572 mae
323 2533 468 2572 lihrum
488 2533 679 2572 stultitiae
702 2533 1046 2572 condemnandum
1066 2546 1155 2573 esse

212 2594 360 2638 censet,
395 2601 482 2628 cum
518 2588 702 2638 angelum
736 2589 958 2639 quemdam,
996 2589 1154 2627 nomine

213 2644 323 2694 Tyri,
370 2644 581 2694 reptilibus
622 2656 811 2694 praeesse
853 2644 1015 2682 scribat.
1075 2644 1155 2683 Sed

211 2699 374 2749 angelus
413 2699 481 2739 ille
512 2712 593 2738 non
626 2699 767 2749 Tyrus,
816 2699 889 2738 sed
919 2699 1063 2749 Heqrin
1106 2699 1153 2737 ab

210 2755 357 2794 Herma
388 2754 635 2806 appellatur,
667 2761 705 2794 et
733 2754 875 2804 procul
914 2754 1034 2793 dubio
1067 2754 1153 2804 Tyri

211 2822 286 2849 vox
318 2810 426 2861 apud
459 2810 745 2861 Hieronymum
776 2809 1031 2849 librariorum
1060 2809 1155 2849 vitio

213 2871 342 2904 ortum
378 2865 507 2906 dehet.
566 2865 790 2905 Cotelerius
823 2865 920 2905 duas
952 2865 1155 2905 coniectu-

209 2933 279 2960 ras
311 2921 361 2960 ad
391 2933 537 2961 nomen
568 2921 712 2971 Heyrin
743 2920 1020 2972 explicandum
1040 2921 1155 2960 nobis

207 2976 399 3028 leliquit:
464 2977 514 3028 1)
555 2977 743 3016 Fortasse
790 2976 982 3027 scriptum
1033 2976 1154 3017 fnisse

210 3044 351 3101 εγρηγ
379 3032 404 3071 1.
439 3045 471 3072 6.
516 3032 801 3084 compendiosa
849 3032 1048 3083 scriptura
1078 3045 1153 3083 pro

207 3087 466 3147 ἔγρήγορος,
497 3092 617 3142 vigil,
649 3102 691 3129 -ι
694 3100 731 3146 9,
764 3104 842 3144 quo
866 3091 1024 3131 nomine
1047 3092 1154 3143 apud

205 3151 462 3200 Danielem4,
481 3152 542 3191 10.
557 3152 674 3193 6120.
701 3152 864 3203 angelus
886 3152 1151 3202 significatur3

206 3218 281 3257 pro
296 3219 436 3264 εγρηγ
446 3212 575 3247 autem
586 3209 779 3261 scriptum
789 3221 859 3248 seu
871 3207 1015 3247 lectum
1027 3207 1151 3247 fuisse

206 3274 357 3315 εγρην.
392 3263 434 3314 2)
450 3263 637 3304 Fortasse
649 3265 834 3304 Η611116111
843 3264 920 3303 1106
934 3264 1016 3303 1616
1027 3263 1148 3303 modo

207 3317 440 3368 scripsisse:
471 3316 660 3373 ἔπεμψε
672 3316 828 3373 κύριος
849 3314 1044 3385 ἄγγελον
1070 3316 1146 3361 αὖ·

206 3375 299 3435 τοῦ,
329 3369 381 3419 ὅς
411 3370 541 3414 ἔστιν
577 3372 655 3415 ἐπὶ
693 3376 883 3428 θηοίον,
931 3362 968 3427 ᾧ
997 3369 1148 3430 ὄνομα

209 3421 382 3482 ἄγριον,
410 3430 517 3468 misit
546 3429 649 3470 Deus
683 3432 858 3481 anyelum
887 3442 1000 3470 suum
1030 3442 1146 3482 super

208 3483 383 3532 bestiam,
401 3485 464 3523 cui
478 3484 666 3538 (bestiae)
683 3498 817 3526 nomen
832 3490 889 3525 est
903 3483 954 3525 τὸ
968 3480 1143 3549 α’γριον,

207 3535 232 3573 1.
282 3550 314 3576 6.
343 3541 480 3588 ferum
539 3540 641 3580 Huic
679 3540 999 3593 interpretationi
1039 3541 1144 3580 favet

210 3588 330 3630 Clem.
363 3593 467 3634 Alex.
496 3593 663 3648 (Strom.
693 3597 756 3647 IV,
788 3598 826 3638 9.
856 3608 897 3649 p.
928 3595 1057 3647 596.‚)
1089 3595 1146 3634 ei-

1211 2532 1364 2581 harung
1397 2533 1606 2583 Iohannis)
1648 2546 1688 2584 p.
1722 2535 1814 2574 145.
1853 2539 1938 2577 not.
1982 2533 2021 2574 2.
2081 2533 2163 2574 Cfr.

1213 2599 1373 2638 quoque
1406 2588 1604 2652 1111ςί11111,
1636 2589 1662 2627 1.
1693 2601 1725 2627 c.
1755 2601 1795 2639 p.
1815 2588 1907 2629 168.
1940 2587 2020 2628 Cfr.
2037 2589 2161 2641 Apoc.

1211 2642 1250 2689 9,
1286 2642 1373 2681 11.:
1411 2619 1604 2696 ἅγγελος
1620 2638 1867 2695 Ἀββαδων.
1898 2644 1945 2684 H.
1976 2645 2161 2686 Attamen

1210 2697 1476 2748 Hieronymus
1515 2698 1600 2738 illic
1632 2700 1818 2739 Hermam
1853 2712 1928 2739 nec
1960 2700 2155 2751 nomirfat,

1216 2765 1289 2791 nec
1311 2759 1484 2793 accusat.
1515 2754 1782 2805 Dicitpotius,
1816 2755 2009 2806 scriptum
2031 2756 2161 2808 quod-

1217 2808 1306 2847 dam
1347 2810 1621 2860 apocryphum
1653 2809 1773 2849 stulte
1802 2822 1990 2860 narrare,
2023 2823 2163 2863 quem-

1215 2863 1304 2902 dam
1338 2864 1519 2928 angelum
1554 2865 1713 2904 nomine
1747 2865 1841 2916 Tyri
1870 2877 2074 2931 praeesse·
2091 2878 2162 2907 re-

1212 2918 1390 2969 ptitibus,
1427 2926 1466 2960 et
1495 2920 1536 2959 in
1570 2921 1672 2960 hanc
1702 2920 2002 2962 similitudinem
2034 2922 2161 2974 pisci-

1212 2974 1286 3013 hus
1320 2987 1479 3027 quoque
1514 2982 1553 3016 et
1583 2976 1793 3016 arboribus
1834 2983 1872 3017 et
1901 2977 2040 3018 hestiis
2070 2978 2160 3018 uni-

1211 3030 1336 3069 versis
1394 3032 1584 3083 proprios
1630 3033 1670 3072 in
1719 3032 1942 3072 custodiam
1995 3033 2160 3085 angelos

1213 3085 1450 3136 assignatos.
1478 3087 1622 3127 Ultima
1635 3087 1866 3139 Hieronymi
1885 3087 2005 3128 verba
2015 3089 2158 3130 melius

1213 3141 1410 3193 quadrant
1452 3143 1502 3182 ad
1536 3143 1751 3183 Clementis
1791 3143 1957 3184 Romani
1985 3145 2160 3195 Recogn.

1210 3197 1401 3246 l,45.1n
1424 3197 1573 3238 Codice
1595 3199 1676 3238 Pal.
1709 3205 1770 3238 est
1799 3200 1910 3250 169νί-
1958 3199 2158 3239 Fortassis

1209 3264 1346 3291 vocem
1375 3253 1500 3293 habes
1543 3266 1588 3294 ex
1617 3249 1782 3319 θήγειν
1812 3254 2007 3303 (acuere,
2052 3254 2158 3295 exci-

1206 3312 1310 3356 tare,
1353 3308 1561 3359 instigare)
1607 3315 1646 3349 et
1686 3305 1851 3363 ἄγριον
1892 3309 2059 3360 (ferum)
2106 3310 2155 3350 ab

1203 3361 1349 3402 Herma
1378 3376 1423 3403 ex
1454 3364 1606 3404 Graeco
1627 3363 1774 3403 Iudaeo
1795 3364 1901 3403 sacto
1931 3363 2155 3406 Christiano

1202 3418 1323 3456 modo
1344 3418 1619 3459 Hebraeorum
1649 3419 1873 3469 conflatam,
1901 3419 1974 3459 sed
1994 3420 2157 3461 librari-

1202 3484 1315 3511 orum
1346 3473 1499 3513 incuria
1529 3474 1762 3514 mutilatam.
1805 3475 2034 3526 Legendum
2057 3487 2158 3528 pro-

1197 3539 1306 3578 pono
1337 3527 1523 3578 Thegrin.
