2340 3900
153 165 251 214 620
881 164 1102 212 HERMAE
1137 165 1366 213 PASTOR.

150 299 445 358 κενοδοξίαις
488 299 584 345 τῶν
618 294 780 390 έθν2ὤν
795 293 1155 366 έδιψύχησαν,
1200 291 1266 362 μὴ
1313 295 1577 360 ἐλπίζοντες
1623 300 1849 384 σωθῆναι
1895 293 1977 348 διὰ
2011 293 2097 359 τὰς

149 365 341 451 πράξεις
376 369 471 415 τῶν
510 364 720 414 ἐθνῶν·2
757 366 892 415 οὑτοι
941 363 1057 429 μετὰ
1093 369 1189 415 τῶν
1225 365 1387 417 ἐθνῶν
1423 367 1498 419 έλο
1502 370 1758 452 γίσθησαν.
1816 365 2011 451 Έτεροι
2046 367 2098 419 δὲ

150 437 198 495 ἐξ
245 432 404 484 αὐτῶν
455 429 756 498 έδιψύχησαν
818 430 883 498 μὴ
937 433 1201 495 ἐλπίζοντες
1255 440 1479 502 σωθῆναι
1502 390 1611 488 y6t6c
1669 434 1754 497 τὰς
1799 433 1993 502 πράξεις
2042 457 2099 496 ας

149 504 382 586 ἔπραξαν·
426 500 573 587 ἕτεροι
621 500 672 552 δὲ
722 500 1025 567 έδιψύχησαν
1078 503 1162 553 καὶ
1205 504 1439 587 σχίσματα
1494 506 1546 558 έν
1601 506 1787 566 ἑαυτοῖς
1852 505 2095 571 ἐποίησαν.

155 569 353 631 Τούτοις
401 563 491 620 οὖν
539 576 639 630 τοῖς
685 569 987 656 διψυχήσασι
1034 569 1115 621 διὰ
1167 568 1252 632 τὰς
1290 571 1492 659 πράξεις
1536 572 1697 627 αὐτῶν
1755 573 1982 640 μετάνοια
2030 574 2098 625 ἔτι

144 641 296 691 ε’στίν·
350 636 451 689 ἀλλ’
503 635 538 704 ἦ
583 637 809 704 μετάνοια
857 637 1019 690 αὐτῶν
1063 636 1226 707 ταχινὴ
1280 639 1463 706 ὀφείλει
1499 640 1642 707 εἶναι,
1692 645 1773 695 ι’να
1808 665 1839 709 η
1877 644 2098 694 κατοικία

145 707 306 759 αὐτῶν
342 707 603 793 γένη[ται]3
640 709 708 768 εἰς
742 705 827 760 τὸν
826 705 1070 794 πύργον·
1105 714 1200 760 τῶν
1234 708 1285 761 δὲ
1320 709 1385 779 μὴ
1421 712 1814 778 μετανοούντων,
1853 709 1955 763 ἄλλ’
1998 712 2096 764 ε’πι-

144 774 384 843 μενόντων
420 782 525 837 ταῖς
557 774 772 843 ήδοναῖς,
814 774 842 829 6
879 785 1097 837 θανατος
1134 778 1284 847 ἐγγύς.

280 915 470 966 Χ.οἷ
516 913 568 964 δὲ
614 935 699 975 τας
752 913 967 986 ῥάβδους
1015 910 1357 975 έπιδεδωκότες
1390 912 1587 982 χλωράς,
1624 912 1746 966 αὐτα
1785 915 1837 966 δὲ
1873 914 1930 966 τὰ
1968 914 2094 983 άκρα

141 979 262 1069 ξηρὰ
291 982 372 1034 καὶ
407 980 606 1049 σχισμὰς
641 984 821 1049 ἔχοντα,
861 986 994 1036 οὑτοι
1028 984 1231 1036 πάντοτε
1266 981 1448 1068 ἀγαθοὶ
1483 984 1566 1035 καὶ
1598 984 1758 1035 πιστοὶ
1794 983 1876 1035 καὶ
1909 985 2096 1046 ἔνδοξοι

139 1073 270 1119 παρα
305 1057 370 1121 τῷ
415 1057 520 1122 θεῷ
530 1051 799 1139 ἐγένοντο,
849 1052 1091 1120 ἐλάχιστον
1128 1052 1179 1103 δὲ
1217 1050 1546 1137 [έξη’]μαρτον1
1593 1049 1676 1103 διὰ
1711 1057 1886 1120 μικρᾶς
1921 1054 2094 1105 ἐπιθυ-

140 1123 253 1187 μίας
287 1122 369 1172 καὶ
404 1118 550 1188 μικρὰ
588 1119 695 1172 κατ’
739 1121 954 1210 ἀλλήλων
989 1123 1197 1188 ε’χοντες·
1235 1117 1340 1171 αλλ’
1382 1118 1672 1183 ἀκούσαντές
1699 1142 1794 1188 μου
1819 1127 1916 1174 τῶν
1942 1121 2093 1210 ῥημά-

138 1211 232 1242 των
266 1187 318 1241 τὸ
355 1196 575 1243 πλεῖστον
610 1191 752 1258 μέρος
787 1190 903 1258 ταχὺ
933 1190 1236 1279 μετενόησαν,
1273 1189 1356 1240 καὶ
1392 1189 1587 1278 ἐγένετο
1608 1188 1642 1257 ἦ
1675 1193 1897 1243 κατοικία
1933 1189 2096 1243 αὐτῶν

140 1262 207 1320 εἰς
242 1257 326 1311 τὸν
361 1258 570 1328 πύργον·
607 1260 731 1322 τινὲς
767 1260 818 1311 δὲ
855 1262 903 1323 ἐξ
939 1259 1100 1312 αὐτῶν
1136 1257 1458 1344 έδιψύχησαν
1495 1258 1619 1320 τινὲς
1653 1259 1707 1311 δὲ
1741 1257 2095 1327 διψυχησαντες

140 1331 443 1395 διχοστασίαν
489 1331 679 1394 μείζονα
719 1330 976 1397 ἐποίησαν·
1014 1330 1066 1381 έν
1116 1327 1306 1388 τούτοις
1341 1320 1432 1379 οὗν
1464 1329 1616 1381 ε’νεστι
1654 1331 1908 1395 μετανοίας
1943 1330 2091 1394 ἐλπίς,

139 1396 212 1448 ότι
258 1396 441 1485 ἀγαθοὶ
487 1397 690 1450 πάντοτε
740 1400 983 1487 ἐγένοντο·
1034 1396 1281 1457 δυσκόλως
1329 1397 1382 1448 δέ
1430 1419 1502 1459 τις
1548 1395 1709 1450 αὐτῶν
1756 1396 2091 1451 ἀποθανεῖται

144 1467 208 1518 Οἱ
241 1466 292 1517 δὲ
326 1489 411 1528 τας
450 1465 675 1555 ῥάβδους
722 1469 883 1520 αὐτῶν
927 1465 1074 1554 ξηρὰς
1120 1465 1488 1530 έπιδεδωκότες,
1536 1465 1778 1534 ἐλάχιστον
1825 1468 1878 1520 δὲ
1909 1465 2093 1536 χλωρὸν

139 1533 362 1619 ἐχούσας,
413 1531 549 1587 οὗτοί
596 1538 715 1588 εἰσιν
760 1539 811 1589 οἱ
841 1536 1179 1596 πιστεύσαντες
1221 1532 1401 1601 μόνον,
1438 1557 1497 1587 τα
1534 1535 1584 1587 δε
1620 1537 1734 1620 ἔργα
1767 1542 1855 1622 τῆς
1889 1537 2092 1623 ἀνομίας

138 1602 459 1689 ἐργαζόμενοι,
497 1602 726 1658 οὐδέποτε
762 1605 812 1657 δὲ
841 1603 935 1658 ἀπὸ
973 1610 1060 1658 τοῦ
1087 1609 1210 1656 θεοῦ
1235 1602 1518 1670 ἀπέστησαν,
1555 1606 1638 1657 καὶ
1672 1602 1726 1657 τὸ
1753 1603 1908 1671 ὄνομα
1936 1603 2092 1692 ἦδέως

139 1671 422 1739 ἐβάστασαν,
462 1695 542 1724 και
581 1676 648 1735 εἰς
683 1674 797 1736 τοὺς
833 1677 1001 1735 οἴκους
1037 1671 1200 1725 αὐτῶν
1234 1671 1391 1740 ήδέως
1425 1671 1713 1736 ὑπεδέξαντο
1746 1672 1859 1736 τοὺς
1885 1672 2091 1736 δούλους

138 1748 224 1792 τοῦ
261 1748 397 1793 θεοῦ.
463 1741 782 1804 Ἀκούσαντες
815 1747 904 1795 o6v
941 1742 1120 1826 ταύτην
1153 1740 1242 1808 τὴν
1278 1741 1534 1808 μετάνοιαν
1577 1740 1869 1805 ἄδιστάκτως
1903 1743 2090 1831 μετενό-

137 1828 259 1876 ησαν
292 1811 375 1862 καὶ
409 1809 700 1896 ἐργάζονται
715 1818 878 1863 πᾶσαν
914 1808 1086 1894 αρετὴν
1123 1811 1205 1861 καὶ
1224 1810 1564 1896 δικαιοσύνην·
1599 1832 1723 1872 τινες
1759 1812 1812 1863 δὲ
1848 1813 1896 1876 ἒξ
1929 1811 2090 1864 αὐτῶν

137 1901 218 1930 και
265 1882 537 1964 φοβοῦνται
581 1878 897 1949 γινώσκοντες
944 1901 1030 1941 τας
1075 1877 1270 1964 πράξεις
1317 1877 1478 1931 αὐτῶν
1527 1877 1584 1940 ἃς
1619 1881 1871 1952 ἔπραξαν·
1907 1879 2089 1933 τούτων

138 1941 229 2000 o6v
262 1946 457 2000 πάντων
491 1971 524 2016 η
560 1952 779 2002 κατοικία
815 1952 883 2011 εἰς
917 1947 1003 2001 τὸν
1038 1945 1224 2017 πύργον
1259 1948 1399 2000 ε’.σται

273 2094 343 2143 XI.
415 2087 515 2138 Καὶ
573 2108 687 2154 μετα
733 2084 787 2139 τὸ
838 2086 1111 2139 συντελέσαι
1154 2084 1303 2138 αὐτὸν
1357 2107 1444 2147 τας
1491 2083 1730 2148 έπιλύσεις
1774 2090 1946 2138 πασῶν
1993 2091 2090 2138 τῶν

135 2152 331 2222 ῥάβδων
366 2157 489 2243 λέγει
523 2177 606 2222 μοι
622 2156 830 2225 Ὕπαγε,
867 2178 950 2208 και
983 2161 1133 2207 πᾶσιν
1152 2156 1254 2224 λέγε
1289 2156 1371 2207 ι’να
1398 2154 1724 2223 μετανοήσωσι
1750 2156 1832 2208 καὶ
1854 2153 2090 2240 ζησωνται

134 2230 201 2294 τῷ
255 2230 385 2296 θεῷ,
433 2225 508 2277 ότι
556 2224 585 2278 6
632 2227 800 2293 κύριος
847 2225 1034 2310 ἔπεμψέ
1081 2245 1138 2290 με
1196 2226 1566 2312 σπλαγχνισθεις
1611 2230 1732 2276 πᾶσι
1778 2227 1952 2276 δοῦναι
1985 2221 2093 2312 τὴν

132 2278 413 2359 μετάνοιαν,
461 2296 631 2360 καίπερ
679 2301 824 2347 τινῶν
870 2292 936 2361 μὴ
986 2291 1140 2346 όντων
1185 2291 1333 2356 ἀξίων
1368 2291 1449 2345 διὰ
1492 2291 1550 2345 τὰ
1587 2294 1736 2382 ε’ργα
1748 2291 1934 2346 αὐτῶν·
1972 2291 2093 2345 ἀλλὰ

135 2361 454 2450 μακρόθυμος
502 2362 570 2416 ὠν
607 2362 635 2415 6
686 2362 854 2434 κύριος
901 2363 1032 2416 θέλει
1079 2361 1168 2428 τὴν
1211 2369 1383 2430 κλῆσιν
1433 2360 1522 2428 τὴν
1565 2362 1827 2450 γενομένην
1871 2359 1954 2414 διὰ
2001 2368 2091 2415 τοῦ

135 2432 248 2482 υἱοῦ
293 2430 445 2483 αὐτοῦ
492 2431 743 2495 σώζεσθαι.
816 2432 959 2500 Λέγω
1006 2429 1136 2502 αὐτῷ
1189 2431 1366 2518 Κύριε,
1405 2433 1575 2494 ἐλπίζω
1627 2431 1703 2484 ότι
1737 2430 1912 2493 πάντες
1948 2428 2088 2484 ἀκού-

136 2516 301 2561 σαντες
348 2497 471 2551 αὐτὰ
522 2500 884 2567 μετανοήσουσι.
971 2503 1224 2565 Πείθομαι
1267 2522 1357 2569 γαρ
1409 2500 1483 2552 ότι
1533 2497 1601 2561 εἷς
1650 2501 1848 2561 εκαστος
1891 2522 1951 2551 τα
1985 2502 2090 2552 ι’δια

136 2570 248 2655 ε’ργα
277 2565 521 2654 ἐπιγνοὺς
570 2570 652 2620 καὶ
695 2569 939 2654 φοβηθεὶς
991 2567 1077 2619 τὸν
1113 2566 1236 2619 θεὸν
1282 2568 1574 2634 μετανοήσει.
1639 2570 1953 2655 Ἀποκριθείς
2007 2589 2090 2634 μοι

135 2636 293 2704 λέγει“’
291 2636 440 2699 Όσοι,
478 2640 644 2704 φησίν,
682 2639 730 2700 ἐξ
767 2636 883 2702 όλης
917 2638 1119 2703 καρδίας
1166 2634 1328 2688 αὐτῶν
1362 2639 1718 2704 καθαρίσουσιν
1753 2635 1954 2698 ἑαυτοὺς
1990 2635 2088 2689 ἀπὸ

134 2712 231 2756 τῶν
266 2710 513 2790 πονηριῶν
563 2705 723 2758 αὐτῶν
768 2712 863 2757 τῶν
897 2703 1254 2773 προειρημένων
1296 2706 1379 2756 καὶ
1422 2706 1589 2772 μηκέτι
1634 2706 1784 2772 μηδὲν
1831 2711 2088 2774 προσθῶσι

134 2781 238 2834 ταῖς
274 2771 526 2858 ἁμαρτίαις
561 2774 737 2841 αὐτῶν,
778 2774 1018 2840 λήψονται
1053 2775 1184 2825 ἰἀσιν
1218 2771 1349 2841 παρὰ
1383 2781 1469 2825 τοῦ
1505 2776 1679 2841 κυρίου
1715 2781 1811 2826 τῶν
1844 2775 2089 2861 προτέρων

135 2841 394 2912 ἁμαρτιῶν,
431 2839 517 2895 ἐὰν
552 2843 617 2910 μὴ
655 2844 991 2927 διψυχήσωσιν
1025 2843 1102 2894 έπὶ
1127 2849 1231 2904 ταῖς
1266 2843 1479 2904 ἐντολαῖς
1511 2843 1719 2904 ταύταις,
1757 2844 1839 2895 καὶ
1868 2843 2089 2909 ζησονται

136 2917 203 2982 τῷ
239 2918 358 2983 θεῷ.
432 2909 508 2963 Σὺ
546 2913 597 2964 δὲ
624 2910 838 2999 πορεύου
875 2913 927 2964 ἐν
961 2918 1066 2973 ταῖς
1103 2911 1315 2972 ἐντολαῖς
1334 2933 1444 2978 μου,
1482 2913 1566 2963 καὶ
1602 2916 1731 2979 ζῆθι.
1809 2911 1974 2964 Ταῦτά
2007 2924 2090 3000 μοι

135 2965 322 3042 δείξας
336 2982 418 3032 καὶ
463 2981 672 3049 λαλήσας
717 2980 874 3035 πάντα
931 2981 1053 3050 λέγει
1101 3001 1184 3047 μοι
1251 2979 1323 3032 Τα
1372 2981 1425 3034 δὲ
1469 2980 1613 3033 λοιπά
1666 2998 1743 3033 σοι
1791 2983 1930 3044 δείξω
1981 2980 2082 3049 μετ’

140 3047 304 3117 ὀλίγας
336 3048 529 3118 ἡμέρας.

273 3199 303 3243 Ι.
380 3190 542 3243 Μεται
578 3191 631 3244 τὸ
666 3191 855 3262 γράψαι
889 3214 946 3261 με
967 3215 1068 3265 “vocs
1105 3191 1298 3254 ἐντολὰς
1319 3194 1402 3245 καὶ
1421 3190 1699 3282 παραβολὰς
1732 3199 1819 3244 τοῦ
1839 3192 2083 3258 ποιμένος,

135 3265 221 3310 τοῦ
258 3258 457 3329 ἀγγέλου
510 3266 596 3328 τῆς
633 3265 907 3328 μετανοίας,
954 3265 1082 3330 ηλθε
1126 3260 1248 3331 πρός
1295 3283 1353 3328 με
1387 3264 1468 3314 καὶ
1516 3262 1639 3331 λέγει
1685 3282 1764 3327 μοι
1823 3261 1958 3313 Θέλω
2007 3277 2084 3313 σοι

222 3507 265 3558 2)
295 3509 347 3548 ita
377 3510 475 3550 haec
499 3516 686 3561 corrupte
709 3510 749 3550 in
771 3511 860 3551 cod.
883 3511 1079 3563 leguntur.
1225 3511 1320 3562 Cap.
1341 3512 1384 3550 X.
1448 3511 1486 3560 1)
1518 3503 1841 3566 [ggvifflaqu
1872 3509 1925 3549 ita
1946 3522 2084 3561 apogr.

223 3589 267 3641 3)
297 3613 315 3618 -
332 3604 408 3631 ται
437 3593 591 3644 syllaba
622 3593 735 3634 deest
760 3593 801 3633 in
833 3606 969 3646 apogr.
1044 3604 1056 3615 ·
1224 3593 1385 3632 Sim.1x.
1406 3592 1445 3644 1)
1461 3591 1877 3632 Cf.n0tamadinitium
1891 3592 2084 3633 Sim.V111.
