2340 3900
232 145 331 196 264
585 144 789 193 IGNATH
826 142 1096 190 EPlS'roLA
1130 143 1199 189 AD
1237 142 1650 190 PHILIPPENSES.
1697 142 1730 187 1.
1766 141 1816 187 11.

306 360 441 403 ΤΟΥ
466 325 706 401 wAY'I'OY
733 356 902 400 ΠΡΟΣ
937 355 1409 400 ΦΙΛΙΠΠΗΣΙΟΥΣ
1438 357 1585 399 ΠΕΡΙ
1614 349 2098 398 ΒΑΠΤΙΣΜΑΤΟΣ

1023 425 1367 470 ΕΠΙΣΤΟΛΗ.
1378 429 1391 456 ¹

362 521 621 610 Ἰγνάτιος,
661 522 691 575 6
735 524 817 575 καὶ
857 522 1138 614 Θεοφόρος,
1188 525 1415 595 ἐκκλησία
1456 527 1583 576 Θεοῦ
1627 520 1864 608 ἠλεημένῃ
1919 519 1971 570 ἐν
2023 520 2178 570 πίστει

436 594 519 644 καὶ
552 591 808 683 ὑπομονῇ,
842 595 926 645 καὶ
961 593 1122 665 ἀγάπῃ
1159 592 1493 681 ἀνυποκρίτῳ,
1530 598 1587 663 τῇ
1637 587 1759 659 οὔσῃ
1811 589 1864 639 ἐν
1903 589 2179 651 Φιλίπποις,

437 663 588 725 ἔλεος,
642 660 806 750 εἰρηνη
845 661 939 716 ἀπὸ
983 666 1110 716 Θεοῦ
1150 660 1350 747 Πατρὸς
1411 663 1492 714 καὶ
1530 644 1718 728 Κυρίου
1746 658 1908 723 Ἰησοῦ
1949 661 2177 726 Χριστοῦ,

437 730 494 793 ός
527 732 626 783 ἐστι
662 729 819 801 σωτὴρ
853 731 1047 786 πάντων
1083 731 1382 801 ἀνθρώπων,
1421 729 1622 798 μάλιστα
1656 732 1853 779 πιστῶν.

369 877 401 922 l.
476 870 795 937 Μεμνημένοι
811 876 926 957 ιπῆς
973 867 1162 959 ἀγάπης
1205 867 1357 955 ὖμων
1391 868 1472 920 καὶ
1508 872 1613 951 τῆς
1627 867 1679 918 ἐν
1716 869 1910 952 Χριστῷ
1947 866 2183 950 σπουδῆς,

234 932 292 1004 ἧς
340 938 643 1001 ἐνεδείξασθε
678 941 746 1001 εἰς
791 938 947 1006 ἡμᾶς,
980 939 1167 1026 πρέπον
1188 936 1491 1026 ηγησάμεθα
1526 933 1711 1021 γράψαι
1746 931 1879 1020 πρὸς
1917 930 2007 1000 τὴν
2042 931 2183 999 φιλά-

233 1011 412 1072 δελφον
445 1006 583 1095 ὑμῶν
618 1007 740 1061 κατὰ
772 1007 896 1062 Θεὸν
925 1007 1140 1076 ψυχικὴν
1176 1006 1396 1096 ἀγάπην,
1432 1002 1815 1092 ὖπομιμνησκειν
1846 1001 1974 1070 υμᾶς
2007 1008 2095 1055 τοῦ
2132 1003 2184 1054 ἐν

151 1127 153 1129 ,
239 1082 434 1146 Χριστῷ
484 1075 623 1144 ὑμῶν
676 1077 884 1167 δρόμου,
924 1080 1006 1130 ι’να
1042 1077 1094 1130 τὸ
1133 1076 1251 1128 αὐτὸ
1288 1077 1447 1146 λέγητε
1483 1074 1681 1138 πάντες,
1735 1070 2004 1140 σύμψυχοι,
2043 1069 2098 1124 τὸ
2129 1074 2187 1124 ’ἓν

237 1153 546 1213 φρονοῦντες,
569 1153 635 1217 τῷ
673 1147 804 1235 αὐτῷ
837 1146 1007 1200 κανόνι
1042 1154 1144 1232 τῆς
1163 1149 1366 1207 πίστεως
1401 1150 1712 1229 στοιχοῦντες,
1734 1164 1799 1203 ως
1826 1146 2028 1203 Παῦλος
2060 1139 2188 1208 ὑμᾶς

236 1216 499 1269 ἐνουθέτει.
571 1201 641 1267 Εἰ
685 1216 776 1302 γὰρ
827 1214 895 1278 εἷς
949 1218 1077 1269 ἐστὶν
1117 1214 1144 1267 6
1180 1222 1276 1267 τῶν
1313 1214 1438 1267 όλων
1480 1212 1630 1300 Θεὸς,
1671 1210 1700 1264 6
1738 1210 1924 1298 Πατὴρ
1946 1216 2031 1263 τοῦ
2063 1215 2188 1299 Χρι-

238 1291 369 1348 στοῦ,
407 1286 454 1348 ἐξ
490 1279 549 1338 οῦ
584 1284 642 1338 τὰ
677 1285 855 1339 πάντα·
896 1283 963 1348 εἷς
1000 1286 1052 1338 δὲ
1084 1287 1166 1337 καὶ
1205 1282 1231 1336 6
1268 1283 1450 1352 Κύριος
1484 1281 1624 1350 ημῶν
1652 1280 1858 1369 Ἰησοῦς,
1896 1278 1924 1333 6
1946 1286 2044 1332 τῶν
2063 1279 2190 1333 ολων

241 1353 439 1422 Κύριος,
478 1354 545 1407 δι’
588 1349 648 1408 οὗ
683 1354 742 1407 τὰ
774 1354 958 1407 πάντα·
990 1359 1048 1407 ὲν
1083 1355 1134 1406 δὲ
1171 1355 1254 1406 καὶ
1288 1359 1494 1419 Πνεῦμα
1514 1352 1714 1441 Ἀγιον,
1751 1349 1805 1402 τὸ
1845 1352 2108 1438 ἐνεργῆσαν
2138 1351 2190 1402 ἐν

244 1428 427 1510 Μωσῇ
448 1427 528 1476 καὶ
565 1425 839 1494 προφήταις
873 1427 955 1477 καὶ
993 1423 1297 1484 ἀποστόλοις·
1331 1426 1388 1475 ὲν
1425 1422 1476 1474 δὲ
1515 1424 1598 1474 καὶ
1631 1419 1686 1473 τὸ
1722 1421 1981 1509 βάπτισμα,
2032 1418 2086 1472 τὸ
2123 1421 2192 1482 εἷς

238 1491 322 1544 τὸν
357 1490 577 1547 θάνατον
600 1501 688 1546 τοῦ
705 1498 906 1584 Κυρίου
929 1492 1315 1580 διαδιδόμενον·2
1353 1493 1458 1559 μία3
1493 1493 1575 1543 καὶ
1609 1513 1666 1580 ητ
1677 1489 1869 1557 ἐκλεκτὴ
1889 1488 2189 1575 Ἐκκλησία·

240 1563 326 1628 μία
363 1560 565 1627 ὀφείλει4
601 1561 723 1616 εἶναι
756 1566 839 1616 καὶ
873 1587 934 1651 η
940 1585 1062 1615 κατα
1100 1560 1316 1631 Χριστὸν
1349 1563 1520 1622 πίστις.
1594 1556 1687 1621 Εἷς
1721 1558 1827 1649 γὰρ
1847 1558 2058 1648 Κύριος,
2108 1560 2194 1626 μία

239 1633 422 1693 πίστις,
465 1635 523 1684 ἓν
570 1631 836 1699 βάπτισμα,
887 1630 955 1694 εἷς
995 1630 1118 1694 Θεὸς
1153 1633 1233 1684 καὶ
1271 1629 1443 1700 Πατὴρ
1478 1628 1697 1690 πάντων,
1752 1629 1833 1681 καὶ
1869 1628 1951 1681 διὰ
1984 1627 2193 1692 πάντων,

240 1700 323 1751 καὶ
357 1701 409 1752 ἐν
442 1707 604 1753 πᾶσιν.

381 1843 432 1889 ΙΙ.
506 1834 601 1899 Εἷς
635 1832 725 1890 οῦν
766 1836 890 1899 Θεὸς
923 1839 1005 1889 καὶ
1043 1835 1245 1902 Πατὴρ,
1282 1837 1365 1888 καὶ
1401 1834 1458 1888 οὗ
1510 1833 1628 1899 δύο,
1681 1835 1796 1889 οὐδὲ
1847 1842 2001 1922 τρεῖς·
2057 1831 2126 1896 εἷς
2169 1832 2199 1886 6

244 1902 339 1967 ὠν,
376 1906 458 1956 καὶ
493 1904 584 1958 οὐκ
620 1907 734 1958 ἔστι1
768 1905 895 1974 πλὴν
929 1905 1114 1968 αὐτοῦ,
1153 1904 1181 1957 6
1218 1904 1368 1971 μόνος
1419 1877 1683 1971 ἀληθινός·
1723 1903 1909 1995 Κύριος
1949 1902 2069 1991 γὰρ,
2107 1925 2196 1971 φη-

244 1973 347 2034 σὶν,
387 1971 415 2024 6
457 1972 578 2035 Θεός
613 1992 730 2039 σου,
766 1975 952 2064 Κύριος
989 1971 1058 2035 εἷς
1094 1975 1234 2026 ἐστίν.
1240 1975 1258 2000 2
1330 1975 1431 2025 Καὶ
1464 1972 1637 2025 πάλιν·
1673 1973 1773 2040 Οὐχ
1819 1971 1888 2035 εἷς
1927 1971 2051 2034 Θεὸς
2082 1973 2199 2025 ἔκτι-

244 2043 344 2093 σεν3
390 2040 547 2129 ἡμας,-
607 2042 694 2110 οὐχ
743 2041 811 2105 εἷς
849 2041 1020 2130 Πατὴρ
1068 2042 1263 2095 πάντων
1289 2041 1476 2129 ἡμῶν,
1523 2039 1618 2103 Εἷς
1652 2043 1704 2094 δὲ
1739 2043 1823 2095 καὶ
1863 2040 1998 2107 Υἱὸς,
2036 2040 2202 2128 Λόγος

250 2109 385 2172 Θεός.
457 2109 514 2163 O
549 2112 830 2203 μονογενὴς4
864 2111 986 2201 γὰρ,
1008 2115 1174 2180 φησὶν,
1210 2110 1238 2164 6
1275 2110 1343 2164 ὢν
1358 2114 1447 2173 εἰς
1481 2110 1596 2173 τοὺς
1629 2109 1842 2173 κόλπους
1877 2117 1965 2164 τοῦ
1987 2086 2200 2198 ’Πατρός

246 2182 344 2231 Καὶ
393 2179 566 2232 πάλιν·
583 2179 699 2268 ,Εἷς
753 2180 938 2250 Κύριος
974 2181 1162 2248 Ἰησοῦς
1219 2180 1441 2249 Χριστός.
1516 2182 1611 2233 Καὶ
1666 2183 1717 2234 ἐν
1765 2179 1916 2233 άλλω
1959 2179 2062 2232 Τί’
2048 2178 2202 2249 ὄνομα

247 2247 396 2320 αυτῷ,
415 2271 462 2336 η
499 2252 546 2301 τί
581 2250 734 2317 ὄνομα
783 2258 849 2322 τῷ
894 2253 1024 2322 Τῖῷ,
1060 2254 1142 2303 ’ἵνα
1187 2257 1402 2338 γνῶμεν,
1466 2247 1558 2312 Εἷς
1595 2250 1648 2302 δὲ
1682 2252 1766 2303 και
1799 2249 1827 2302 6
1858 2236 2201 2319 Παράκλητος.

234 2303 358 2368 ‘Ev
373 2338 493 2386 γαρ,
529 2321 726 2385 φησὶν,5
763 2323 844 2372 καὶ
882 2325 1116 2386 Πνεῦμα,
1155 2319 1320 2387 ἐπειδὴ
1359 2320 1638 2389 ἐκληθημεν
1674 2321 1726 2372 ἐν
1773 2322 1882 2392 μιιῖι6
1928 2321 2085 2372 ἐλπίδι
2115 2326 2204 2388 τῆς

247 2385 460 2472 κλησεως
505 2386 659 2454 ημῶν.
733 2391 829 2441 Και
884 2390 1057 2441 πάλιν
1095 2389 1192 2441 uEv
1239 2396 1430 2456 πνεῦμα
1478 2390 1828 2479 ἐποτίσθημεν·
1873 2391 1957 2442 καὶ
1990 2387 2049 2441 τὰ
2081 2390 2203 2457 ἑξῆς.

251 2455 424 2507 Πάντα
460 2455 512 2506 δὲ
546 2463 694 2509 ταῦτα
729 2479 787 2509 τα
821 2462 1082 2544 χαρίσματα
1108 2457 1347 2524 δηλονότιῗ
1372 2460 1557 2546 ἐνεργεῖ
1570 2461 1628 2510 ’ἓν
1647 2460 1746 2511 καὶ·
1752 2457 1806 2510 τὸ
1831 2456 1948 2511 αὐτὸ
1981 2463 2202 2546 Πνεῦμα.

256 2523 380 2576 Οὔτε
414 2527 504 2576 οὐν
536 2533 660 2594 τρεῖς
695 2527 923 2616 πατέρες,
958 2525 1067 2579 οὔτε
1101 2535 1225 2617 τρεῖς
1259 2529 1382 2591 υἷοὶ,
1422 2527 1532 2580 ούτε
1566 2535 1692 2596 τρεῖς
1726 2526 2049 2615 παράκλητοι·
2090 2526 2196 2581 ἀλλ’

250 2591 320 2655 εἷς
367 2615 550 2662 πατηρ,
600 2595 683 2647 καὶ
731 2592 799 2656 εἷς
850 2594 988 2659 υίὸς,
1037 2597 1121 2648 καὶ
1179 2593 1248 2658 εἷς
1297 2597 1614 2665 παράκλητος.
1686 2595 1779 2650 Διὸ
1816 2599 1917 2649 καὶ8
1954 2595 1983 2652 6
2019 2598 2204 2666 Κύριος

251 2661 551 2715 ἀποστέλλων
584 2662 697 2726 τοὺς
732 2663 1029 2726 ἀποστόλους
1064 2671 1367 2732 μαθητεῦσαι
1412 2666 1569 2718 πάντα
1614 2664 1673 2717 τὰ
1720 2668 1844 2735 ε’θνη
1860 2669 1896 2732 ,⁹
1945 2668 2202 2721 ἐνετείλατο

342 2859 381 2913 1)
413 2857 628 2927 ἐπιστολὴ
658 2860 826 2900 accessit
865 2872 909 2900 ex
938 2860 988 2910 B,
1026 2859 1092 2900 ubi
1125 2873 1198 2900 nu—
1344 2861 1388 2914 7)
1418 2863 1474 2902 lta
1512 2863 1646 2913 FOV‚
1678 2855 1874 2916 δῆλον“
1846 2877 1922 2904 οτι
1950 2863 1980 2904 Β
2012 2865 2125 2905 Voss.

250 2929 383 2957 merus
414 2911 470 2957 ε’.
1341 2917 1384 2969 8)
1418 2918 1494 2958 καὶ
1524 2932 1599 2959 om.
1622 2895 1664 2959 Β.
1697 2920 1953 2973 Subsequens
1980 2917 2004 2962 ὁ
2032 2920 2202 2962 accessit

339 2972 383 3038 2)
418 2972 518 3012 Dedi
562 2967 902 3039 διαδιδόμενον
949 2986 982 3013 c.
1013 2973 1064 3021 F,
1119 2969 1200 3013 διὰ
1258 2986 1303 3013 ex
1334 2974 1365 3014 Ο
1389 2975 1431 3014 V.

253 3023 508 3084 διδόμενον
537 3028 568 3068 Ο
590 3029 641 3078 V,
678 3025 933 3084 διδόμενον
962 3029 990 3068 Β
1021 3029 1123 3080 vulg.
1340 3028 1386 3082 9)
1417 3028 1557 3083 ἕθνης
1586 3032 1628 3071 V.

340 3043 399 3135 3)
415 3084 525 3147 Vulg.
557 3082 609 3125 δὲ
639 3091 733 3135 post
763 3086 852 3141 μία
883 3084 1031 3124 exclusi
1063 3099 1096 3125 ο.
1126 3084 1197 3125 tri-

255 3140 328 3179 bus
363 3140 461 3180 meis
491 3140 618 3180 Codd.
650 3146 688 3180 et
717 3141 760 3180 F.
1346 3139 1387 3192 1)
1420 3142 1559 3194 Incipit
1591 3146 1760 3185 eiusdem
1793 3146 1843 3185 ad
1853 3146 2122 3196 philippenses
2155 3147 2199 3185 de

339 3195 381 3247 4)
426 3193 590 3251 ὀφείλῃ
643 3196 674 3236 Ο
717 3196 760 3245 V,
808 3196 847 3235 in
901 3196 971 3236 illo
1021 3194 1200 3252 ὀφείλει
1257 3198 1446 3249 baptismo
1477 3201 1623 3251 scripta
1653 3203 1698 3240 de
1738 3203 1925 3240 endamno
1953 3213 2024 3252 per
2053 3202 2199 3252 eupha-

254 3264 357 3292 man.
387 3264 468 3291 sec.
1253 3255 1366 3292 nium
1398 3254 1495 3303 Pal„
1533 3255 1670 3307 Incipit
1701 3257 1731 3296 V
1762 3257 1854 3305 Reg.

340 3307 434 3359 Cap.
467 3308 512 3347 ΙΙ.
576 3306 616 3358 1)
651 3304 780 3348 ἔστι)
815 3307 845 3346 Ο
868 3309 909 3347 V.
1341 3309 1386 3360 2)
1417 3310 1550 3350 lTim.
1583 3313 1622 3360 4,
1659 3312 1722 3352 10.

339 3364 381 3414 2)
411 3364 468 3403 Ita
501 3363 531 3403 Ο
552 3362 595 3412 V,
631 3360 736 3402 ἐστί
762 3363 790 3402 Β
810 3363 923 3413 Voss,
1338 3364 1382 3416 3)
1414 3367 1615 3406 ostenditis
1648 3367 1741 3417 Reg.

341 3419 384 3470 3)
419 3417 571 3459 ἔκτισε
599 3418 643 3457 O.
1344 3421 1387 3472 4)
1419 3420 1468 3459 al.
1500 3423 1636 3462 decens
1670 3435 1756 3462 esse
1789 3421 1879 3462 Cur.

337 3475 382 3525 4)
414 3471 642 3530 ὁμογενὴς
670 3486 709 3525 p.
741 3471 765 3514 6
797 3487 998 3530 μονογει
1004 3473 1052 3528 ὴς
1085 3477 1126 3516 Β.
1342 3477 1385 3527 5)
1415 3479 1543 3517 nostri
1577 3478 1660 3517 Pal.
1692 3479 1784 3529 Reg.

339 3529 384 3582 5)
416 3532 471 3570 Ita
503 3530 534 3569 Ο
556 3530 598 3578 V,
629 3529 743 3584 φησὶ
775 3531 802 3570 Β
823 3532 851 3570 F
882 3532 995 3572 Voss.
1340 3531 1383 3583 6)
1414 3533 1469 3571 ait
1500 3533 1582 3572 Pal.
1613 3535 1743 3574 Locus
1776 3534 1957 3575 laudatus
1988 3541 2048 3575 est
2070 3535 2087 3575 1
2109 3535 2199 3577 Cor.

339 3586 383 3637 6)
412 3588 501 3643 μίᾳ
533 3584 627 3637 (sic)
659 3586 700 3627 B
1257 3586 1295 3636 8,
1327 3587 1365 3627 6·
