2340 3900
220 183 320 232 262

229 314 319 368 οὐκ
356 315 636 398 ε’γείρονται,
671 310 906 401 φάγωμεν
942 314 1025 365 καὶ
1059 314 1172 366 πίω-

229 405 340 469 μεν,
399 380 570 449 αὔριον
629 378 719 449 γὰρ
782 380 1173 450 ἀποθνησκομεν.

227 451 368 504 Οὕτω
404 451 456 502 δὲ
489 452 804 516 διακείμενοι,
843 453 889 502 τί
933 454 1177 519 διοίσομεν

228 519 356 573 ὄνων
404 521 487 572 καὶ
534 522 765 582 κυνῶν,10
801 521 852 572 οἵ
892 521 1042 588 μηδὲν
1089 528 1176 618 τοιῦ

229 590 480 657 μέλλοντος
544 591 907 656 φροντίζοντες,
983 589 1172 679 μόνον11

229 665 315 711 τοῦ
350 665 524 726 φαγεῖν
560 661 918 726 φροντίζουσιν,
958 663 1026 723 εἰς
1040 660 1174 748 όρε-

230 732 302 791 ξιν
338 727 582 816 ἐρχόμενοι
613 729 696 779 καὶ
730 734 825 780 τῶν
860 727 976 795 μετὰ
1005 729 1058 783 τὸ
1083 752 1174 796 φα-

229 805 354 866 γεῐνς
413 795 757 850 ἀνεπίστατοιιῖ
804 796 897 868 γάρ
946 801 1036 852 εἰσι
1088 806 1174 853 τοῦ

228 873 345 932 νοῦ,
384 872 470 919 τοῦ
505 872 760 930 κινοῦντος
795 869 1012 922 ἔνδοθεν.

228 1013 314 1058 hus
359 1012 633 1062 hominibus

709 1013 756 1060 Si
799 1015 965 1061 mortui
1014 1029 1103 1060 non
1155 1019 1422 1073 resurgunt,

507 183 709 230 IGNATII
747 181 1015 228 EPlSToLA
1054 183 1127 229 ΑΙ)
1168 181 1891 232 TARSENSES.V11.V111.1X.

1233 321 1279 368 Si
1314 325 1481 370 mortui
1530 338 1621 370 non
1673 324 1941 380 resurgunt,
1988 317 2170 365 mandu-

1237 387 1411 438 cemus⁷
1448 400 1493 439 et
1527 393 1756 445 bibamus;
1808 388 2002 433 crastina
2051 388 2171 434 enim

1233 462 1493 507 moriemur.
1498 459 1509 479 ‘
1560 461 1603 506 Si
1633 465 1778 505 autem
1799 457 1863 501 sic
1886 455 2172 512 contidimuS,

1235 545 1348 589 quae
1409 537 1480 577 est
1541 527 1796 575 differentia
1842 525 2074 570 hominum
2130 532 2176 570 et

1233 613 1390 644 canum
1427 599 1492 644 vel
1531 598 1778 649 asinorum,
1827 594 1905 652 qui
1942 592 2083 638 nichil
2121 593 2175 639 de

1233 668 1383 713 futuro
1415 667 1638 727 cogitant3
1666 663 1740 724 qui
1766 662 2057 707 comestionis
2082 667 2174 707 tan—

1236 735 1466 781 tummodo
1505 734 1783 795 appetitores
1823 737 1956 786 sunt,
1990 736 2035 776 et
2071 738 2177 791 post

1235 805 1558 850 comestionem
1575 802 1703 847 inscii
1723 805 1842 855 sunt,
1859 799 1969 858 quid
1988 799 2176 845 interius

1236 873 1496 918 moveatur?

1472 1011 1797 1057 manducemus
1852 1013 1898 1052 et
1947 1005 2179 1063 hlbamus;

230 1096 330 1127 cras
370 1082 488 1129 enim
520 1081 795 1129 moriemur.‘
866 1083 940 1130 Sic
997 1091 1141 1129 autem
1181 1082 1354 1137 affecti,
1395 1081 1502 1141 quid
1555 1079 1817 1124 differemus
1856 1075 1910 1121 ab
1958 1076 2096 1139 asinis
2134 1083 2181 1122 et

232 1149 443 1207 canibus,
494 1152 570 1211 qui
609 1153 706 1198 sine
759 1152 851 1198 ulla
888 1153 1139 1199 futurorum
1179 1166 1286 1197 cura
1326 1149 1597 1196 de‘edendo
1640 1153 1809 1193 tantum
1847 1144 2028 1190 solliciti
2061 1151 2179 1199 sunt,

228 1218 303 1264 ubi
355 1220 580 1280 appetitus
628 1222 782 1278 adest,
831 1228 876 1268 et
927 1222 981 1268 de
1032 1222 1110 1276 iis,

232 1288 351 1333 enim
391 1288 523 1342 illud,
564 1291 686 1350 quod
721 1291 910 1336 interius
944 1297 1105 1336 movet.

336 1431 443 1477 Vlll.
488 1423 727 1493 Ὀναίμην
757 1425 895 1493 ὑμῶν
914 1427 966 1479 ἐν
993 1427 1176 1496 Κυρίῳ.

234 1490 459 1561 Νήφετε·
522 1501 684 1548 πᾶσαν
751 1496 949 1557 εκαστος
1004 1497 1179 1548 κακίαν

231 1562 514 1624 ἀπόθεσθε,
563 1566 646 1617 καὶ
692 1563 777 1617 τὸν
823 1564 1049 1633 θηριώδη
1086 1573 1179 1617 θυ-

230 1630 340 1698 μὸν,
377 1633 680 1698 καταλαλιαν,
706 1637 1051 1700 συκοφαντίαν,
1079 1637 1179 1686 αἰσ-

230 1704 497 1770 χρολογίαν,
513 1701 838 1771 εὐτραπελίαν,
857 1702 1180 1772 ψιθυρισμὸν,

231 1773 488 1836 φυσίωσιν,
523 1773 699 1839 μέθην,
736 1776 975 1856 λαγνείαν,
1013 1780 1178 1840 φιλαρ·

230 1842 426 1925 γυρίαν,
477 1844 786 1905 φιλοδοξίαν,
836 1840 1061 1905 φθόνον,
1098 1842 1180 1893 καὶ

230 1914 330 1960 πᾶν
364 1906 417 1960 τὸ
454 1907 641 1971 τούτοις
667 1909 900 1997 συνῳδόν.
940 1908 1180 1962 Ἐνδύσα-

233 1986 325 2030 σθε
373 1978 425 2029 δὲ
472 1976 556 2030 τὸν
586 1967 775 2044 Κύριον
821 1978 960 2047 ἡμῶν
988 1978 1181 2046 Ἰησοῦν

238 2045 465 2133 Χριστὸν,
503 2069 585 2099 και
619 2054 707 2115 τῆς
744 2048 924 2117 σαρκὸς
945 2048 1180 2115 πρόνοιαν

231 2114 297 2182 μὴ
344 2119 582 2170 ποιεῖσθε1
640 2120 708 2179 εἰς
756 2121 1034 2185 ἐπιθυμίας.
1119 2121 1183 2170 Οἱ

231 2184 570 2270 πρεσβύτεροᾈι
606 2186 942 2241 υποτασσεσθε
978 2194 1044 2260 τῷ
1084 2189 1182 2240 ἔπι-

233 2254 426 2341 σκόπῳ,
452 2258 503 2309 οἱ
535 2256 767 2321 διάκονοι,
803 2266 905 2319 τοῖς
926 2243 1182 2325 πρεσβυτέ-

233 2342 360 2392 ροις·
399 2323 426 2376 6
460 2324 592 2389 λαός,
621 2334 722 2388 τοῖς
725 2329 1082 2415 πρεσβυτέροις
1102 2329 1184 2380 καὶ

233 2401 335 2454 τοῖς
383 2393 639 2456 διακόνοις.
725 2395 1039 2464 Ἀντίψυχος2
1084 2396 1182 2484 ἐγώ

233 2468 330 2515 τῶν
366 2462 702 2527 φυλαττόντων
721 2465 899 2534 ταύτην
932 2466 1022 2533 τὴν
1049 2465 1183 2518 εὔτα-

235 2534 364 2594 ξίαν·
402 2533 485 2584 καὶ
523 2531 553 2585 6
576 2532 762 2603 Κύριος
792 2537 867 2603 εἴη
893 2535 992 2603 μετ’
1024 2534 1186 2588 αὐτῶν

235 2603 480 2668 διηνεκῶς.

373 2746 443 2791 IX.
498 2740 580 2826 Ὀἵ
620 2737 807 2807 ανδρες,
855 2742 1063 2811 στέργετε
1097 2740 1183 2804 τὰς

234 2805 438 2894 γαμετὰς
480 2807 643 2873 ὑμῶν·
682 2811 737 2860 αἱ
780 2819 1032 2878 γυναῖκες,
1069 2810 1182 2873 τοὺς

236 2875 523 2946 ὁμοζύγους·
561 2880 613 2930 οἷ
642 2881 836 2945 παῖδες,
874 2879 989 2942 τοὺς
1022 2889 1182 2951 γονεῖς

327 3073 397 3127 10)
434 3074 511 3115 καὶ
539 3076 693 3117 κυνῶν
723 3089 798 3116 om.
833 3077 863 3117 Ο
885 3079 927 3118 V.

323 3130 393 3182 11)
425 3130 574 3187 μόνου
606 3143 638 3171 c.
678 3131 705 3171 C
729 3133 785 3182 D,
815 3129 965 3204 μόνον
998 3136 1024 3175 Β
1047 3136 1074 3174 F
1098 3135 1127 3175 Ο
1153 3135 1182 3174 V

236 3187 339 3238 vulg
384 3187 483 3228 Tum
514 3186 635 3229 εἰσὶν
662 3185 889 3255 ὀρεκτικοὶ
918 3203 959 3242 p.
990 3193 1183 3246 φροντί-

239 3243 406 3293 ζουσιν,
440 3244 507 3290 εἰς
536 3238 691 3299 ὄρεξιν
719 3240 962 3302 ἐρχόμενοι
995 3249 1023 3287 Β
1048 3247 1078 3287 Ο
1101 3248 1143 3287 V.

325 3298 397 3352 12)
429 3297 733 3340 &mmmmm
785 3314 818 3341 c
865 3301 891 3341 C
913 3303 965 3353 D,
1018 3301 1182 3344 ἀνεπί-

238 3365 398 3407 στητοι
429 3356 456 3395 Β
477 3356 605 3404 Voss„
642 3353 1004 3412 ἀνεπιστάτητοι
1035 3360 1063 3399 F
1086 3359 1117 3399 Ο
1138 3360 1179 3399 V.

236 3410 335 3450 Dein
367 3411 489 3453 εἰσιν
525 3409 606 3453 τὸν
643 3414 756 3454 νοῦν
786 3413 814 3452 Β
836 3414 867 3454 Ο
889 3416 930 3455 V.
972 3416 1068 3455 Post
1095 3415 1181 3467 pri-

236 3479 339 3506 mam
359 3467 553 3519 syllabam
571 3467 678 3507 verbi
698 3481 772 3510 κιν
774 3471 935 3517 οῦντος
957 3470 1183 3535 (κοινοῦν-

240 3536 317 3567 τος
352 3523 402 3575 Ο)
433 3523 574 3563 finiunt
604 3523 730 3564 Codd.
769 3524 797 3564 C
820 3527 867 3576 D,
897 3527 1013 3567 sicuti
1045 3527 1145 3567 Med.

325 3578 541 3629 Cap.V111.
604 3579 643 3631 1)
676 3582 879 3633 ποιῆσθε
910 3583 1001 3623 OV.

324 3633 367 3686 2)
403 3631 662 3690 ἀντίψυχον
698 3635 729 3675 Ο
754 3637 796 3677 V.

1165 1235 1282 1280 quae
1321 1219 1466 1265 cibum
1506 1213 1882 1276 subsequuntur?

1967 1213 2184 1259 Nesciunt

1340 1431 1445 1476 Vlll.
1516 1421 1764 1489 Adquisivi¹
1789 1442 1868 1474 vos
1895 1428 1940 1473 in
1976 1427 2182 1474 Domino.

1235 1493 1493 1547 Elaborate²
1524 1499 1838 1558 unusquisque
1861 1511 2041 1543 omnem
2059 1497 2182 1543 mali-

1239 1572 1344 1616 tiam
1371 1570 1618 1630 deponere,
1657 1573 1701 1613 et
1737 1567 1939 1613 ferocem
1973 1567 2183 1622 animum,

1239 1646 1284 1685 et
1312 1630 1655 1697 maliloquium,³
1674 1642 1719 1681 et
1732 1635 2011 1692 calumniam,
2031 1643 2074 1682 et
2095 1642 2186 1682 tur-

1242 1709 1513 1769 piloquium,
1566 1699 1744 1750 malam⁴
1782 1706 2184 1759 conversationem,

1237 1777 1623 1829 susurrationem,
1707 1772 1986 1820 inflationem
2065 1773 2185 1819 mali-

1237 1860 1392 1904 gnam,
1441 1845 1696 1898 avaritiam,
1756 1842 1933 1887 inanem
1981 1842 2185 1903 gloriam,

1238 1913 1461 1967 invidiam,
1486 1920 1529 1956 et
1556 1911 1718 1965 omnia,
1758 1904 1894 1969 quae⁵
1931 1912 2002 1957 his
2028 1911 2187 1958 similia

1238 1987 1356 2026 sunt.
1427 1980 1616 2035 ,lnduite
1655 1986 1801 2024 autem
1838 1979 2071 2026 Dominum
2110 1994 2188 2025 no·

1239 2057 1379 2095 strum
1405 2050 1548 2094 lesum
1582 2048 1822 2102 Christum,
1861 2054 1906 2092 et
1930 2049 2078 2094 carnis
2114 2062 2188 2093 cu-

1240 2112 1356 2164 ram⁶
1394 2132 1450 2163 ne
1478 2116 1677 2163 feceritis
1702 2116 1745 2160 in
1773 2116 2189 2177 concupiscentiis.‘

1238 2187 1502 2247 Presbyteri
1541 2185 1708 2231 subditi
1747 2179 1910 2231 estote⁷
1946 2186 2188 2247 Episcopo,

1239 2257 1423 2302 Diaconi
1484 2255 1795 2315 Presbyteris,
1842 2255 2038 2315 populus
2093 2255 2188 2302 Dia-

1241 2326 1384 2371 coniS.
1455 2326 1543 2370 Pro
1601 2322 1835 2369 animabus
1894 2324 2009 2370 hanc
2069 2325 2188 2372 ordi·

1240 2395 1467 2440 nationem
1496 2392 1856 2439 custodientibus
1883 2407 1966 2454 ego
1992 2393 2188 2439 efficiar:

1242 2471 1288 2509 et
1314 2463 1528 2509 Dominus
1553 2464 1612 2508 sit
1638 2476 1740 2507 cum
1762 2461 1828 2507 eis
1865 2461 2188 2508 indesinenter.

1344 2751 1413 2796 IX.
1485 2751 1758 2798 Commendo
1805 2751 1963 2806 vobis,
2016 2765 2042 2796 o
2087 2752 2185 2809 viri,

1240 2820 1410 2881 diligite
1470 2822 1687 2881 coniuges
1746 2827 1944 2867 vestras:
2005 2826 2051 2866 et
2104 2835 2185 2867 vos

1237 2890 1464 2947 mulieres,
1503 2890 1674 2950 diligite
1705 2904 1942 2951 compares
1978 2883 2188 2936 vestros.¹

1324 3078 1370 3123 7)
1405 3092 1493 3130 erqo
1525 3078 1616 3119 add.
1653 3078 1735 3119 Pal.
1765 3079 1859 3130 Reg.

1325 3135 1419 3186 Cap.
1452 3135 1553 3176 Vlll.
1618 3134 1656 3187 1)
1686 3136 1844 3187 Aequisi
1873 3135 1955 3176 Pal.

1324 3191 1368 3238 2)
1396 3197 1432 3231 et
1463 3193 1635 3231 laborate
1667 3191 1750 3230 Pal.
1781 3191 1873 3241 Reg.

1330 3245 1374 3298 3)
1404 3249 1629 3299 maliloquia
1660 3248 1752 3296 Reg.

1322 3301 1365 3354 4)
1395 3308 1430 3342 et
1460 3305 1602 3343 malam
1638 3302 1720 3342 Pal.

1322 3357 1366 3410 5)
1397 3360 1464 3410 qui
1494 3359 1577 3398 Pal.

1327 3413 1369 3466 6)
1401 3419 1437 3453 et
1467 3427 1597 3454 curam
1623 3415 1753 3454 carnis
1784 3414 1877 3464 Reg.
1917 3414 1975 3456 Cf.
2007 3416 2056 3455 ad
2087 3416 2186 3456 haec

1239 3471 1349 3510 Rom.
1388 3470 1451 3516 13,
1486 3471 1546 3510 14.

1320 3525 1364 3576 7)
1395 3530 1516 3566 estote
1541 3526 1758 3577 presbyteri
1794 3528 1942 3566 subditi
1977 3528 2059 3568 Pal.
2091 3525 2184 3579 Reg.

1324 3581 1417 3632 Cap.
1451 3582 1511 3622 IX.
1554 3580 1594 3634 1)
1626 3594 1820 3633 compares
1850 3588 1998 3624 vestros
2030 3585 2182 3636 ditique

1238 3638 1331 3688 Reg.
