<?xml version="1.0" encoding="UTF-8"?>
<!DOCTYPE html PUBLIC "-//W3C//DTD XHTML 1.0 Transitional//EN"
    "http://www.w3.org/TR/xhtml1/DTD/xhtml1-transitional.dtd">
<html xmlns="http://www.w3.org/1999/xhtml" xml:lang="en" lang="en">
 <head>
  <title>
</title>
<meta http-equiv="Content-Type" content="text/html;charset=utf-8" />
  <meta name='ocr-system' content='tesseract 3.04.00' />
  <meta name='ocr-capabilities' content='ocr_page ocr_carea ocr_par ocr_line ocrx_word'/>
</head>
<body>
  <div class='ocr_page' id='page_1' title='image "./patrumapostolico00dresuoft/patrumapostolico00dresuoft_0359.png"; bbox 0 0 2340 3900; ppageno 0'>
   <div class='ocr_carea' id='block_1_1' title="bbox 342 155 2126 214">
    <p class='ocr_par' dir='ltr' id='par_1_1' title="bbox 342 155 2126 214">
     <span class='ocr_line' id='line_1_1' title="bbox 342 155 2126 214; baseline -0.003 -2"><span class='ocrx_word' id='word_1_1' title='bbox 342 163 566 214; x_wconf 77' lang='lat' dir='ltr'><strong>IGNA’I&#39;II&#39;</strong></span> <span class='ocrx_word' id='word_1_2' title='bbox 584 155 861 211; x_wconf 63' lang='lat' dir='ltr'>11³1st</span> <span class='ocrx_word' id='word_1_3' title='bbox 892 163 963 209; x_wconf 78' lang='lat' dir='ltr'>An</span> <span class='ocrx_word' id='word_1_4' title='bbox 1000 162 1403 211; x_wconf 72' lang='lat' dir='ltr'><strong>HAGNESIANOS.</strong></span> <span class='ocrx_word' id='word_1_5' title='bbox 1455 164 1526 210; x_wconf 83' lang='lat' dir='ltr'>XI.</span> <span class='ocrx_word' id='word_1_6' title='bbox 1563 161 1655 210; x_wconf 81' lang='grc' dir='ltr'>ΧΠ.</span> <span class='ocrx_word' id='word_1_7' title='bbox 1689 159 1801 209; x_wconf 85' lang='lat' dir='ltr'><strong>XIII.</strong></span> <span class='ocrx_word' id='word_1_8' title='bbox 1835 159 1944 207; x_wconf 87' lang='lat' dir='ltr'><strong>XIV.</strong></span> <span class='ocrx_word' id='word_1_9' title='bbox 2026 155 2126 207; x_wconf 83' lang='lat'>253</span> 
     </span>
    </p>
   </div>
   <div class='ocr_carea' id='block_1_2' title="bbox 159 297 2125 848">
    <p class='ocr_par' dir='ltr' id='par_1_2' title="bbox 159 297 2125 848">
     <span class='ocr_line' id='line_1_2' title="bbox 165 297 2125 365; baseline -0.004 -14"><span class='ocrx_word' id='word_1_10' title='bbox 165 304 308 351; x_wconf 81' lang='lat' dir='ltr'>Deum</span> <span class='ocrx_word' id='word_1_11' title='bbox 339 304 529 351; x_wconf 59' lang='lat' dir='ltr'>Panum</span> <span class='ocrx_word' id='word_1_12' title='bbox 550 313 686 349; x_wconf 85' lang='lat' dir='ltr'>suum</span> <span class='ocrx_word' id='word_1_13' title='bbox 722 299 1032 349; x_wconf 73' lang='lat' dir='ltr'>annunciavit:</span> <span class='ocrx_word' id='word_1_14' title='bbox 1069 308 1116 348; x_wconf 86' lang='lat' dir='ltr'>et</span> <span class='ocrx_word' id='word_1_15' title='bbox 1150 303 1412 363; x_wconf 82' lang='lat' dir='ltr'>passionem</span> <span class='ocrx_word' id='word_1_16' title='bbox 1447 302 1655 365; x_wconf 85' lang='lat' dir='ltr'>pertulit,</span> <span class='ocrx_word' id='word_1_17' title='bbox 1691 307 1742 350; x_wconf 89' lang='lat' dir='ltr'>et</span> <span class='ocrx_word' id='word_1_18' title='bbox 1773 299 1829 349; x_wconf 84' lang='lat' dir='ltr'>ab</span> <span class='ocrx_word' id='word_1_19' title='bbox 1866 297 2125 347; x_wconf 80' lang='lat' dir='ltr'>interfecto·</span> 
     </span>
     <span class='ocr_line' id='line_1_3' title="bbox 165 368 2122 432; baseline -0.003 -12"><span class='ocrx_word' id='word_1_20' title='bbox 165 372 294 420; x_wconf 85' lang='lat' dir='ltr'>ribus</span> <span class='ocrx_word' id='word_1_21' title='bbox 328 372 425 420; x_wconf 89' lang='lat' dir='ltr'>suis</span> <span class='ocrx_word' id='word_1_22' title='bbox 461 369 642 418; x_wconf 87' lang='lat' dir='ltr'>ludaeis</span> <span class='ocrx_word' id='word_1_23' title='bbox 674 369 761 417; x_wconf 86' lang='lat' dir='ltr'>suh</span> <span class='ocrx_word' id='word_1_24' title='bbox 796 369 961 416; x_wconf 88' lang='lat' dir='ltr'>Pontio</span> <span class='ocrx_word' id='word_1_25' title='bbox 997 368 1141 416; x_wconf 80' lang='lat' dir='ltr'>Pilato</span> <span class='ocrx_word' id='word_1_26' title='bbox 1177 371 1391 419; x_wconf 84' lang='lat' dir='ltr'>Praeside</span> <span class='ocrx_word' id='word_1_27' title='bbox 1439 380 1486 420; x_wconf 90' lang='lat' dir='ltr'>et</span> <span class='ocrx_word' id='word_1_28' title='bbox 1530 372 1713 421; x_wconf 82' lang='lat' dir='ltr'>Herode</span> <span class='ocrx_word' id='word_1_29' title='bbox 1761 370 1884 432; x_wconf 77' lang='lat' dir='ltr'>Rege</span> <span class='ocrx_word' id='word_1_30' title='bbox 1937 380 2122 416; x_wconf 88' lang='lat' dir='ltr'>crucem</span> 
     </span>
     <span class='ocr_line' id='line_1_4' title="bbox 166 436 2125 500; baseline -0.002 -12"><span class='ocrx_word' id='word_1_31' title='bbox 166 440 396 495; x_wconf 72' lang='lat' dir='ltr'><strong>sustinuit,</strong></span> <span class='ocrx_word' id='word_1_32' title='bbox 431 445 480 486; x_wconf 86' lang='lat' dir='ltr'>et</span> <span class='ocrx_word' id='word_1_33' title='bbox 511 443 723 486; x_wconf 86' lang='lat' dir='ltr'>mortuus</span> <span class='ocrx_word' id='word_1_34' title='bbox 757 444 830 486; x_wconf 87' lang='lat' dir='ltr'>est</span> <span class='ocrx_word' id='word_1_35' title='bbox 864 445 1001 500; x_wconf 88' lang='lat' dir='ltr'>atque</span> <span class='ocrx_word' id='word_1_36' title='bbox 1037 440 1302 496; x_wconf 75' lang='lat' dir='ltr'>resurrexit,</span> <span class='ocrx_word' id='word_1_37' title='bbox 1341 442 1457 488; x_wconf 89' lang='lat' dir='ltr'>etin</span> <span class='ocrx_word' id='word_1_38' title='bbox 1481 441 1633 489; x_wconf 88' lang='lat' dir='ltr'>caelos</span> <span class='ocrx_word' id='word_1_39' title='bbox 1654 439 1862 489; x_wconf 84' lang='lat' dir='ltr'>ascendit</span> <span class='ocrx_word' id='word_1_40' title='bbox 1893 437 1950 486; x_wconf 85' lang='lat' dir='ltr'>ad</span> <span class='ocrx_word' id='word_1_41' title='bbox 1985 436 2125 495; x_wconf 88' lang='lat' dir='ltr'>illum,</span> 
     </span>
     <span class='ocr_line' id='line_1_5' title="bbox 165 499 2125 572; baseline -0.001 -16"><span class='ocrx_word' id='word_1_42' title='bbox 165 510 243 569; x_wconf 81' lang='lat' dir='ltr'>qui</span> <span class='ocrx_word' id='word_1_43' title='bbox 276 508 400 556; x_wconf 80' lang='lat' dir='ltr'>misit</span> <span class='ocrx_word' id='word_1_44' title='bbox 432 499 576 564; x_wconf 84' lang='lat' dir='ltr'>eum,⁸</span> <span class='ocrx_word' id='word_1_45' title='bbox 609 514 658 554; x_wconf 90' lang='lat' dir='ltr'>et</span> <span class='ocrx_word' id='word_1_46' title='bbox 690 500 842 555; x_wconf 80' lang='lat' dir='ltr'>sedet&#39;</span> <span class='ocrx_word' id='word_1_47' title='bbox 876 507 934 554; x_wconf 88' lang='lat' dir='ltr'>ad</span> <span class='ocrx_word' id='word_1_48' title='bbox 952 507 1216 555; x_wconf 79' lang='lat' dir='ltr'>&#39;dexteram</span> <span class='ocrx_word' id='word_1_49' title='bbox 1237 509 1348 566; x_wconf 91' lang='lat' dir='ltr'>eius,</span> <span class='ocrx_word' id='word_1_50' title='bbox 1386 516 1693 572; x_wconf 85' lang='lat' dir='ltr'>venturusque</span> <span class='ocrx_word' id='word_1_51' title='bbox 1728 516 1800 557; x_wconf 90' lang='lat' dir='ltr'>est</span> <span class='ocrx_word' id='word_1_52' title='bbox 1831 509 1878 556; x_wconf 89' lang='lat' dir='ltr'>in</span> <span class='ocrx_word' id='word_1_53' title='bbox 1916 519 2125 555; x_wconf 89' lang='lat' dir='ltr'>consum-</span> 
     </span>
     <span class='ocr_line' id='line_1_6' title="bbox 160 576 2124 638; baseline 0.001 -15"><span class='ocrx_word' id='word_1_54' title='bbox 160 577 358 624; x_wconf 89' lang='lat' dir='ltr'>matione</span> <span class='ocrx_word' id='word_1_55' title='bbox 394 576 539 624; x_wconf 86' lang='lat' dir='ltr'>secuIi</span> <span class='ocrx_word' id='word_1_56' title='bbox 573 577 621 623; x_wconf 88' lang='lat' dir='ltr'>in</span> <span class='ocrx_word' id='word_1_57' title='bbox 657 576 805 638; x_wconf 78' lang='lat' dir='ltr'>gloria</span> <span class='ocrx_word' id='word_1_58' title='bbox 834 583 1024 638; x_wconf 84' lang='lat' dir='ltr'>paterna</span> <span class='ocrx_word' id='word_1_59' title='bbox 1062 576 1265 624; x_wconf 85' lang='lat' dir='ltr'>iudicare</span> <span class='ocrx_word' id='word_1_60' title='bbox 1315 579 1437 625; x_wconf 89' lang='lat' dir='ltr'>vivos</span> <span class='ocrx_word' id='word_1_61' title='bbox 1473 586 1518 625; x_wconf 92' lang='lat' dir='ltr'>et</span> <span class='ocrx_word' id='word_1_62' title='bbox 1560 586 1794 636; x_wconf 88' lang='lat' dir='ltr'>mortuos,</span> <span class='ocrx_word' id='word_1_63' title='bbox 1846 583 1893 626; x_wconf 85' lang='lat' dir='ltr'>et</span> <span class='ocrx_word' id='word_1_64' title='bbox 1928 576 2124 625; x_wconf 77' lang='lat' dir='ltr'>reddere</span> 
     </span>
     <span class='ocr_line' id='line_1_7' title="bbox 162 639 2124 710; baseline 0.001 -19"><span class='ocrx_word' id='word_1_65' title='bbox 162 645 406 706; x_wconf 84' lang='lat' dir='ltr'>unicuique</span> <span class='ocrx_word' id='word_1_66' title='bbox 442 645 697 693; x_wconf 87' lang='lat' dir='ltr'>secundum</span> <span class='ocrx_word' id='word_1_67' title='bbox 733 659 873 708; x_wconf 85' lang='lat' dir='ltr'>opera</span> <span class='ocrx_word' id='word_1_68' title='bbox 907 639 1027 693; x_wconf 82' lang='lat' dir='ltr'>sua-⁸</span> <span class='ocrx_word' id='word_1_69' title='bbox 1095 645 1218 692; x_wconf 89' lang='lat' dir='ltr'>Haec</span> <span class='ocrx_word' id='word_1_70' title='bbox 1255 646 1332 707; x_wconf 88' lang='lat' dir='ltr'>qui</span> <span class='ocrx_word' id='word_1_71' title='bbox 1370 648 1415 692; x_wconf 89' lang='lat' dir='ltr'>in</span> <span class='ocrx_word' id='word_1_72' title='bbox 1469 647 1605 708; x_wconf 90' lang='lat' dir='ltr'>pleno</span> <span class='ocrx_word' id='word_1_73' title='bbox 1645 649 1911 710; x_wconf 84' lang='lat' dir='ltr'>cognoverit</span> <span class='ocrx_word' id='word_1_74' title='bbox 1945 653 1993 694; x_wconf 91' lang='lat' dir='ltr'>et</span> <span class='ocrx_word' id='word_1_75' title='bbox 2028 659 2124 693; x_wconf 88' lang='lat' dir='ltr'>cre·</span> 
     </span>
     <span class='ocr_line' id='line_1_8' title="bbox 161 713 2125 778; baseline 0.001 -17"><span class='ocrx_word' id='word_1_76' title='bbox 161 713 340 772; x_wconf 72' lang='lat' dir='ltr'>diderit,</span> <span class='ocrx_word' id='word_1_77' title='bbox 374 713 536 762; x_wconf 81' lang='lat' dir='ltr'>beatus</span> <span class='ocrx_word' id='word_1_78' title='bbox 573 722 669 762; x_wconf 84' lang='lat' dir='ltr'>est:</span> <span class='ocrx_word' id='word_1_79' title='bbox 702 714 937 778; x_wconf 81' lang='lat' dir='ltr'>quomodo</span> <span class='ocrx_word' id='word_1_80' title='bbox 974 722 1022 762; x_wconf 91' lang='lat' dir='ltr'>et</span> <span class='ocrx_word' id='word_1_81' title='bbox 1055 728 1152 762; x_wconf 89' lang='lat' dir='ltr'>vos.</span> <span class='ocrx_word' id='word_1_82' title='bbox 1171 715 1305 762; x_wconf 89' lang='lat' dir='ltr'>amici</span> <span class='ocrx_word' id='word_1_83' title='bbox 1342 715 1436 772; x_wconf 85' lang='lat' dir='ltr'>Dei,</span> <span class='ocrx_word' id='word_1_84' title='bbox 1476 722 1522 762; x_wconf 89' lang='lat' dir='ltr'>et</span> <span class='ocrx_word' id='word_1_85' title='bbox 1558 725 1784 764; x_wconf 85' lang='lat' dir='ltr'>amatores</span> <span class='ocrx_word' id='word_1_86' title='bbox 1808 717 1978 763; x_wconf 80' lang='lat' dir='ltr'>Christi</span> <span class='ocrx_word' id='word_1_87' title='bbox 2014 716 2125 762; x_wconf 89' lang='lat' dir='ltr'>estis</span> 
     </span>
     <span class='ocr_line' id='line_1_9' title="bbox 159 776 1985 848; baseline 0.002 -20"><span class='ocrx_word' id='word_1_88' title='bbox 159 784 205 829; x_wconf 91' lang='lat' dir='ltr'>in</span> <span class='ocrx_word' id='word_1_89' title='bbox 238 782 521 846; x_wconf 82' lang='lat' dir='ltr'>plenitudine</span> <span class='ocrx_word' id='word_1_90' title='bbox 559 785 661 846; x_wconf 91' lang='lat' dir='ltr'>spei</span> <span class='ocrx_word' id='word_1_91' title='bbox 695 776 919 843; x_wconf 82' lang='lat' dir='ltr'>nostrae,’</span> <span class='ocrx_word' id='word_1_92' title='bbox 955 798 980 831; x_wconf 85' lang='lat' dir='ltr'>a</span> <span class='ocrx_word' id='word_1_93' title='bbox 1017 798 1106 846; x_wconf 88' lang='lat' dir='ltr'>qua</span> <span class='ocrx_word' id='word_1_94' title='bbox 1140 783 1251 831; x_wconf 91' lang='lat' dir='ltr'>nulli</span> <span class='ocrx_word' id='word_1_95' title='bbox 1285 779 1527 832; x_wconf 88' lang='lat' dir='ltr'>vestrum¹⁰</span> <span class='ocrx_word' id='word_1_96' title='bbox 1564 786 1699 833; x_wconf 87' lang='lat' dir='ltr'>averti</span> <span class='ocrx_word' id='word_1_97' title='bbox 1737 787 1985 848; x_wconf 82' lang='lat' dir='ltr'>contingat.</span> 
     </span>
    </p>
   </div>
   <div class='ocr_carea' id='block_1_3' title="bbox 149 913 2125 1814">
    <p class='ocr_par' dir='ltr' id='par_1_3' title="bbox 149 913 2125 1814">
     <span class='ocr_line' id='line_1_10' title="bbox 293 913 2124 977; baseline 0.001 -17"><span class='ocrx_word' id='word_1_98' title='bbox 293 913 385 960; x_wconf 82' lang='lat' dir='ltr'><strong>XII.</strong></span> <span class='ocrx_word' id='word_1_99' title='bbox 455 915 688 977; x_wconf 78' lang='lat' dir='ltr'>Adquisivi</span> <span class='ocrx_word' id='word_1_100' title='bbox 735 929 818 962; x_wconf 87' lang='lat' dir='ltr'>vos</span> <span class='ocrx_word' id='word_1_101' title='bbox 870 916 915 962; x_wconf 91' lang='lat' dir='ltr'>in</span> <span class='ocrx_word' id='word_1_102' title='bbox 965 914 1204 972; x_wconf 77' lang='lat' dir='ltr'>omnihuS‚</span> <span class='ocrx_word' id='word_1_103' title='bbox 1251 915 1476 977; x_wconf 87' lang='lat' dir='ltr'>siquidem</span> <span class='ocrx_word' id='word_1_104' title='bbox 1528 915 1692 976; x_wconf 84' lang='lat' dir='ltr'>dignus</span> <span class='ocrx_word' id='word_1_105' title='bbox 1737 930 1836 962; x_wconf 88' lang='lat' dir='ltr'>ero.</span> <span class='ocrx_word' id='word_1_106' title='bbox 1908 915 1955 962; x_wconf 92' lang='lat' dir='ltr'>Si</span> <span class='ocrx_word' id='word_1_107' title='bbox 2002 916 2124 963; x_wconf 90' lang='lat' dir='ltr'>enim</span> 
     </span>
     <span class='ocr_line' id='line_1_11' title="bbox 154 978 2123 1041; baseline 0.001 -11"><span class='ocrx_word' id='word_1_108' title='bbox 154 983 328 1031; x_wconf 86' lang='lat' dir='ltr'>vinctus</span> <span class='ocrx_word' id='word_1_109' title='bbox 364 997 479 1041; x_wconf 89' lang='lat' dir='ltr'>sum,</span> <span class='ocrx_word' id='word_1_110' title='bbox 516 984 600 1032; x_wconf 89' lang='lat' dir='ltr'>sed</span> <span class='ocrx_word' id='word_1_111' title='bbox 635 984 693 1033; x_wconf 88' lang='lat' dir='ltr'>ad</span> <span class='ocrx_word' id='word_1_112' title='bbox 730 978 1021 1032; x_wconf 89' lang='lat' dir='ltr'>solutionem¹</span> <span class='ocrx_word' id='word_1_113' title='bbox 1058 985 1259 1032; x_wconf 90' lang='lat' dir='ltr'>omnium</span> <span class='ocrx_word' id='word_1_114' title='bbox 1279 991 1478 1032; x_wconf 73' lang='lat' dir='ltr'>vestrum</span> <span class='ocrx_word' id='word_1_115' title='bbox 1516 997 1606 1030; x_wconf 92' lang='lat' dir='ltr'>non</span> <span class='ocrx_word' id='word_1_116' title='bbox 1632 999 1732 1031; x_wconf 93' lang='lat' dir='ltr'>sum</span> <span class='ocrx_word' id='word_1_117' title='bbox 1754 986 1944 1031; x_wconf 91' lang='lat' dir='ltr'>vinctus.</span> <span class='ocrx_word' id='word_1_118' title='bbox 2015 983 2123 1031; x_wconf 89' lang='lat' dir='ltr'>Scio</span> 
     </span>
     <span class='ocr_line' id='line_1_12' title="bbox 155 1053 2125 1142; baseline 0 -42"><span class='ocrx_word' id='word_1_119' title='bbox 155 1053 299 1109; x_wconf 87' lang='lat' dir='ltr'>enim,</span> <span class='ocrx_word' id='word_1_120' title='bbox 346 1054 451 1115; x_wconf 86' lang='lat' dir='ltr'>quia</span> <span class='ocrx_word' id='word_1_121' title='bbox 486 1067 579 1101; x_wconf 90' lang='lat' dir='ltr'>non</span> <span class='ocrx_word' id='word_1_122' title='bbox 615 1054 864 1111; x_wconf 82' lang='lat' dir='ltr'>inflamini,</span> <span class='ocrx_word' id='word_1_123' title='bbox 901 1055 1006 1115; x_wconf 87' lang='lat' dir='ltr'>quia</span> <span class='ocrx_word' id='word_1_124' title='bbox 1042 1054 1190 1102; x_wconf 91' lang='lat' dir='ltr'>lesum</span> <span class='ocrx_word' id='word_1_125' title='bbox 1227 1053 1407 1101; x_wconf 85' lang='lat' dir='ltr'>habetis</span> <span class='ocrx_word' id='word_1_126' title='bbox 1458 1055 1501 1100; x_wconf 88' lang='lat' dir='ltr'>in</span> <span class='ocrx_word' id='word_1_127' title='bbox 1541 1053 1684 1100; x_wconf 89' lang='lat' dir='ltr'>vobis.</span> <span class='ocrx_word' id='word_1_128' title='bbox 1754 1054 1809 1100; x_wconf 85' lang='lat' dir='ltr'>Et</span> <span class='ocrx_word' id='word_1_129' title='bbox 1843 1054 1985 1142; x_wconf 50' lang='lat' dir='ltr'>mag&#39;is</span> <span class='ocrx_word' id='word_1_130' title='bbox 2024 1067 2125 1100; x_wconf 90' lang='lat' dir='ltr'>cum</span> 
     </span>
     <span class='ocr_line' id='line_1_13' title="bbox 154 1122 2124 1185; baseline -0.001 -16"><span class='ocrx_word' id='word_1_131' title='bbox 154 1122 395 1170; x_wconf 78' lang='lat' dir='ltr'>laudavero</span> <span class='ocrx_word' id='word_1_132' title='bbox 430 1137 526 1180; x_wconf 85' lang='lat' dir='ltr'>vos,</span> <span class='ocrx_word' id='word_1_133' title='bbox 563 1125 675 1182; x_wconf 88' lang='lat' dir='ltr'>scio,</span> <span class='ocrx_word' id='word_1_134' title='bbox 714 1125 822 1185; x_wconf 84' lang='lat' dir='ltr'>quia</span> <span class='ocrx_word' id='word_1_135' title='bbox 857 1124 1143 1181; x_wconf 88' lang='lat' dir='ltr'>reveremini,</span> <span class='ocrx_word' id='word_1_136' title='bbox 1178 1124 1299 1170; x_wconf 89' lang='lat' dir='ltr'>sicut</span> <span class='ocrx_word' id='word_1_137' title='bbox 1332 1124 1554 1185; x_wconf 89' lang='lat' dir='ltr'>scriptum</span> <span class='ocrx_word' id='word_1_138' title='bbox 1593 1129 1678 1179; x_wconf 90' lang='lat' dir='ltr'>est,</span> <span class='ocrx_word' id='word_1_139' title='bbox 1716 1123 1927 1184; x_wconf 84' lang='lat' dir='ltr'>quoniam</span> <span class='ocrx_word' id='word_1_140' title='bbox 1974 1122 2124 1170; x_wconf 85' lang='lat' dir='ltr'>Iustus</span> 
     </span>
     <span class='ocr_line' id='line_1_14' title="bbox 154 1185 2123 1255; baseline -0.001 -16"><span class='ocrx_word' id='word_1_141' title='bbox 154 1192 227 1239; x_wconf 88' lang='lat' dir='ltr'>sui</span> <span class='ocrx_word' id='word_1_142' title='bbox 267 1199 507 1239; x_wconf 82' lang='lat' dir='ltr'>aecusator</span> <span class='ocrx_word' id='word_1_143' title='bbox 552 1200 624 1240; x_wconf 87' lang='lat' dir='ltr'>est</span> <span class='ocrx_word' id='word_1_144' title='bbox 659 1194 705 1240; x_wconf 90' lang='lat' dir='ltr'>in</span> <span class='ocrx_word' id='word_1_145' title='bbox 755 1194 1008 1255; x_wconf 87' lang='lat' dir='ltr'>primordio</span> <span class='ocrx_word' id='word_1_146' title='bbox 1047 1194 1292 1240; x_wconf 87' lang='lat' dir='ltr'>sermonis.</span> <span class='ocrx_word' id='word_1_147' title='bbox 1365 1193 1440 1250; x_wconf 89' lang='lat' dir='ltr'>Et,</span> <span class='ocrx_word' id='word_1_148' title='bbox 1478 1193 1557 1239; x_wconf 89' lang='lat' dir='ltr'>Dic</span> <span class='ocrx_word' id='word_1_149' title='bbox 1595 1198 1642 1239; x_wconf 90' lang='lat' dir='ltr'>tu</span> <span class='ocrx_word' id='word_1_150' title='bbox 1656 1185 1689 1249; x_wconf 81' lang='lat'>,³</span> <span class='ocrx_word' id='word_1_151' title='bbox 1726 1193 1898 1254; x_wconf 89' lang='lat' dir='ltr'>inquit,</span> <span class='ocrx_word' id='word_1_152' title='bbox 1948 1193 2123 1254; x_wconf 85' lang='lat' dir='ltr'>primus</span> 
     </span>
     <span class='ocr_line' id='line_1_15' title="bbox 155 1255 2122 1323; baseline -0.001 -14"><span class='ocrx_word' id='word_1_153' title='bbox 155 1268 342 1323; x_wconf 79' lang='lat' dir='ltr'>peecata</span> <span class='ocrx_word' id='word_1_154' title='bbox 379 1269 469 1320; x_wconf 85' lang='lat' dir='ltr'>tua,</span> <span class='ocrx_word' id='word_1_155' title='bbox 506 1269 554 1309; x_wconf 92' lang='lat' dir='ltr'>ut</span> <span class='ocrx_word' id='word_1_156' title='bbox 591 1262 869 1311; x_wconf 83' lang='lat' dir='ltr'>iustificeris.</span> <span class='ocrx_word' id='word_1_157' title='bbox 938 1262 1005 1321; x_wconf 84' lang='lat' dir='ltr'>Et,</span> <span class='ocrx_word' id='word_1_158' title='bbox 1043 1262 1154 1309; x_wconf 88' lang='lat' dir='ltr'>Cum</span> <span class='ocrx_word' id='word_1_159' title='bbox 1189 1262 1405 1320; x_wconf 77' lang='lat' dir='ltr'>feceritiS,</span> <span class='ocrx_word' id='word_1_160' title='bbox 1443 1255 1623 1323; x_wconf 81' lang='lat' dir='ltr'>inquit‚⁴</span> <span class='ocrx_word' id='word_1_161' title='bbox 1659 1262 1809 1308; x_wconf 86' lang='lat' dir='ltr'>omnia</span> <span class='ocrx_word' id='word_1_162' title='bbox 1847 1275 1963 1323; x_wconf 84' lang='lat' dir='ltr'>quae</span> <span class='ocrx_word' id='word_1_163' title='bbox 2000 1274 2122 1307; x_wconf 86' lang='lat' dir='ltr'>man-</span> 
     </span>
     <span class='ocr_line' id='line_1_16' title="bbox 156 1323 2123 1390; baseline -0.001 -13"><span class='ocrx_word' id='word_1_164' title='bbox 156 1330 259 1377; x_wconf 85' lang='lat' dir='ltr'>data</span> <span class='ocrx_word' id='word_1_165' title='bbox 305 1323 414 1379; x_wconf 82' lang='lat' dir='ltr'>s⁰unt</span> <span class='ocrx_word' id='word_1_166' title='bbox 457 1331 615 1390; x_wconf 86' lang='lat' dir='ltr'>vobis,</span> <span class='ocrx_word' id='word_1_167' title='bbox 664 1333 825 1380; x_wconf 86' lang='lat' dir='ltr'>dicite:</span> <span class='ocrx_word' id='word_1_168' title='bbox 875 1332 1005 1381; x_wconf 89' lang='lat' dir='ltr'>Servi</span> <span class='ocrx_word' id='word_1_169' title='bbox 1041 1332 1223 1380; x_wconf 89' lang='lat' dir='ltr'>inutiles</span> <span class='ocrx_word' id='word_1_170' title='bbox 1261 1346 1432 1379; x_wconf 92' lang='lat' dir='ltr'>sumus.</span> <span class='ocrx_word' id='word_1_171' title='bbox 1505 1332 1725 1389; x_wconf 85' lang='lat' dir='ltr'>Quoniam</span> <span class='ocrx_word' id='word_1_172' title='bbox 1763 1332 1807 1377; x_wconf 91' lang='lat' dir='ltr'>in</span> <span class='ocrx_word' id='word_1_173' title='bbox 1846 1330 2123 1386; x_wconf 89' lang='lat' dir='ltr'>hominibus,</span> 
     </span>
     <span class='ocr_line' id='line_1_17' title="bbox 157 1394 2124 1464; baseline -0.002 -17"><span class='ocrx_word' id='word_1_174' title='bbox 157 1401 322 1461; x_wconf 81' lang='lat' dir='ltr'>quise</span> <span class='ocrx_word' id='word_1_175' title='bbox 356 1401 642 1460; x_wconf 78' lang='lat' dir='ltr'>exaltaverit,</span> <span class='ocrx_word' id='word_1_176' title='bbox 693 1402 918 1464; x_wconf 85' lang='lat' dir='ltr'>delinquit</span> <span class='ocrx_word' id='word_1_177' title='bbox 966 1409 1070 1449; x_wconf 88' lang='lat' dir='ltr'>ante</span> <span class='ocrx_word' id='word_1_178' title='bbox 1117 1402 1271 1449; x_wconf 90' lang='lat' dir='ltr'>Deum.</span> <span class='ocrx_word' id='word_1_179' title='bbox 1343 1403 1459 1448; x_wconf 87' lang='lat' dir='ltr'>Dicit</span> <span class='ocrx_word' id='word_1_180' title='bbox 1509 1402 1630 1448; x_wconf 90' lang='lat' dir='ltr'>enim</span> <span class='ocrx_word' id='word_1_181' title='bbox 1677 1394 1843 1447; x_wconf 73' lang='lat' dir='ltr'>Deus:5</span> <span class='ocrx_word' id='word_1_182' title='bbox 1895 1399 2124 1461; x_wconf 85' lang='lat' dir='ltr'>Propitius</span> 
     </span>
     <span class='ocr_line' id='line_1_18' title="bbox 157 1468 2123 1535; baseline -0.001 -19"><span class='ocrx_word' id='word_1_183' title='bbox 157 1468 303 1517; x_wconf 84' lang='lat' dir='ltr'>Iactus</span> <span class='ocrx_word' id='word_1_184' title='bbox 339 1485 440 1518; x_wconf 87' lang='lat' dir='ltr'>sum</span> <span class='ocrx_word' id='word_1_185' title='bbox 476 1473 724 1533; x_wconf 84' lang='lat' dir='ltr'>peccatori.</span> <span class='ocrx_word' id='word_1_186' title='bbox 794 1472 989 1535; x_wconf 87' lang='lat' dir='ltr'>Propter</span> <span class='ocrx_word' id='word_1_187' title='bbox 1020 1471 1143 1534; x_wconf 87' lang='lat' dir='ltr'>quod</span> <span class='ocrx_word' id='word_1_188' title='bbox 1185 1471 1334 1534; x_wconf 82' lang='lat' dir='ltr'>magni</span> <span class='ocrx_word' id='word_1_189' title='bbox 1371 1472 1448 1529; x_wconf 87' lang='lat' dir='ltr'>illi,</span> <span class='ocrx_word' id='word_1_190' title='bbox 1474 1470 1700 1517; x_wconf 87' lang='lat' dir='ltr'>Abraham</span> <span class='ocrx_word' id='word_1_191' title='bbox 1738 1475 1785 1517; x_wconf 91' lang='lat' dir='ltr'>et</span> <span class='ocrx_word' id='word_1_192' title='bbox 1819 1469 1915 1527; x_wconf 90' lang='lat' dir='ltr'>lob,</span> <span class='ocrx_word' id='word_1_193' title='bbox 1953 1475 2123 1516; x_wconf 87' lang='lat' dir='ltr'>terram</span> 
     </span>
     <span class='ocr_line' id='line_1_19' title="bbox 153 1532 2123 1604; baseline -0.002 -17"><span class='ocrx_word' id='word_1_194' title='bbox 153 1545 202 1586; x_wconf 85' lang='lat' dir='ltr'>et</span> <span class='ocrx_word' id='word_1_195' title='bbox 234 1539 437 1588; x_wconf 84' lang='lat' dir='ltr'>cinerem</span> <span class='ocrx_word' id='word_1_196' title='bbox 468 1541 762 1604; x_wconf 79' lang='lat' dir='ltr'>semetipsos</span> <span class='ocrx_word' id='word_1_197' title='bbox 797 1549 903 1590; x_wconf 85' lang='lat' dir='ltr'>ante</span> <span class='ocrx_word' id='word_1_198' title='bbox 940 1541 1082 1590; x_wconf 83' lang='lat' dir='ltr'>Deum</span> <span class='ocrx_word' id='word_1_199' title='bbox 1117 1534 1503 1591; x_wconf 79' lang='lat' dir='ltr'>nominaverunt.⁶</span> <span class='ocrx_word' id='word_1_200' title='bbox 1574 1540 1628 1587; x_wconf 89' lang='lat' dir='ltr'>Et</span> <span class='ocrx_word' id='word_1_201' title='bbox 1652 1539 1817 1586; x_wconf 87' lang='lat' dir='ltr'>David:</span> <span class='ocrx_word' id='word_1_202' title='bbox 1854 1532 1984 1596; x_wconf 77' lang='lat' dir='ltr'>Quis⁷</span> <span class='ocrx_word' id='word_1_203' title='bbox 2024 1551 2123 1585; x_wconf 91' lang='lat' dir='ltr'>sum</span> 
     </span>
     <span class='ocr_line' id='line_1_20' title="bbox 153 1602 2122 1673; baseline -0.002 -17"><span class='ocrx_word' id='word_1_204' title='bbox 153 1622 257 1670; x_wconf 75' lang='lat' dir='ltr'>ego,</span> <span class='ocrx_word' id='word_1_205' title='bbox 293 1609 368 1668; x_wconf 82' lang='lat' dir='ltr'>ait,</span> <span class='ocrx_word' id='word_1_206' title='bbox 406 1623 563 1658; x_wconf 86' lang='lat' dir='ltr'>eoram</span> <span class='ocrx_word' id='word_1_207' title='bbox 594 1617 639 1659; x_wconf 87' lang='lat' dir='ltr'>te</span> <span class='ocrx_word' id='word_1_208' title='bbox 674 1611 877 1669; x_wconf 76' lang='lat' dir='ltr'>Domine,</span> <span class='ocrx_word' id='word_1_209' title='bbox 919 1611 1134 1673; x_wconf 85' lang='lat' dir='ltr'>quoniam</span> <span class='ocrx_word' id='word_1_210' title='bbox 1171 1610 1436 1673; x_wconf 84' lang='lat' dir='ltr'>glorificasti</span> <span class='ocrx_word' id='word_1_211' title='bbox 1474 1624 1546 1658; x_wconf 91' lang='lat' dir='ltr'>me</span> <span class='ocrx_word' id='word_1_212' title='bbox 1583 1623 1731 1671; x_wconf 90' lang='lat' dir='ltr'>usque</span> <span class='ocrx_word' id='word_1_213' title='bbox 1770 1602 1944 1656; x_wconf 58' lang='lat' dir='ltr'>nauci13</span> <span class='ocrx_word' id='word_1_214' title='bbox 2013 1607 2122 1654; x_wconf 84' lang='lat' dir='ltr'>Nam</span> 
     </span>
     <span class='ocr_line' id='line_1_21' title="bbox 151 1674 2122 1742; baseline 0.001 -19"><span class='ocrx_word' id='word_1_215' title='bbox 151 1683 200 1723; x_wconf 89' lang='lat' dir='ltr'>et</span> <span class='ocrx_word' id='word_1_216' title='bbox 231 1677 431 1741; x_wconf 61' lang='lat' dir='ltr'>Moyses,</span> <span class='ocrx_word' id='word_1_217' title='bbox 466 1694 607 1742; x_wconf 86' lang='lat' dir='ltr'>supra</span> <span class='ocrx_word' id='word_1_218' title='bbox 640 1695 800 1730; x_wconf 90' lang='lat' dir='ltr'>omnes</span> <span class='ocrx_word' id='word_1_219' title='bbox 849 1682 1059 1729; x_wconf 88' lang='lat' dir='ltr'>homines</span> <span class='ocrx_word' id='word_1_220' title='bbox 1095 1674 1528 1738; x_wconf 81' lang='lat' dir='ltr'>mansuetissimuS‚⁰</span> <span class='ocrx_word' id='word_1_221' title='bbox 1562 1681 1673 1728; x_wconf 88' lang='lat' dir='ltr'>dicit</span> <span class='ocrx_word' id='word_1_222' title='bbox 1708 1679 1765 1726; x_wconf 89' lang='lat' dir='ltr'>ad</span> <span class='ocrx_word' id='word_1_223' title='bbox 1801 1678 1967 1726; x_wconf 88' lang='lat' dir='ltr'>Deum:</span> <span class='ocrx_word' id='word_1_224' title='bbox 2017 1677 2122 1724; x_wconf 88' lang='lat' dir='ltr'>Gra-</span> 
     </span>
     <span class='ocr_line' id='line_1_22' title="bbox 149 1744 2123 1814; baseline -0.003 -17"><span class='ocrx_word' id='word_1_225' title='bbox 149 1744 252 1794; x_wconf 73' lang='lat' dir='ltr'>cilis</span> <span class='ocrx_word' id='word_1_226' title='bbox 288 1761 403 1797; x_wconf 83' lang='lat' dir='ltr'>voce</span> <span class='ocrx_word' id='word_1_227' title='bbox 438 1756 486 1798; x_wconf 87' lang='lat' dir='ltr'>et</span> <span class='ocrx_word' id='word_1_228' title='bbox 519 1751 678 1799; x_wconf 86' lang='lat' dir='ltr'>tardus</span> <span class='ocrx_word' id='word_1_229' title='bbox 713 1750 868 1814; x_wconf 77' lang='lat' dir='ltr'>lingua</span> <span class='ocrx_word' id='word_1_230' title='bbox 903 1765 1003 1799; x_wconf 90' lang='lat' dir='ltr'>sum</span> <span class='ocrx_word' id='word_1_231' title='bbox 1042 1745 1183 1813; x_wconf 83' lang='lat' dir='ltr'>ego.¹⁰</span> <span class='ocrx_word' id='word_1_232' title='bbox 1250 1750 1450 1798; x_wconf 87' lang='lat' dir='ltr'>Humiles</span> <span class='ocrx_word' id='word_1_233' title='bbox 1487 1763 1600 1812; x_wconf 85' lang='lat' dir='ltr'>ergo</span> <span class='ocrx_word' id='word_1_234' title='bbox 1637 1754 1785 1797; x_wconf 89' lang='lat' dir='ltr'>estote</span> <span class='ocrx_word' id='word_1_235' title='bbox 1822 1754 1868 1796; x_wconf 90' lang='lat' dir='ltr'>et</span> <span class='ocrx_word' id='word_1_236' title='bbox 1900 1760 1982 1794; x_wconf 85' lang='lat' dir='ltr'>vos</span> <span class='ocrx_word' id='word_1_237' title='bbox 2021 1746 2123 1809; x_wconf 91' lang='lat' dir='ltr'>ipsi,</span> 
     </span>
    </p>
   </div>
   <div class='ocr_carea' id='block_1_4' title="bbox 148 1816 2122 1938">
    <p class='ocr_par' dir='ltr' id='par_1_4' title="bbox 148 1816 2122 1938">
     <span class='ocr_line' id='line_1_23' title="bbox 148 1816 2122 1936; baseline -0.004 -67"><span class='ocrx_word' id='word_1_238' title='bbox 148 1816 510 1936; x_wconf 46' lang='lat' dir='ltr'>:mia</span> <span class='ocrx_word' id='word_1_239' title='bbox 571 1819 657 1879; x_wconf 84' lang='lat' dir='ltr'>Qui</span> <span class='ocrx_word' id='word_1_240' title='bbox 692 1822 814 1870; x_wconf 91' lang='lat' dir='ltr'>enim</span> <span class='ocrx_word' id='word_1_241' title='bbox 852 1835 903 1869; x_wconf 91' lang='lat' dir='ltr'>se</span> <span class='ocrx_word' id='word_1_242' title='bbox 939 1821 1256 1878; x_wconf 84' lang='lat' dir='ltr'>humiliaverit,</span> <span class='ocrx_word' id='word_1_243' title='bbox 1283 1819 1564 1879; x_wconf 84' lang='lat' dir='ltr'>exaltabitur,</span> <span class='ocrx_word' id='word_1_244' title='bbox 1597 1826 1643 1874; x_wconf 85' lang='lat' dir='ltr'>et</span> <span class='ocrx_word' id='word_1_245' title='bbox 1671 1819 1748 1881; x_wconf 89' lang='lat' dir='ltr'>qui</span> <span class='ocrx_word' id='word_1_246' title='bbox 1774 1832 1825 1866; x_wconf 92' lang='lat' dir='ltr'>se</span> <span class='ocrx_word' id='word_1_247' title='bbox 1848 1817 2122 1875; x_wconf 79' lang='lat' dir='ltr'>exaltaverit,</span> 
     </span>
     <span class='ocr_line' id='line_1_24' title="bbox 366 1902 472 1938; baseline 0.028 -3"><span class='ocrx_word' id='word_1_248' title='bbox 366 1902 381 1935; x_wconf 90' lang='grc' dir='ltr'>ι</span> <span class='ocrx_word' id='word_1_249' title='bbox 460 1928 472 1938; x_wconf 95' lang='grc'><strong>.</strong></span> 
     </span>
    </p>
   </div>
   <div class='ocr_carea' id='block_1_5' title="bbox 150 2011 2122 2410">
    <p class='ocr_par' dir='ltr' id='par_1_5' title="bbox 150 2011 2122 2410">
     <span class='ocr_line' id='line_1_25' title="bbox 288 2011 2119 2077; baseline -0.001 -17"><span class='ocrx_word' id='word_1_250' title='bbox 288 2011 402 2060; x_wconf 79' lang='lat' dir='ltr'>xm.</span> <span class='ocrx_word' id='word_1_251' title='bbox 470 2013 661 2063; x_wconf 85' lang='lat' dir='ltr'>Studete</span> <span class='ocrx_word' id='word_1_252' title='bbox 697 2015 851 2076; x_wconf 87' lang='lat' dir='ltr'>itaque</span> <span class='ocrx_word' id='word_1_253' title='bbox 887 2014 1151 2062; x_wconf 80' lang='lat' dir='ltr'>confirmari</span> <span class='ocrx_word' id='word_1_254' title='bbox 1199 2016 1243 2062; x_wconf 89' lang='lat' dir='ltr'>in</span> <span class='ocrx_word' id='word_1_255' title='bbox 1282 2014 1570 2077; x_wconf 82' lang='lat' dir='ltr'>dogmatibus</span> <span class='ocrx_word' id='word_1_256' title='bbox 1612 2013 1786 2062; x_wconf 88' lang='lat' dir='ltr'>Domini</span> <span class='ocrx_word' id='word_1_257' title='bbox 1839 2018 1885 2060; x_wconf 93' lang='lat' dir='ltr'>et</span> <span class='ocrx_word' id='word_1_258' title='bbox 1929 2014 2119 2073; x_wconf 82' lang='lat' dir='ltr'>Aposto-</span> 
     </span>
     <span class='ocr_line' id='line_1_26' title="bbox 150 2079 2122 2147; baseline 0 -20"><span class='ocrx_word' id='word_1_259' title='bbox 150 2079 322 2138; x_wconf 82' lang='lat' dir='ltr'>lorum,</span> <span class='ocrx_word' id='word_1_260' title='bbox 371 2090 424 2130; x_wconf 91' lang='lat' dir='ltr'>ut</span> <span class='ocrx_word' id='word_1_261' title='bbox 452 2097 508 2131; x_wconf 77' lang='lat' dir='ltr'>ex</span> <span class='ocrx_word' id='word_1_262' title='bbox 541 2083 767 2142; x_wconf 83' lang='lat' dir='ltr'>omnihus,</span> <span class='ocrx_word' id='word_1_263' title='bbox 801 2097 920 2145; x_wconf 84' lang='lat' dir='ltr'>quae</span> <span class='ocrx_word' id='word_1_264' title='bbox 957 2083 1130 2142; x_wconf 77' lang='lat' dir='ltr'>facitis,</span> <span class='ocrx_word' id='word_1_265' title='bbox 1169 2085 1425 2147; x_wconf 75' lang='lat' dir='ltr'>dIrigamini</span> <span class='ocrx_word' id='word_1_266' title='bbox 1460 2084 1505 2130; x_wconf 89' lang='lat' dir='ltr'>in</span> <span class='ocrx_word' id='word_1_267' title='bbox 1541 2084 1657 2131; x_wconf 86' lang='lat' dir='ltr'>viam</span> <span class='ocrx_word' id='word_1_268' title='bbox 1693 2089 1867 2131; x_wconf 87' lang='lat' dir='ltr'>rectam</span> <span class='ocrx_word' id='word_1_269' title='bbox 1902 2095 2042 2128; x_wconf 87' lang='lat' dir='ltr'>carne</span> <span class='ocrx_word' id='word_1_270' title='bbox 2076 2088 2122 2128; x_wconf 94' lang='lat' dir='ltr'>et</span> 
     </span>
     <span class='ocr_line' id='line_1_27' title="bbox 151 2150 2122 2215; baseline 0 -18"><span class='ocrx_word' id='word_1_271' title='bbox 151 2151 331 2212; x_wconf 79' lang='lat' dir='ltr'>spiritu.</span> <span class='ocrx_word' id='word_1_272' title='bbox 366 2150 460 2200; x_wconf 74' lang='lat' dir='ltr'>fide</span> <span class='ocrx_word' id='word_1_273' title='bbox 495 2160 545 2200; x_wconf 92' lang='lat' dir='ltr'>et</span> <span class='ocrx_word' id='word_1_274' title='bbox 581 2152 841 2210; x_wconf 85' lang='lat' dir='ltr'>dilectione,</span> <span class='ocrx_word' id='word_1_275' title='bbox 877 2167 982 2200; x_wconf 87' lang='lat' dir='ltr'>cum</span> <span class='ocrx_word' id='word_1_276' title='bbox 1020 2153 1196 2202; x_wconf 86' lang='lat' dir='ltr'>honore</span> <span class='ocrx_word' id='word_1_277' title='bbox 1234 2154 1374 2215; x_wconf 82' lang='lat' dir='ltr'>digno</span> <span class='ocrx_word' id='word_1_278' title='bbox 1399 2153 1628 2215; x_wconf 85' lang='lat' dir='ltr'>Episcopo</span> <span class='ocrx_word' id='word_1_279' title='bbox 1663 2158 1831 2209; x_wconf 89' lang='lat' dir='ltr'>vestro,</span> <span class='ocrx_word' id='word_1_280' title='bbox 1867 2158 1915 2199; x_wconf 90' lang='lat' dir='ltr'>et</span> <span class='ocrx_word' id='word_1_281' title='bbox 1949 2164 2122 2198; x_wconf 88' lang='lat' dir='ltr'>corona</span> 
     </span>
     <span class='ocr_line' id='line_1_28' title="bbox 152 2211 2120 2286; baseline 0 -19"><span class='ocrx_word' id='word_1_282' title='bbox 152 2214 310 2281; x_wconf 64' lang='lat' dir='ltr'>‘ligno&#39;</span> <span class='ocrx_word' id='word_1_283' title='bbox 342 2227 480 2283; x_wconf 79' lang='lat' dir='ltr'>atque</span> <span class='ocrx_word' id='word_1_284' title='bbox 515 2222 764 2285; x_wconf 87' lang='lat' dir='ltr'>sprirituali</span> <span class='ocrx_word' id='word_1_285' title='bbox 801 2221 1032 2285; x_wconf 85' lang='lat' dir='ltr'>Stephano</span> <span class='ocrx_word' id='word_1_286' title='bbox 1070 2223 1347 2286; x_wconf 82' lang='lat' dir='ltr'>Presbytero</span> <span class='ocrx_word' id='word_1_287' title='bbox 1382 2229 1551 2279; x_wconf 89' lang='lat' dir='ltr'>vestro,</span> <span class='ocrx_word' id='word_1_288' title='bbox 1587 2229 1635 2270; x_wconf 92' lang='lat' dir='ltr'>et</span> <span class='ocrx_word' id='word_1_289' title='bbox 1670 2221 1920 2270; x_wconf 86' lang='lat' dir='ltr'>secundum</span> <span class='ocrx_word' id='word_1_290' title='bbox 1956 2211 2120 2267; x_wconf 68' lang='lat' dir='ltr'>Deum⁵¹</span> 
     </span>
     <span class='ocr_line' id='line_1_29' title="bbox 152 2287 2120 2355; baseline 0 -20"><span class='ocrx_word' id='word_1_291' title='bbox 152 2287 375 2337; x_wconf 69' lang='lat' dir='ltr'>niaco-is.</span> <span class='ocrx_word' id='word_1_292' title='bbox 445 2290 650 2340; x_wconf 81' lang='lat' dir='ltr'>Subiecti</span> <span class='ocrx_word' id='word_1_293' title='bbox 686 2299 833 2340; x_wconf 81' lang='lat' dir='ltr'>estote</span> <span class='ocrx_word' id='word_1_294' title='bbox 868 2291 1100 2355; x_wconf 77' lang='lat' dir='ltr'>Episcopo</span> <span class='ocrx_word' id='word_1_295' title='bbox 1135 2299 1182 2340; x_wconf 91' lang='lat' dir='ltr'>et</span> <span class='ocrx_word' id='word_1_296' title='bbox 1214 2293 1419 2350; x_wconf 89' lang='lat' dir='ltr'>invicem,</span> <span class='ocrx_word' id='word_1_297' title='bbox 1459 2292 1690 2354; x_wconf 89' lang='lat' dir='ltr'>quomodo</span> <span class='ocrx_word' id='word_1_298' title='bbox 1727 2291 1856 2338; x_wconf 89' lang='lat' dir='ltr'>Iesus</span> <span class='ocrx_word' id='word_1_299' title='bbox 1892 2288 2030 2346; x_wconf 88' lang='lat' dir='ltr'>Patri,</span> <span class='ocrx_word' id='word_1_300' title='bbox 2069 2296 2120 2335; x_wconf 90' lang='lat' dir='ltr'>ut</span> 
     </span>
     <span class='ocr_line' id='line_1_30' title="bbox 152 2356 1071 2410; baseline 0.007 -7"><span class='ocrx_word' id='word_1_301' title='bbox 152 2356 250 2405; x_wconf 84' lang='lat' dir='ltr'>lans</span> <span class='ocrx_word' id='word_1_302' title='bbox 284 2359 347 2406; x_wconf 87' lang='lat' dir='ltr'>sit</span> <span class='ocrx_word' id='word_1_303' title='bbox 379 2359 425 2406; x_wconf 89' lang='lat' dir='ltr'>in</span> <span class='ocrx_word' id='word_1_304' title='bbox 461 2361 590 2409; x_wconf 82' lang='lat' dir='ltr'>vobis</span> <span class='ocrx_word' id='word_1_305' title='bbox 624 2361 880 2410; x_wconf 84' lang='lat' dir='ltr'>secundum</span> <span class='ocrx_word' id='word_1_306' title='bbox 916 2360 1071 2410; x_wconf 77' lang='lat' dir='ltr'>neum.</span> 
     </span>
    </p>
   </div>
   <div class='ocr_carea' id='block_1_6' title="bbox 146 2479 2118 2897">
    <p class='ocr_par' dir='ltr' id='par_1_6' title="bbox 146 2479 2118 2897">
     <span class='ocr_line' id='line_1_31' title="bbox 286 2479 2118 2550; baseline -0.001 -19"><span class='ocrx_word' id='word_1_307' title='bbox 286 2482 398 2536; x_wconf 79' lang='lat' dir='ltr'>xlv,</span> <span class='ocrx_word' id='word_1_308' title='bbox 467 2479 654 2534; x_wconf 67' lang='lat' dir='ltr'>Videns¹</span> <span class='ocrx_word' id='word_1_309' title='bbox 689 2499 771 2534; x_wconf 89' lang='lat' dir='ltr'>vos</span> <span class='ocrx_word' id='word_1_310' title='bbox 807 2485 1010 2549; x_wconf 87' lang='lat' dir='ltr'>repletos</span> <span class='ocrx_word' id='word_1_311' title='bbox 1047 2486 1260 2535; x_wconf 88' lang='lat' dir='ltr'>omnibus</span> <span class='ocrx_word' id='word_1_312' title='bbox 1296 2485 1446 2545; x_wconf 74' lang='lat' dir='ltr'>boniS,</span> <span class='ocrx_word' id='word_1_313' title='bbox 1484 2486 1809 2550; x_wconf 84' lang='lat' dir='ltr'>compendiose</span> <span class='ocrx_word' id='word_1_314' title='bbox 1846 2485 2002 2547; x_wconf 83' lang='lat' dir='ltr'>rogavi</span> <span class='ocrx_word' id='word_1_315' title='bbox 2037 2497 2118 2530; x_wconf 86' lang='lat' dir='ltr'>vos</span> 
     </span>
     <span class='ocr_line' id='line_1_32' title="bbox 147 2550 2117 2614; baseline 0.001 -15"><span class='ocrx_word' id='word_1_316' title='bbox 147 2550 193 2599; x_wconf 85' lang='lat' dir='ltr'>in</span> <span class='ocrx_word' id='word_1_317' title='bbox 228 2551 475 2603; x_wconf 80' lang='lat' dir='ltr'>dilectione</span> <span class='ocrx_word' id='word_1_318' title='bbox 514 2555 619 2604; x_wconf 89' lang='lat' dir='ltr'>lesu</span> <span class='ocrx_word' id='word_1_319' title='bbox 649 2555 831 2604; x_wconf 78' lang='lat' dir='ltr'>Christi.</span> <span class='ocrx_word' id='word_1_320' title='bbox 904 2554 1179 2604; x_wconf 67' lang='lat' dir='ltr'>Mementote</span> <span class='ocrx_word' id='word_1_321' title='bbox 1203 2557 1293 2606; x_wconf 91' lang='lat' dir='ltr'>mei</span> <span class='ocrx_word' id='word_1_322' title='bbox 1314 2557 1359 2604; x_wconf 91' lang='lat' dir='ltr'>in</span> <span class='ocrx_word' id='word_1_323' title='bbox 1386 2556 1670 2605; x_wconf 87' lang='lat' dir='ltr'>orationibus</span> <span class='ocrx_word' id='word_1_324' title='bbox 1694 2556 1874 2614; x_wconf 88' lang='lat' dir='ltr'>vestris,</span> <span class='ocrx_word' id='word_1_325' title='bbox 1912 2561 1963 2602; x_wconf 92' lang='lat' dir='ltr'>ut</span> <span class='ocrx_word' id='word_1_326' title='bbox 1977 2554 2117 2601; x_wconf 88' lang='lat' dir='ltr'>Deum</span> 
     </span>
     <span class='ocr_line' id='line_1_33' title="bbox 148 2617 2117 2690; baseline -0.001 -20"><span class='ocrx_word' id='word_1_327' title='bbox 148 2634 328 2671; x_wconf 80' lang='lat' dir='ltr'>merear</span> <span class='ocrx_word' id='word_1_328' title='bbox 361 2617 594 2687; x_wconf 78' lang='lat' dir='ltr'>adipisci,’</span> <span class='ocrx_word' id='word_1_329' title='bbox 630 2631 678 2674; x_wconf 89' lang='lat' dir='ltr'>et</span> <span class='ocrx_word' id='word_1_330' title='bbox 710 2625 958 2684; x_wconf 80' lang='lat' dir='ltr'>Ecclesiae,</span> <span class='ocrx_word' id='word_1_331' title='bbox 989 2640 1107 2689; x_wconf 88' lang='lat' dir='ltr'>quae</span> <span class='ocrx_word' id='word_1_332' title='bbox 1145 2633 1215 2674; x_wconf 91' lang='lat' dir='ltr'>est</span> <span class='ocrx_word' id='word_1_333' title='bbox 1252 2627 1297 2674; x_wconf 88' lang='lat' dir='ltr'>in</span> <span class='ocrx_word' id='word_1_334' title='bbox 1334 2626 1479 2690; x_wconf 81' lang='lat' dir='ltr'>Syria,</span> <span class='ocrx_word' id='word_1_335' title='bbox 1517 2627 1648 2675; x_wconf 87' lang='lat' dir='ltr'>cuius</span> <span class='ocrx_word' id='word_1_336' title='bbox 1685 2640 1778 2673; x_wconf 90' lang='lat' dir='ltr'>non</span> <span class='ocrx_word' id='word_1_337' title='bbox 1816 2638 1917 2673; x_wconf 91' lang='lat' dir='ltr'>sum</span> <span class='ocrx_word' id='word_1_338' title='bbox 1954 2624 2117 2686; x_wconf 82' lang='lat' dir='ltr'>dignus</span> 
     </span>
     <span class='ocr_line' id='line_1_34' title="bbox 146 2687 2116 2759; baseline -0.001 -19"><span class='ocrx_word' id='word_1_339' title='bbox 146 2693 298 2742; x_wconf 80' lang='lat' dir='ltr'>vocari</span> <span class='ocrx_word' id='word_1_340' title='bbox 334 2687 624 2758; x_wconf 71' lang='lat' dir='ltr'>Episcopus.⁸</span> <span class='ocrx_word' id='word_1_341' title='bbox 691 2695 877 2759; x_wconf 83' lang='lat' dir='ltr'>Indigeo</span> <span class='ocrx_word' id='word_1_342' title='bbox 915 2697 1036 2743; x_wconf 90' lang='lat' dir='ltr'>enim</span> <span class='ocrx_word' id='word_1_343' title='bbox 1070 2703 1222 2745; x_wconf 87' lang='lat' dir='ltr'>vestra</span> <span class='ocrx_word' id='word_1_344' title='bbox 1261 2697 1332 2744; x_wconf 83' lang='lat' dir='ltr'>illa</span> <span class='ocrx_word' id='word_1_345' title='bbox 1381 2689 1615 2744; x_wconf 86' lang='lat' dir='ltr'>laudabili⁴</span> <span class='ocrx_word' id='word_1_346' title='bbox 1670 2697 1712 2743; x_wconf 90' lang='lat' dir='ltr'>in</span> <span class='ocrx_word' id='word_1_347' title='bbox 1763 2695 1856 2743; x_wconf 82' lang='lat' dir='ltr'>Deo</span> <span class='ocrx_word' id='word_1_348' title='bbox 1910 2694 2116 2742; x_wconf 88' lang='lat' dir='ltr'>oratione</span> 
     </span>
     <span class='ocr_line' id='line_1_35' title="bbox 147 2761 2116 2830; baseline 0.001 -22"><span class='ocrx_word' id='word_1_349' title='bbox 147 2766 194 2808; x_wconf 86' lang='lat' dir='ltr'>et</span> <span class='ocrx_word' id='word_1_350' title='bbox 226 2761 491 2821; x_wconf 79' lang='lat' dir='ltr'>dilectione,</span> <span class='ocrx_word' id='word_1_351' title='bbox 529 2771 588 2813; x_wconf 84' lang='lat' dir='ltr'>ut</span> <span class='ocrx_word' id='word_1_352' title='bbox 606 2764 772 2827; x_wconf 74' lang='lat' dir='ltr'>dignus</span> <span class='ocrx_word' id='word_1_353' title='bbox 792 2765 879 2813; x_wconf 86' lang='lat' dir='ltr'>sim</span> <span class='ocrx_word' id='word_1_354' title='bbox 901 2765 1035 2824; x_wconf 83' lang='lat' dir='ltr'>illam,</span> <span class='ocrx_word' id='word_1_355' title='bbox 1074 2781 1191 2829; x_wconf 87' lang='lat' dir='ltr'>quae</span> <span class='ocrx_word' id='word_1_356' title='bbox 1228 2767 1273 2814; x_wconf 90' lang='lat' dir='ltr'>in</span> <span class='ocrx_word' id='word_1_357' title='bbox 1301 2765 1432 2830; x_wconf 86' lang='lat' dir='ltr'>Syria</span> <span class='ocrx_word' id='word_1_358' title='bbox 1456 2773 1540 2825; x_wconf 91' lang='lat' dir='ltr'>est,</span> <span class='ocrx_word' id='word_1_359' title='bbox 1564 2766 1815 2814; x_wconf 88' lang='lat' dir='ltr'>Ecclesiam</span> <span class='ocrx_word' id='word_1_360' title='bbox 1839 2779 1924 2828; x_wconf 86' lang='lat' dir='ltr'>per</span> <span class='ocrx_word' id='word_1_361' title='bbox 1949 2764 2116 2811; x_wconf 88' lang='lat' dir='ltr'>honam</span> 
     </span>
     <span class='ocr_line' id='line_1_36' title="bbox 148 2825 1245 2897; baseline 0.006 -21"><span class='ocrx_word' id='word_1_362' title='bbox 148 2825 479 2891; x_wconf 82' lang='lat' dir='ltr'>opinationem⁸</span> <span class='ocrx_word' id='word_1_363' title='bbox 511 2840 708 2882; x_wconf 81' lang='lat' dir='ltr'>vestram</span> <span class='ocrx_word' id='word_1_364' title='bbox 742 2847 933 2897; x_wconf 82' lang='lat' dir='ltr'>pascere</span> <span class='ocrx_word' id='word_1_365' title='bbox 965 2836 1010 2883; x_wconf 83' lang='lat' dir='ltr'>in</span> <span class='ocrx_word' id='word_1_366' title='bbox 1049 2836 1245 2885; x_wconf 85' lang='lat' dir='ltr'>Christo.</span> 
     </span>
    </p>
   </div>
   <div class='ocr_carea' id='block_1_7' title="bbox 150 2921 496 2933">
    <p class='ocr_par' dir='ltr' id='par_1_7' title="bbox 150 2921 496 2933">
     <span class='ocr_line' id='line_1_37' title="bbox 150 2921 496 2933; baseline 0 0"><span class='ocrx_word' id='word_1_367' title='bbox 150 2921 496 2933; x_wconf 95' lang='lat' dir='ltr'> </span> 
     </span>
    </p>
   </div>
   <div class='ocr_carea' id='block_1_8' title="bbox 235 2963 2111 3023">
    <p class='ocr_par' dir='ltr' id='par_1_8' title="bbox 235 2963 2111 3023">
     <span class='ocr_line' id='line_1_38' title="bbox 235 2963 2111 3023; baseline 0 -17"><span class='ocrx_word' id='word_1_368' title='bbox 235 2963 308 3016; x_wconf 79' lang='grc'>10)</span> <span class='ocrx_word' id='word_1_369' title='bbox 339 2970 515 3008; x_wconf 73' lang='lat' dir='ltr'>uun-</span> <span class='ocrx_word' id='word_1_370' title='bbox 543 2965 629 3008; x_wconf 76' lang='lat' dir='ltr'>Pal.</span> <span class='ocrx_word' id='word_1_371' title='bbox 656 2966 771 3019; x_wconf 64' lang='lat' dir='ltr'><strong>Bag..</strong></span> <span class='ocrx_word' id='word_1_372' title='bbox 810 2966 851 3009; x_wconf 72' lang='lat' dir='ltr'>ln</span> <span class='ocrx_word' id='word_1_373' title='bbox 891 2980 973 3021; x_wconf 81' lang='lat' dir='ltr'>quo</span> <span class='ocrx_word' id='word_1_374' title='bbox 1006 2967 1097 3010; x_wconf 80' lang='lat' dir='ltr'>dein</span> <span class='ocrx_word' id='word_1_375' title='bbox 1157 2982 1230 3022; x_wconf 83' lang='lat' dir='ltr'>que</span> <span class='ocrx_word' id='word_1_376' title='bbox 1260 2982 1360 3013; x_wconf 78' lang='lat' dir='ltr'>nunc</span> <span class='ocrx_word' id='word_1_377' title='bbox 1402 2985 1435 3013; x_wconf 90' lang='lat' dir='ltr'>c.</span> <span class='ocrx_word' id='word_1_378' title='bbox 1467 2971 1550 3013; x_wconf 84' lang='lat' dir='ltr'><strong>I’aI.</strong></span> <span class='ocrx_word' id='word_1_379' title='bbox 1583 2971 1676 3023; x_wconf 80' lang='lat' dir='ltr'>Reg.</span> <span class='ocrx_word' id='word_1_380' title='bbox 1709 2970 1773 3011; x_wconf 89' lang='lat' dir='ltr'>ed.</span> <span class='ocrx_word' id='word_1_381' title='bbox 1807 2969 1954 3010; x_wconf 81' lang='lat' dir='ltr'>Veneta</span> <span class='ocrx_word' id='word_1_382' title='bbox 1990 2965 2111 3014; x_wconf 84' lang='grc'>1546,</span> 
     </span>
    </p>
   </div>
   <div class='ocr_carea' id='block_1_9' title="bbox 145 3024 2110 3643">
    <p class='ocr_par' dir='ltr' id='par_1_9' title="bbox 145 3024 2110 3643">
     <span class='ocr_line' id='line_1_39' title="bbox 149 3024 1996 3080; baseline 0.002 -19"><span class='ocrx_word' id='word_1_383' title='bbox 149 3024 385 3073; x_wconf 66' lang='lat' dir='ltr'>mli-qul.</span> <span class='ocrx_word' id='word_1_384' title='bbox 1159 3024 1303 3068; x_wconf 82' lang='lat' dir='ltr'>desunt</span> <span class='ocrx_word' id='word_1_385' title='bbox 1332 3028 1472 3070; x_wconf 79' lang='lat' dir='ltr'>eadem</span> <span class='ocrx_word' id='word_1_386' title='bbox 1502 3028 1541 3069; x_wconf 91' lang='lat' dir='ltr'>in</span> <span class='ocrx_word' id='word_1_387' title='bbox 1574 3027 1677 3078; x_wconf 83' lang='lat' dir='ltr'>vulg.</span> <span class='ocrx_word' id='word_1_388' title='bbox 1711 3039 1775 3080; x_wconf 74' lang='lat' dir='ltr'>ap,</span> <span class='ocrx_word' id='word_1_389' title='bbox 1808 3024 1996 3066; x_wconf 89' lang='lat' dir='ltr'>Cureton.</span> 
     </span>
     <span class='ocr_line' id='line_1_40' title="bbox 1239 3083 1597 3136; baseline 0 -11"><span class='ocrx_word' id='word_1_390' title='bbox 1239 3083 1266 3125; x_wconf 80' lang='lat'><strong>9</strong></span> <span class='ocrx_word' id='word_1_391' title='bbox 1315 3084 1429 3126; x_wconf 85' lang='lat' dir='ltr'>Num.</span> <span class='ocrx_word' id='word_1_392' title='bbox 1463 3085 1526 3136; x_wconf 87' lang='grc'>12,</span> <span class='ocrx_word' id='word_1_393' title='bbox 1557 3085 1597 3127; x_wconf 90' lang='grc'>3.</span> 
     </span>
     <span class='ocr_line' id='line_1_41' title="bbox 209 3080 1640 3198; baseline 0.004 -24"><span class='ocrx_word' id='word_1_394' title='bbox 209 3132 327 3198; x_wconf 35' lang='lat' dir='ltr'>‘Cap</span> <span class='ocrx_word' id='word_1_395' title='bbox 362 3133 440 3175; x_wconf 78' lang='lat'>111.</span> <span class='ocrx_word' id='word_1_396' title='bbox 503 3134 546 3188; x_wconf 89' lang='grc'>1)</span> <span class='ocrx_word' id='word_1_397' title='bbox 576 3134 861 3178; x_wconf 60' lang='grc' dir='ltr'>ἀπισῶσαι·</span> <span class='ocrx_word' id='word_1_398' title='bbox 887 3147 927 3189; x_wconf 87' lang='lat' dir='ltr'>p.</span> <span class='ocrx_word' id='word_1_399' title='bbox 958 3137 1096 3177; x_wconf 76' lang='lat' dir='ltr'>adso-</span> <span class='ocrx_word' id='word_1_400' title='bbox 1245 3080 1296 3180; x_wconf 76' lang='grc'>1())</span> <span class='ocrx_word' id='word_1_401' title='bbox 1344 3139 1470 3183; x_wconf 84' lang='lat' dir='ltr'>Exod.</span> <span class='ocrx_word' id='word_1_402' title='bbox 1501 3142 1541 3191; x_wconf 77' lang='grc'>4,</span> <span class='ocrx_word' id='word_1_403' title='bbox 1578 3141 1640 3183; x_wconf 89' lang='grc'>10.</span> 
     </span>
     <span class='ocr_line' id='line_1_42' title="bbox 145 3188 1844 3247; baseline 0.004 -17"><span class='ocrx_word' id='word_1_404' title='bbox 145 3188 331 3230; x_wconf 64' lang='grc' dir='ltr'>ΝΜ</span> <span class='ocrx_word' id='word_1_405' title='bbox 362 3188 447 3231; x_wconf 79' lang='lat' dir='ltr'>Pal.</span> <span class='ocrx_word' id='word_1_406' title='bbox 1245 3193 1291 3236; x_wconf 92' lang='grc'>11</span> <span class='ocrx_word' id='word_1_407' title='bbox 1350 3195 1446 3238; x_wconf 86' lang='lat' dir='ltr'>Luc.</span> <span class='ocrx_word' id='word_1_408' title='bbox 1481 3196 1546 3247; x_wconf 79' lang='lat'>14,</span> <span class='ocrx_word' id='word_1_409' title='bbox 1579 3197 1643 3239; x_wconf 84' lang='lat'>11.</span> <span class='ocrx_word' id='word_1_410' title='bbox 1678 3195 1744 3246; x_wconf 88' lang='grc'>18,</span> <span class='ocrx_word' id='word_1_411' title='bbox 1780 3194 1844 3236; x_wconf 80' lang='grc'>14.</span> 
     </span>
     <span class='ocr_line' id='line_1_43' title="bbox 304 3244 1835 3308; baseline 0.003 -20"><span class='ocrx_word' id='word_1_412' title='bbox 304 3244 422 3289; x_wconf 76' lang='lat' dir='ltr'>Prov.</span> <span class='ocrx_word' id='word_1_413' title='bbox 459 3245 524 3297; x_wconf 80' lang='grc'>18,</span> <span class='ocrx_word' id='word_1_414' title='bbox 560 3245 623 3290; x_wconf 87' lang='grc'>17.</span> <span class='ocrx_word' id='word_1_415' title='bbox 1241 3248 1338 3304; x_wconf 83' lang='lat' dir='ltr'>Cap.</span> <span class='ocrx_word' id='word_1_416' title='bbox 1369 3252 1465 3297; x_wconf 82' lang='lat' dir='ltr'>xm.</span> <span class='ocrx_word' id='word_1_417' title='bbox 1527 3254 1568 3308; x_wconf 84' lang='lat'>1)</span> <span class='ocrx_word' id='word_1_418' title='bbox 1600 3254 1718 3305; x_wconf 75' lang='lat' dir='ltr'>diqna</span> <span class='ocrx_word' id='word_1_419' title='bbox 1750 3251 1835 3292; x_wconf 77' lang='lat' dir='ltr'>Pai.</span> 
     </span>
     <span class='ocr_line' id='line_1_44' title="bbox 302 3300 1504 3357; baseline 0.006 -13"><span class='ocrx_word' id='word_1_420' title='bbox 302 3306 347 3345; x_wconf 73' lang='grc' dir='ltr'>Ιιι</span> <span class='ocrx_word' id='word_1_421' title='bbox 374 3301 556 3356; x_wconf 52' lang='lat' dir='ltr'>tibine&amp;</span> <span class='ocrx_word' id='word_1_422' title='bbox 587 3300 773 3346; x_wconf 80' lang='lat' dir='ltr'>Ceterum</span> <span class='ocrx_word' id='word_1_423' title='bbox 792 3304 844 3346; x_wconf 82' lang='lat' dir='ltr'><strong>cI.</strong></span> <span class='ocrx_word' id='word_1_424' title='bbox 861 3304 1095 3357; x_wconf 51' lang='lat' dir='ltr'>eausam.</span> <span class='ocrx_word' id='word_1_425' title='bbox 1239 3305 1288 3357; x_wconf 81' lang='lat'>2)</span> <span class='ocrx_word' id='word_1_426' title='bbox 1315 3307 1387 3350; x_wconf 80' lang='lat' dir='ltr'>deo</span> <span class='ocrx_word' id='word_1_427' title='bbox 1419 3308 1504 3351; x_wconf 84' lang='lat' dir='ltr'>Pal.</span> 
     </span>
     <span class='ocr_line' id='line_1_45' title="bbox 226 3355 2109 3419; baseline 0.001 -19"><span class='ocrx_word' id='word_1_428' title='bbox 226 3358 253 3400; x_wconf 74' lang='lat'><em>4</em></span> <span class='ocrx_word' id='word_1_429' title='bbox 299 3355 395 3401; x_wconf 76' lang='lat' dir='ltr'>Luc.</span> <span class='ocrx_word' id='word_1_430' title='bbox 426 3357 590 3411; x_wconf 82' lang='lat' dir='ltr'>1¹1,1o.</span> <span class='ocrx_word' id='word_1_431' title='bbox 625 3358 692 3410; x_wconf 74' lang='grc'>16,</span> <span class='ocrx_word' id='word_1_432' title='bbox 725 3360 790 3403; x_wconf 84' lang='grc'>15.</span> <span class='ocrx_word' id='word_1_433' title='bbox 1241 3360 1338 3416; x_wconf 87' lang='lat' dir='ltr'>Cap.</span> <span class='ocrx_word' id='word_1_434' title='bbox 1378 3362 1476 3406; x_wconf 77' lang='lat' dir='ltr'>xlv.</span> <span class='ocrx_word' id='word_1_435' title='bbox 1562 3364 1603 3419; x_wconf 85' lang='lat'>1)</span> <span class='ocrx_word' id='word_1_436' title='bbox 1645 3365 1838 3406; x_wconf 81' lang='lat' dir='ltr'>videntem</span> <span class='ocrx_word' id='word_1_437' title='bbox 1891 3360 1974 3404; x_wconf 78' lang='lat' dir='ltr'>Pal.</span> <span class='ocrx_word' id='word_1_438' title='bbox 2013 3359 2109 3411; x_wconf 72' lang='lat' dir='ltr'>neg.</span> 
     </span>
     <span class='ocr_line' id='line_1_46' title="bbox 230 3413 2110 3475; baseline 0.001 -18"><span class='ocrx_word' id='word_1_439' title='bbox 230 3413 258 3456; x_wconf 71' lang='grc' dir='ltr'><strong>ὅ</strong></span> <span class='ocrx_word' id='word_1_440' title='bbox 304 3413 403 3457; x_wconf 72' lang='grc' dir='ltr'>ιιι.</span> <span class='ocrx_word' id='word_1_441' title='bbox 435 3413 501 3467; x_wconf 82' lang='grc'>18,</span> <span class='ocrx_word' id='word_1_442' title='bbox 534 3414 602 3460; x_wconf 78' lang='lat' dir='ltr'>ta.</span> <span class='ocrx_word' id='word_1_443' title='bbox 1156 3422 1328 3467; x_wconf 81' lang='lat' dir='ltr'>Quartus</span> <span class='ocrx_word' id='word_1_444' title='bbox 1359 3432 1477 3462; x_wconf 82' lang='lat' dir='ltr'>casus</span> <span class='ocrx_word' id='word_1_445' title='bbox 1508 3421 1558 3462; x_wconf 76' lang='lat' dir='ltr'>sd</span> <span class='ocrx_word' id='word_1_446' title='bbox 1580 3419 1768 3475; x_wconf 80' lang='lat' dir='ltr'>praeced.</span> <span class='ocrx_word' id='word_1_447' title='bbox 1785 3420 1907 3462; x_wconf 76' lang='lat' dir='ltr'>Deum</span> <span class='ocrx_word' id='word_1_448' title='bbox 1929 3415 2110 3471; x_wconf 68' lang='lat' dir='ltr'>respit-It.</span> 
     </span>
     <span class='ocr_line' id='line_1_47' title="bbox 227 3467 1902 3530; baseline 0.004 -19"><span class='ocrx_word' id='word_1_449' title='bbox 227 3468 256 3511; x_wconf 73' lang='grc'><strong>8</strong></span> <span class='ocrx_word' id='word_1_450' title='bbox 308 3467 408 3512; x_wconf 73' lang='lat' dir='ltr'>Gen.</span> <span class='ocrx_word' id='word_1_451' title='bbox 440 3468 507 3522; x_wconf 80' lang='lat' dir='ltr'>te,</span> <span class='ocrx_word' id='word_1_452' title='bbox 535 3469 605 3514; x_wconf 76' lang='lat'>2¹1.</span> <span class='ocrx_word' id='word_1_453' title='bbox 637 3470 724 3514; x_wconf 80' lang='lat' dir='ltr'><strong>Iob.</strong></span> <span class='ocrx_word' id='word_1_454' title='bbox 752 3472 822 3524; x_wconf 76' lang='grc'>30,</span> <span class='ocrx_word' id='word_1_455' title='bbox 858 3473 921 3517; x_wconf 79' lang='grc'>19.</span> <span class='ocrx_word' id='word_1_456' title='bbox 1241 3474 1265 3516; x_wconf 90' lang='grc'><strong>2</strong></span> <span class='ocrx_word' id='word_1_457' title='bbox 1321 3476 1494 3530; x_wconf 75' lang='lat' dir='ltr'>adipisci</span> <span class='ocrx_word' id='word_1_458' title='bbox 1523 3490 1674 3519; x_wconf 81' lang='lat' dir='ltr'>mereor</span> <span class='ocrx_word' id='word_1_459' title='bbox 1700 3477 1777 3519; x_wconf 87' lang='lat' dir='ltr'>inv.</span> <span class='ocrx_word' id='word_1_460' title='bbox 1809 3477 1902 3530; x_wconf 74' lang='lat' dir='ltr'>Reg.</span> 
     </span>
     <span class='ocr_line' id='line_1_48' title="bbox 229 3524 1757 3589; baseline 0.007 -23"><span class='ocrx_word' id='word_1_461' title='bbox 229 3524 255 3566; x_wconf 83' lang='lat'>7</span> <span class='ocrx_word' id='word_1_462' title='bbox 307 3527 406 3581; x_wconf 69' lang='lat' dir='ltr'>qnid</span> <span class='ocrx_word' id='word_1_463' title='bbox 431 3525 528 3580; x_wconf 67' lang='lat' dir='ltr'>fleg.</span> <span class='ocrx_word' id='word_1_464' title='bbox 586 3526 776 3589; x_wconf 61' lang='lat' dir='ltr'>Ceterum</span> <span class='ocrx_word' id='word_1_465' title='bbox 811 3531 863 3573; x_wconf 76' lang='lat' dir='ltr'><strong>cI.</strong></span> <span class='ocrx_word' id='word_1_466' title='bbox 895 3530 911 3572; x_wconf 95' lang='lat' dir='ltr'>I</span> <span class='ocrx_word' id='word_1_467' title='bbox 943 3531 1092 3573; x_wconf 85' lang='lat' dir='ltr'>Chron.</span> <span class='ocrx_word' id='word_1_468' title='bbox 1235 3531 1261 3572; x_wconf 79' lang='lat'>3</span> <span class='ocrx_word' id='word_1_469' title='bbox 1310 3534 1514 3586; x_wconf 76' lang='lat' dir='ltr'>apostolus</span> <span class='ocrx_word' id='word_1_470' title='bbox 1545 3532 1629 3575; x_wconf 84' lang='lat' dir='ltr'>I&#39;al.</span> <span class='ocrx_word' id='word_1_471' title='bbox 1659 3531 1757 3586; x_wconf 75' lang='lat' dir='ltr'>Beg.</span> 
     </span>
     <span class='ocr_line' id='line_1_49' title="bbox 145 3580 1890 3643; baseline 0.005 -20"><span class='ocrx_word' id='word_1_472' title='bbox 145 3580 211 3633; x_wconf 86' lang='grc'>17,</span> <span class='ocrx_word' id='word_1_473' title='bbox 244 3580 310 3624; x_wconf 77' lang='lat' dir='ltr'>te.</span> <span class='ocrx_word' id='word_1_474' title='bbox 743 3588 755 3595; x_wconf 84' lang='grc'><em>·</em></span> <span class='ocrx_word' id='word_1_475' title='bbox 1238 3587 1263 3629; x_wconf 78' lang='grc'><strong>4</strong></span> <span class='ocrx_word' id='word_1_476' title='bbox 1313 3588 1382 3630; x_wconf 76' lang='lat' dir='ltr'>illa</span> <span class='ocrx_word' id='word_1_477' title='bbox 1412 3590 1606 3632; x_wconf 73' lang='lat' dir='ltr'>laudabili</span> <span class='ocrx_word' id='word_1_478' title='bbox 1634 3595 1764 3633; x_wconf 76' lang='lat' dir='ltr'>veura</span> <span class='ocrx_word' id='word_1_479' title='bbox 1795 3588 1890 3643; x_wconf 76' lang='lat' dir='ltr'>Reg.</span> 
     </span>
    </p>
   </div>
   <div class='ocr_carea' id='block_1_10' title="bbox 226 3617 1664 3702">
    <p class='ocr_par' dir='ltr' id='par_1_10' title="bbox 226 3617 1664 3702">
     <span class='ocr_line' id='line_1_50' title="bbox 226 3617 1664 3702; baseline 0.007 -23"><span class='ocrx_word' id='word_1_480' title='bbox 226 3636 271 3691; x_wconf 82' lang='lat'>8)</span> <span class='ocrx_word' id='word_1_481' title='bbox 300 3637 419 3681; x_wconf 76' lang='lat' dir='ltr'>Voce.</span> <span class='ocrx_word' id='word_1_482' title='bbox 448 3639 632 3694; x_wconf 65' lang='lat' dir='ltr'>quoniam</span> <span class='ocrx_word' id='word_1_483' title='bbox 668 3617 901 3696; x_wconf 63' lang='lat' dir='ltr'>alarinum</span> <span class='ocrx_word' id='word_1_484' title='bbox 928 3657 988 3686; x_wconf 82' lang='lat' dir='ltr'>me</span> <span class='ocrx_word' id='word_1_485' title='bbox 1020 3657 1090 3687; x_wconf 74' lang='lat' dir='ltr'>ss·</span> <span class='ocrx_word' id='word_1_486' title='bbox 1236 3643 1281 3698; x_wconf 75' lang='grc' dir='ltr'>δ)</span> <span class='ocrx_word' id='word_1_487' title='bbox 1314 3645 1541 3699; x_wconf 77' lang='lat' dir='ltr'>opinionem</span> <span class='ocrx_word' id='word_1_488' title='bbox 1569 3645 1664 3702; x_wconf 75' lang='lat' dir='ltr'>Reg.</span> 
     </span>
    </p>
   </div>
  </div>
 </body>
</html>
