2340 3900
442 166 673 218 ΗΒΙΙΔΕ
707 165 944 213 PASTOR.
1015 166 1177 215 LIBER
1215 167 1268 215 11.
1338 166 1585 217 nuum.
1616 166 1687 214 Xl.
1721 164 1814 214 xtl.
1849 160 1921 224 (Β)
2058 161 2162 212 477

205 311 442 363 venerunt,
477 302 591 354 utos
624 309 773 352 erunt.
842 302 992 350 Habes
1026 305 1266 366 utriusque
1302 306 1555 384 prophetae
1606 310 1791 354 sectam.
1861 302 2014 351 Proba
2049 315 2161 363 ergo

205 376 312 423 illos
343 375 402 423 de
434 375 526 422 vita
558 384 716 420 corum
759 378 807 419 et
842 371 900 419 de
936 372 1067 420 sactis
1103 374 1351 432 hominum,
1389 376 1468 436 qui
1505 374 1664 422 dicunt
1706 388 1756 421 se
1790 372 1980 435 spiritus
2014 371 2165 420 sancti

204 444 426 532 baculos¹⁴
423 456 545 492 ease.
617 441 685 489 Tu
719 446 870 488 autem
906 441 1045 488 crede
1094 442 1275 503 spiritui
1311 450 1486 500 sancto,
1526 445 1605 505 qui
1640 458 1667 490 a
1703 442 1796 491 Deo
1830 442 1977 499 venit,
2020 446 2069 490 ct
2099 439 2164 487 illi

205 504 426 576 spiritui¹⁴
458 518 645 558 terreno
681 516 730 558 et
763 523 906 557 vacuo
952 510 1067 556 nibil
1098 511 1365 569 credideris,
1403 513 1510 573 quia
1545 513 1589 559 in
1624 512 1703 560 illo
1741 513 1884 560 virtus
1920 509 2043 559 nulla
2077 514 2163 565 est,

207 583 313 644 quia
344 595 373 628 a
409 578 591 627 diabolo
625 579 762 626 venit.
830 578 943 625 Audi
980 593 1092 639 ergo
1131 587 1177 626 et
1213 581 1329 628 hauc
1365 580 1734 638 similitudinem,
1785 595 1921 659 quam
1971 579 2054 628 tibi
2097 577 2162 626 di·

205 657 364 697 clm-us
399 662 517 696 sum.
587 647 719 696 Tolle
754 647 954 709 lapidem
990 655 1038 695 et
1073 649 1199 695 mitte
1236 649 1281 695 in
1320 650 1521 707 caelum,
1563 658 1609 698 et
1644 649 1756 708 vide,
1795 651 1835 697 si
1870 656 2005 712 potes
2041 647 2165 696 illum

204 718 488 779 contingere.
554 718 645 764 Διιι
678 722 804 764 certe
837 715 944 764 tolle
981 717 1038 763 de
1075 716 1201 763 fonte
1248 732 1411 779 aquam
1449 725 1495 766 et
1531 726 1695 781 torque
1732 719 1776 766 in
1814 718 2013 776 caelum;
2046 716 2166 773 vide,

204 787 245 833 si
263 794 398 848 potes
419 786 595 834 caelum
615 785 911 849 pertundere.
980 786 1236 843 Quomodo,
1258 787 1457 848 inquam,
1476 787 1670 845 domine,
1689 788 1802 835 haec
1823 787 1922 835 lieri
1940 785 2165 849 possunt?

203 855 403 917 Utraque
439 856 562 903 enim
598 853 896 917 impossibilia
931 854 1097 902 dixisti.
1171 854 1226 902 Et
1277 857 1339 902 ait
1379 856 1485 903 mihi
1503 850 1553 901 :¹⁸
1601 856 1832 918 quomodo
1882 857 2004 904 enim
2052 855 2167 903 baec

206 924 308 972 lieri
340 937 434 971 non
472 931 681 987 possunt,
718 925 788 972 sic
823 931 872 972 et
905 924 1096 986 spiritus
1133 926 1307 971 terreni
1330 924 1495 971 infirmi
1535 932 1643 972 sunt
1672 934 1720 973 et
1746 927 1931 974 inertes.
2001 924 2167 986 Accipe

203 1007 326 1042 nunc
361 994 585 1051 virtutem,
622 1007 739 1055 quae
776 1008 804 1041 a
838 993 932 1042 Deo
969 994 1105 1041 venit.
1176 993 1229 1039 Et
1263 993 1430 1041 adiecit
1447 994 1682 1056 grandinis
1704 995 1934 1042 minimum
1960 1006 2167 1056 granum,

206 1077 311 1111 cum
353 1062 576 1111 ceciderit
620 1077 763 1126 super
807 1070 944 1125 caput
979 1063 1200 1119 bominis,
1258 1063 1469 1111 dolorem
1506 1077 1745 1126 magnum3
1793 1071 1839 1111 et
1874 1062 2168 1119 stillicidium,

206 1132 332 1195 quod
365 1132 423 1179 de
457 1132 575 1195 gulis
610 1132 656 1180 in
692 1139 860 1180 terram
888 1132 1023 1189 cadit,
1057 1131 1255 1194 lapidem
1292 1132 1539 1194 pertundit.
1613 1132 1750 1181 Vides
1773 1147 1899 1195 ergo,
1938 1131 2065 1194 quod
2100 1144 2167 1188 ea,

206 1216 325 1263 quae
362 1202 563 1264 desuper
595 1203 783 1250 veniunt
818 1203 864 1250 ιιι
900 1208 1095 1259 terram,
1142 1216 1330 1265 magnae
1382 1203 1561 1250 virtutis
1597 1210 1718 1250 sunt.
1789 1202 1866 1249 Sic
1899 1209 1947 1249 et
1980 1200 2168 1263 spiritus

205 1270 402 1327 divinus,
439 1272 517 1333 qui
553 1285 579 1319 e
611 1270 744 1320 caelo
780 1272 925 1329 venit,
979 1270 1113 1318 tortis
1148 1278 1235 1319 est.
1307 1271 1442 1329 Huic,
1481 1272 1651 1333 inquit,
1700 1271 1861 1328 crede,
1899 1277 1946 1317 et
1999 1269 2055 1316 ab
2091 1268 2168 1315 illo

206 1339 354 1388 altero
389 1339 570 1388 abstine
607 1348 665 1388 te.

861 1404 1137 1467 [ιιιιιιιτυιι
1174 1404 1515 1466 monacnum]

342 1488 408 1549 (a)
441 1485 575 1539 ίὶιιιιι
609 1490 745 1539 mibi:
801 1489 909 1538 tolle
956 1504 983 1537 a
1013 1497 1056 1538 te
1093 1503 1229 1537 omne
1276 1490 1552 1537 desiderium
1598 1487 1822 1535 malorum
1858 1494 1904 1535 et
1953 1488 2088 1535 indue
2125 1494 2170 1536 te

206 1560 503 1617 desiderium,
538 1559 666 1622 quod
700 1565 773 1606 est
803 1557 977 1606 bonum
1011 1566 1060 1606 et
1093 1565 1314 1605 sanctum.
1386 1558 1465 1605 lllo
1503 1557 1623 1606 enim
1666 1557 1897 1604 desiderio
1941 1558 2064 1605 bono
2103 1558 2172 1604 in-

205 1629 342 1676 dutus
376 1627 507 1676 odies
542 1641 678 1676 omne
710 1627 878 1675 malum
913 1627 1211 1682 desiderium,
1248 1626 1316 1675 et‘
1329 1629 1571 1689 pervenies
1602 1627 1659 1674 ad
1693 1625 1879 1685 bonum,
1917 1627 2051 1674 sicuti
2090 1627 2171 1674 vis.

203 1699 409 1760 Agrestis
445 1704 518 1745 est
550 1703 705 1746 autem
739 1697 857 1745 mala
892 1698 1293 1759 concupiscentia,
1347 1704 1392 1744 et
1427 1695 1616 1744 difficile
1665 1703 2004 1753 mansuetatur,
2066 1697 2171 1757 quia

204 1774 333 1815 atrox
366 1774 452 1825 est,
484 1773 533 1815 et
566 1758 809 1815 violente?
842 1766 1021 1815 feritate
1069 1782 1151 1814 sua
1201 1767 1412 1814 homines
1461 1767 1711 1823 consumit,
1766 1766 2015 1828 praecipue
2054 1767 2093 1813 si
2128 1766 2174 1812 in

205 1835 287 1885 Dei
332 1850 513 1885 semim
558 1836 786 1884 inciderit.
854 1835 1030 1894 Quodsi
1078 1850 1240 1898 parum
1289 1835 1493 1897 prudens
1532 1836 1694 1892 suerit,
1747 1836 1965 1882 atrociter
2011 1834 2068 1881 ab
2120 1847 2172 1881 ea

209 1905 812 1968 cunsumitur.1)isperdit
846 1912 995 1952 autem
1032 1919 1144 1962 eos,
1195 1906 1273 1966 qui
1310 1919 1402 1960 non
1439 1911 1546 1952 suut
1580 1905 1726 1952 vestiti
1766 1903 2017 1951 sanctitatis
2054 1903 2171 1951 desi-

208 1973 402 2032 derium,
437 1981 486 2022 et
519 1981 629 2021 sunt
661 1973 850 2022 involuti
885 1973 1021 2021 buius
1058 1974 1202 2022 seculi
1221 1974 1355 2021 vitiis.
1403 1973 1497 2020 Hos
1527 1987 1639 2036 ergo
1661 1973 1798 2020 morti
1819 1973 1970 2021 tradit.
2013 1965 2172 2030 Quae,⁸

209 2043 419 2106 inquam,
468 2041 666 2100 domine,
703 2042 824 2091 tacta
858 2050 966 2091 eunt
1001 2042 1122 2091 illius
1157 2043 1301 2091 malae
1339 2044 1761 2105 concupiscentiae,
1807 2057 1925 2104 quae
1963 2042 2172 2090 homines

208 2113 346 2160 morti
380 2111 566 2163 tradet?
623 2110 894 2161 ”monstra
929 2113 1067 2170 mihi,
1120 2119 1170 2160 ut
1219 2112 1275 2160 ab
1314 2112 1387 2159 bis
1423 2111 1688 2161 abstineam.
1758 2112 1891 2170 Audi,
1929 2112 2090 2173 inquit,
2127 2111 2172 2158 in

209 2180 375 2244 quibu
408 2181 588 2230 actibus
621 2174 789 2230 morte‘
823 2181 979 2229 adficit
1013 2196 1209 2244 nequam
1246 2182 1453 2229 voluntas
1489 2195 1648 2230 servos
1687 2180 1781 2230 Dei.

347 2274 413 2336 (ι)
450 2278 503 2327 ΙΙ.
571 2281 686 2327 Ante
730 2280 986 2327 omniacu
930 2278 1151 2341 cupiditas
1198 2279 1403 2327 mulieris
1453 2279 1622 2326 alienae
1672 2284 1749 2326 aut
1781 2278 1863 2326 viri
1899 2277 2081 2325 licentia
2118 2291 2174 2325 ex

211 2346 486 2395 abundantia
522 2361 692 2395 censue
728 2355 778 2396 et
811 2347 968 2395 multis
1007 2349 1302 2410 supervacuis
1341 2347 1455 2395 cibis
1494 2348 1810 2410 quotidiecopi
1841 2346 1950 2403 osis,
1988 2354 2034 2393 et
2070 2346 2169 2392 aliis

313 2440 376 2498 ἡ
391 2441 605 2509 Amr?
636 2436 692 2491 dd
724 2457 944 2502 τουτους,
979 2434 1047 2506 μὴ
1080 2440 1274 2522 ἔχοντας
1307 2437 1492 2525 ἔνδυμα
1526 2437 1794 2503 ἐπιθυμίας
1828 2433 2037 2521 ἀγαθῆς,
2065 2430 2170 2487 ἀλλ’

208 2504 611 2594 impiumve
633 2510 703 2580 τιιῖ
734 2508 878 2561 αίῶυι
897 2525 1079 2580 τουτω·
1139 2505 1342 2569 τούτους
1359 2499 1452 2559 οὖν
1478 2508 1813 2595 παραδίδωσιν
1844 2507 1913 2568 εἰς
1938 2502 2173 2558 θάνατον.

207 2605 276 2614 -
312 2578 464 2647 Ποῖα,
497 2574 652 2646 adpre,
664 2560 783 2630 εἰσὶ
818 2582 908 2645 τῆς
943 2561 1214 2659 bechonem,-
1248 2582 1337 2644 τῆς
1325 2582 1620 2667 πονηρᾶς
1609 2574 1668 2629 τὰ
1704 2574 2038 2665 παραδιδόντα
2062 2571 2176 2636 τοὺς

206 2621 595 2713 mede
620 2642 873 2712 θόνατονς
914 2645 1170 2717 Γνώρισόν
1190 2667 1290 2714 μοι,
1325 2647 1410 2699 ’ἵνα
1433 2667 1578 2718 φυγω
1594 2643 1682 2700 ἄπ’
1706 2643 1885 2700 αὐτῶν.
1909 2642 2174 2699 ”.Ακουσον

275 2746 373 2804 †††
391 2747 603 2814 Πρὸων
633 2742 830 2800 πάντων
864 2745 1107 2812 ἐπιθυμία
1140 2765 1398 2814 γυναικος,
1448 2745 1532 2798 καὶ
1565 2742 1845 2798 πολυτέλεια
1878 2740 2107 2805 πλουτου,
2140 2738 2178 2808 ἤ

206 2809 307 2864 ἔστι
339 2815 653 2884 φιλαργυρία,
685 2813 771 2868 καὶ
803 2765 1078 2882 ἐδεσμάτων
1111 2819 1303 2867 πολλῶν
1336 2813 1423 2868 καὶ
1465 2816 1710 2882 ματαίων,
1744 2813 1826 2867 καὶ
1861 2809 2174 2880 μεθύσματος

298 2952 430 2996 fland.
459 2954 540 2997 xit,
601 2951 644 3006 l)
675 2953 796 2997 nuti·
840 2953 959 2997 buin·
999 2966 1109 3010 quoq
1084 2966 1162 3007 que
1309 2956 1405 3009 Cap.
1437 2954 1483 2997 11.
1547 2954 1587 3006 ¹)
1619 2955 1727 2996 Duco
1757 2952 1858 2995 Cod.
1890 2952 1972 2994 Pal.
2015 2949 2171 2993 restitui

211 3009 341 3051 laod.
369 3010 523 3051 Graece
551 3008 806 3051 ind-utu
834 3009 972 3052 Dour.
1002 3012 1053 3053 ad
1083 3013 1162 3053 An·
1245 3013 1380 3053 ‚mlle
1422 3012 1505 3062 Ang
1510 3011 1534 3052 Ι.
1578 3017 1618 3052 et
1649 3010 1730 3051 Vat.
1788 3008 1953 3050 Primum
1993 3009 2172 3055 omnium,

209 3065 332 3107 tioch-
362 3077 403 3106 ι.
444 3067 550 3119 10,
552 3064 742 3118 ‚mn
1219 3068 1507 3120 transpositum
1539 3066 1699 3120 quidem
1731 3079 1752 3106 a
1784 3063 1958 3105 librariis
1979 3064 2019 3103 ιιι
2041 3060 2170 3104 nand.

294 3120 341 3172 2)
372 3120 550 3173 unguet
578 3119 683 3170 Vn..
693 3076 793 3161 ⁸³02}
827 3127 865 3161 et
894 3123 984 3163 inde
1013 3135 1163 3164 οιιιιιειιι
1223 3123 1287 3165 ll.
1320 3123 1469 3164 Eadem
1492 3123 1597 3171 Μαι..
1625 3121 1805 3162 Palatino
1827 3126 1870 3161 ut
1889 3118 1967 3161 dixi
1991 3124 2172 3171 excepto,

209 3177 460 3230 eaput'we-
488 3178 632 3218 δοκι
650 3149 915 3218 ..ἄη-σίου
931 3189 971 3231 p.
986 3183 1024 3219 ει
1046 3179 1163 3220 indue
1219 3178 1323 3219 male
1354 3178 1420 3221 bic
1451 3178 1638 3220 exhibent
1663 3178 1743 3218 sed.

207 3253 266 3263 —
291 3233 422 3275 adoria
451 3234 609 3275 aba.

290 3287 342 3343 ³)
370 3294 501 3331 oule-
530 3288 615 3331 Vnt.
1310 3287 1382 3342 14)
1412 3291 1555 3342 spiritu
1586 3288 1668 3330 l’al.

293 3344 340 3397 4)
367 3346 411 3386 ι’·
437 3355 486 3385 u
514 3343 615 3394 Vnt..
643 3345 768 3398 paulo
797 3351 892 3399 poet
918 3347 1163 3386 ωυιιιιιιιιν
1311 3345 1380 3394 lb)
1408 3347 1461 3386 ιιιι
1491 3344 1572 3386 Pal.

208 3411 250 3453 p.
276 3405 531 3442 maman.
1306 3398 1435 3442 nand.
1467 3400 1546 3441 ΧΙΙ.
1611 3399 1651 3450 ι)
1681 3399 1740 3440 Sit
1771 3398 1879 3449 l’al.,
1924 3397 1992 3452 qui
2024 3395 2170 3440 delude

292 3455 343 3506 ⁸!
367 3455 494 3497 m
521 3454 608 3498 Ἴσι.
645 3455 728 3497 cnr.
758 3456 893 3498 Ιαιιιι.
926 3456 995 3505 22.
1028 3456 1090 3498 ll.
1215 3456 1366 3496 induite
1397 3467 1437 3508 p.
1467 3456 1584 3497 indue
1615 3460 1667 3497 le.

290 3509 342 3560 6)
369 3510 527 3554 m
549 3510 637 3554 ἵει.
1306 3511 1331 3553 2
1381 3506 1686 3565 vermen-tero)
1717 3509 1800 3552 Pal.

293 3564 344 3619 7)
375 3568 418 3608 h
437 3566 581 3621 qdha
597 3568 779 3623 operibns
802 3568 1032 3621 cupiditatis
1056 3569 1161 3610 mata
1305 3567 1331 3609 3
1382 3578 1460 3620 qua
1494 3565 1577 3608 Pal.

205 3623 321 3663 noni
349 3622 477 3664 kald
504 3623 589 3666 Vnt.
1306 3622 1332 3665 4
1381 3623 1499 3664 morti
1523 3621 1607 3665 Pal.
