2340 3900
663 182 872 233 IGNATn
912 182 1185 233 EPISTULA
1221 184 1294 233 At)
1327 185 1610 236 ROMANos.
1658 186 1693 235 Ι.

2060 184 2157 236 165

886 375 980 417 ΑΒ
1037 374 1470 420 ROMANOS.

326 465 542 528 IgnatiuS,
580 466 660 528 qui
695 471 743 513 et
778 464 1096 528 TheophoruS,
1135 465 1359 514 ecclesiae
1394 468 1759 517 misericordiam
1796 474 2071 519 consecutae
2108 471 2155 518 in

311 575 316 577 ε
360 536 732 598 ‘magnificentia
778 535 926 582 Patris
974 535 1180 582 altissimi
1223 534 1277 582 “et
1327 536 1431 584 Iesu
1481 539 1672 598 Christi,
1724 538 1805 587 filii
1853 541 1952 588 eius
1998 541 2152 598 unici3

397 605 621 653 ecclesiae
658 605 849 653 dilectae
887 612 935 652 et
970 605 1245 652 illuminatae
1280 606 1509 654 voluntate
1547 610 1674 666 eiuS,
1728 610 1806 670 qui
1843 610 1938 657 vult
1986 611 2150 668 omnia,

395 689 512 738 quae
549 681 659 723 sunt
694 675 949 723 secundum
986 675 1254 722 charitatem
1297 675 1403 723 Iesu
1441 676 1633 735 Christi,
1683 678 1763 726 Dei
1815 680 1988 739 nostri3
2031 694 2151 742 quae

392 746 526 794 etiam
561 745 795 808 praesidet
831 746 880 792 in
915 745 1022 793 loco
1059 745 1264 807 regionis
1300 745 1631 806 Romanorum,
1683 748 1817 811 digna
1849 750 1967 808 Deo,
2016 750 2153 813 digua

393 816 588 874 decore,
630 815 766 880 digna
803 829 920 877 quae
957 814 1091 862 beata
1126 814 1450 878 praedicetur,
1491 817 1626 879 digna
1661 817 1809 876 laude,
1846 817 1982 882 digna
2034 834 2152 882 quae

389 887 483 934 voti
521 899 712 948 compos
749 883 849 943 fiat,
887 885 1022 947 digne
1061 891 1212 943 casta,
1264 886 1479 933 universo
1518 887 1672 934 coetui
1709 888 1941 936 charitatis
1976 891 2150 952 praesi-

392 956 535 1013 dens,
572 955 741 1003 Christi
777 962 824 1003 et
858 955 1006 1003 Patris
1041 955 1226 1003 nomine
1269 956 1510 1018 insignita,
1547 970 1682 1018 quam
1719 964 1767 1004 et
1801 958 1948 1005 saluto
1985 960 2031 1006 in
2068 973 2149 1008 no·

387 1026 512 1073 mine
551 1024 656 1074 lesu
686 1023 868 1083 Christi,
901 1024 982 1072 filii
1016 1025 1185 1083 Patris3
1232 1026 1312 1083 iis,
1349 1027 1428 1088 qui
1466 1026 1719 1073 secundum
1756 1040 1936 1075 carnem
1974 1035 2022 1077 et
2058 1031 2151 1091 spi·

387 1098 526 1145 ritum
571 1095 716 1143 cuivis
751 1095 896 1157 ipsius
929 1102 1179 1158 praecepto
1217 1103 1324 1143 sunt
1358 1096 1566 1153 adunati,
1615 1097 1758 1158 gratia
1790 1097 1870 1144 Dei
1918 1099 2150 1161 insepara-

385 1165 542 1215 biliter
572 1165 741 1228 repleti
774 1172 821 1212 et
856 1164 912 1212 ab
949 1166 1071 1212 omni
1109 1165 1259 1214 alieno
1295 1166 1449 1214 colore
1486 1172 1594 1212 sunt
1623 1167 1872 1229 expurgati,
1909 1168 2148 1229 plurimam

387 1238 435 1285 in
472 1235 578 1283 lesu
613 1235 811 1293 Christo,
850 1235 943 1283 Deo
982 1242 1156 1293 nostro,

1193 1243 1239 1283 et
1274 1237 1585 1284 intaminatam
1622 1242 1730 1298 opto
1769 1237 1975 1285 salutem.

763 1347 799 1394 1.
870 1347 1017 1409 Spero
1051 1362 1134 1395 vos
1170 1349 1352 1396 vinctus
1386 1349 1561 1396 videre.

315 1432 458 1480 Deum
493 1438 709 1494 precatus
747 1431 1007 1494 impetravi,
1059 1437 1110 1478 ut
1145 1430 1240 1479 Deo
1290 1431 1455 1494 dignos
1492 1432 1641 1480 vultus
1675 1439 1855 1479 vestros
1895 1445 2148 1489 cernerem,

182 1509 231 1552 et
261 1501 391 1566 plus,
442 1515 577 1564 quam
606 1500 845 1564 petebam,
892 1502 1177 1564 acciperem3
1227 1502 1406 1549 vinctus
1453 1503 1575 1549 enim
1621 1503 1666 1549 in
1705 1501 1810 1549 lesu
1848 1501 2030 1548 Christo
2066 1516 2149 1548 vos

180 1573 375 1621 salubre
411 1585 565 1635 spero,
601 1571 828 1633 siquidem
848 1571 1058 1619 voluntas
1078 1571 1157 1619 Dei
1194 1572 1266 1630 sit,
1304 1579 1356 1619 ut
1395 1571 1560 1634 dignus
1585 1572 1769 1629 habear,
1808 1572 1887 1633 qui
1923 1572 1980 1619 ad
2010 1570 2149 1618 finem

179 1642 453 1707 perveniam.
490 1641 633 1690 Recte
668 1642 789 1689 enim
826 1641 1100 1704 dispositum
1137 1649 1210 1689 est
1244 1642 1535 1704 principium,
1574 1643 1613 1689 si
1649 1642 1840 1705 gratiam
1878 1655 2149 1703 consequar,

179 1719 351 1762 sortem
383 1725 531 1760 meam
567 1713 667 1760 sinc
700 1712 1025 1774 impedimento
1063 1712 1336 1774 accipiendi.
1408 1712 1564 1760 Timeo
1603 1713 1723 1760 enim
1769 1717 1967 1760 vestram
2001 1711 2148 1760 chari·

176 1789 338 1842 tatem,
383 1796 444 1830 ne
490 1796 545 1830 ea
593 1782 705 1831 mihi
740 1789 921 1830 noceat.
991 1781 1132 1829 Vobis
1169 1783 1290 1830 enim
1326 1782 1458 1829 facile
1495 1789 1595 1840 est,
1634 1783 1760 1844 quod
1794 1782 1930 1829 vultis
1966 1781 2147 1838 facere3

176 1853 288 1901 mihi
320 1866 431 1900 vcro
469 1851 658 1900 difficile
693 1860 779 1910 est,
815 1852 910 1900 Deo
947 1852 1103 1914 potiri,
1139 1853 1179 1900 si
1217 1866 1295 1899 vos
1331 1853 1443 1899 mihi
1480 1867 1673 1915 parcere
1710 1852 1919 1900 studetis,

177 1990 341 2043 saepius
381 1994 587 2040 usurpata.
653 1986 833 2035 Dixerat,
869 1980 975 2040 ἥτις
1014 1998 1132 2042 προ-

174 2042 385 2100 κάθηται
410 2041 463 2088 ἔν
479 2039 627 2098 τόπῳ,
656 2056 758 2097 quoe
785 2045 830 2083 in
857 2043 943 2084 loco
965 2042 1132 2083 maxime

174 2102 453 2156 praesidem,-
497 2111 603 2141 nnnc
645 2098 813 2140 eandem
862 2100 906 2139 in
942 2099 1131 2139 charitate

177 2158 297 2202 etiam
447 2159 593 2197 nime
607 2155 831 2197 Ecclesiam
862 2154 1060 2205 ostendit;
1092 2162 1132 2196 et

177 2215 284 2258 inter
330 2212 487 2267 reliqna
547 2211 724 2267 epitheta
773 2224 871 2253 sane
919 2210 1128 2265 praeclara

179 2272 253 2314 lus
280 2271 400 2313 etiam
430 2269 571 2312 landes
598 2268 753 2320 inserit,
783 2268 894 2323 quod
926 2268 1032 2309 inter
1061 2280 1128 2309 re·

177 2328 308 2383 liques
330 2326 534 2369 Ecclesias
547 2327 724 2368 Romana
757 2325 798 2366 in
830 2324 1021 2378 operibus
1051 2325 1128 2365 mi·

173 2384 423 2427 sericordiae
471 2391 510 2425 et
555 2382 760 2424 charitatis
806 2381 1016 2423 eminebat.
1083 2381 1126 2422 ld

177 2453 273 2483 vero
313 2453 390 2482 nos
431 2439 553 2482 docet
578 2437 796 2492 Dionysius
824 2437 1126 2480 Corinthiorum

174 2497 404 2551 Episcopus
445 2496 486 2537 in
523 2495 652 2550 Epist.
698 2494 752 2537 ad
793 2494 1016 2545 Romanos,
1057 2496 1125 2537 55.

173 2560 270 2609 post
297 2554 402 2595 hanc
429 2565 537 2594 anno
565 2552 731 2605 scripta,
759 2551 868 2605 apud
899 2551 1045 2593 Euseb.
1076 2551 1124 2592 Η.

174 2611 221 2654 E.
248 2611 310 2653 tv.
338 2609 408 2653 23.
464 2609 562 2651 vide
592 2609 649 2651 ibi
678 2608 810 2662 plura.
838 2607 1022 2649 Pearson.

259 2667 307 2722 6)
335 2667 502 2709 Vossius
550 2672 591 2708 et
634 2671 744 2735 post
786 2676 878 2707 eum
931 2664 1124 2707 Smithius

173 2723 455 2767 commendant
478 2732 793 2782 χριστονομος
819 2735 854 2763 c.
884 2727 961 2763 vet.
987 2722 1129 2763 lnt.=

178 2780 320 2823 arim
360 2781 508 2823 habens
544 2781 679 2833 ἱερου.
735 2778 791 2821 Ac
831 2778 886 2820 ita
923 2784 1128 2821 verterunt

175 2838 266 2891 Syr.
298 2843 341 2879 et
366 2839 472 2879 Arm.
496 2836 761 2890 interpretes,
789 2835 1000 2890 sequentia
1029 2847 1126 2877 vero

177 2899 375 2936 nutantes
406 2899 528 2948 atque
555 2892 847 2935 abbreviantes.

258 2949 308 3005 7)
337 2949 412 2991 lut.
427 2955 568 2992 noster
595 2949 804 2991 chamus
821 2947 1020 3002 reddidit3
1050 2949 1128 2990 Ve-

177 3012 241 3048 tus
296 3005 480 3059 vulgatus
526 3005 706 3058 abluam
751 3004 943 3047 Uol-elius
998 3005 1126 3058 magis

177 3062 345 3117 proprie
373 3064 608 3116 empuis
623 3072 672 3103 se
695 3061 913 3114 armatis
929 3061 1127 3115 exposuit.

175 3119 322 3161 Notum
349 3118 455 3160 enim
483 3124 546 3161 est
573 3129 620 3159 ex
649 3116 787 3160 naun.
816 3115 900 3168 2³,
930 3116 999 3160 2⁴.
1030 3117 1128 3171 qnid

173 3175 228 3217 sit
255 3172 482 3226 διυλίζειν
509 3173 596 3230 τὴν
610 3170 832 3218 muna.
868 3173 997 3215 vuer.
1047 3171 1130 3215 Csr.

173 3230 225 3273 ad
255 3231 412 3274 Pbilad.
442 3244 478 3273 c.
512 3231 554 3275 3.
1017 3255 1019 3257 -

259 3286 308 3342 8)
343 3288 470 3342 syrus
482 3287 520 3331 1.
530 3300 595 3343 ap.
608 3287 798 3330 Cureton.
811 3292 908 3342 post
917 3281 1136 3345 &ponimns

175 3351 371 3388 comate
397 3344 659 3399 interpungit.

259 3400 305 3454 9)
339 3401 398 3443 lta
426 3407 596 3457 uterque
610 3408 688 3445 vet.
717 3401 792 3444 lnt.
825 3406 865 3442 et
883 3400 981 3443 varii
998 3398 1128 3442 Codd.

352 3457 364 3468 '
537 3458 591 3510 h„
618 3458 727 3501 idem
747 3457 923 3501 coniecit
937 3457 1123 3510 Vossius3

537 3528 560 3564 ς
584 3515 670 3567 us„
700 3526 871 3569 cumque
899 3514 1126 3568 interpola·

180 3576 268 3611 tore
309 3570 439 3613 notui
467 3569 597 3615 codd.
625 3571 813 3623 BFOV,
844 3571 970 3626 Syrus
1003 3572 1043 3614 2.
1086 3578 1127 3612 et

176 3632 346 3681 uterque
373 3626 478 3670 Am.
494 3626 620 3682 Sym
641 3628 679 3673 1.
709 3623 872 3679 πάλαι,
903 3627 966 3671 vel
992 3628 1128 3696 πρῶ-

179 3694 261 3727 τον
289 3681 350 3725 vel
383 3682 464 3726 tale
494 3683 592 3739 quid
616 3697 659 3741 p.
687 3681 795 3731 luel.
834 3683 981 3739 legisse
1010 3684 1125 3728 vide-

1189 1992 1410 2038 turjvocc.
1444 1984 1509 2035 ὥς
1538 1984 1615 2029 καὶ
1646 1986 1790 2030 πλέον
1809 1981 2025 2046 ᾐτούμην
2063 1985 2147 2027 λα-

1186 2045 1288 2098 βεῖν
1320 2043 1493 2084 omissis.

1276 2099 1346 2153 10)
1376 2097 1509 2157 [γὰρ]
1539 2110 1585 2140 ex
1621 2105 1792 2152 utraque
1835 2097 2021 2139 versione
2066 2105 2144 2141 vet.

1188 2155 1311 2197 latina
1348 2162 1388 2197 et
1425 2154 1721 2208 Interpolatore
1769 2154 1999 2196 addendum
2041 2168 2144 2206 esse,

1186 2213 1264 2254 iam
1303 2212 1404 2254 vidit
1455 2212 1634 2254 VossiuS.
1701 2212 1826 2253 Adest
1878 2223 2040 2266 quoque
2101 2213 2143 2253 in

1185 2269 1315 2311 Codd.
1346 2269 1463 2310 Bov
1507 2276 1546 2310 et
1585 2280 1649 2322 ap.
1687 2270 1797 2312 Arm.
1826 2268 1890 2320 2.;
1931 2268 2019 2310 ’καὶ
2055 2269 2146 2313 νῦν

1184 2322 1439 2383 δεδεμένος
1465 2326 1571 2366 Arm.
1605 2326 1660 2376 1.,
1690 2326 1779 2368 νῦν
1806 2322 1860 2367 δὲ
1888 2321 2146 2384 δεδεμένος

1185 2384 1274 2436 Syr.
1299 2383 1357 2435 1.;
1391 2382 1595 2435 discrepat
1625 2382 1713 2434 Syr.
1731 2381 1769 2422 2.

1271 2438 1342 2493 11)
1373 2437 1577 2479 Curetono
1611 2437 1700 2490 Syr.
1736 2438 1770 2479 1.
1803 2437 1951 2489 legisse
1981 2436 2142 2479 videtur

1182 2489 1359 2550 ἐάνπερ
1388 2490 1598 2550 ἐπιτύχω
1628 2491 1713 2538 τὸν
1740 2493 1823 2548 κλῆ
1856 2490 1914 2537 όν
1949 2507 2044 2552 μου
2075 2494 2144 2543 εἰς

1182 2551 1332 2609 πέρας
1346 2549 1714 2609 ἀνεμποδίστως
1731 2507 2001 2605 ἀποῖαβεῖν.
2040 2551 2143 2592 Eum

1181 2609 1351 2650 vertisse
1399 2608 1604 2667 πέρατος
1648 2607 1741 2649 loco
1785 2603 1986 2667 χάριτος
2026 2614 2142 2662 putat

1183 2665 1485 2707 Petermannus.
1498 2710 1504 2718 ‚

1271 2721 1343 2776 12)
1371 2722 1548 2776 Martyrii
1565 2720 1768 2763 desiderio
1780 2721 1954 2774 flagrans
1967 2721 2011 2763 B.
2022 2721 2140 2774 Igna-

1182 2779 1261 2821 tius
1295 2779 1528 2830 verebatur,
1577 2791 1627 2820 ne
1657 2778 1827 2821 Romani
1858 2778 1920 2821 vel
1949 2779 2140 2833 precibus

1183 2837 1234 2878 ad
1266 2837 1392 2879 Deum
1426 2842 1466 2878 et
1498 2836 1702 2887 homines,
1748 2835 1811 2878 vel
1843 2836 2037 2889 pecunia,
2071 2842 2141 2877 aut

1181 2906 1258 2947 per
1308 2894 1387 2935 vim
1439 2905 1529 2934 eum
1585 2906 1606 2934 a
1658 2892 1862 2946 supplicio
1909 2892 2140 2935 eximerent.

1183 2951 1270 2993 Mos
1300 2950 1452 3005 quippe
1491 2957 1577 2992 erat
1606 2948 1945 3000 Christianorum,
1985 2955 2139 2991 tantum

1183 3013 1374 3062 quantum
1402 3013 1591 3060 poterant
1621 3006 1706 3057 niti,
1734 3013 1779 3048 ut
1794 3006 1938 3047 fratres
1968 3011 2141 3059 propter

1183 3063 1304 3106 iidem
1349 3070 1491 3117 captos
1547 3070 1587 3106 ct
1638 3063 1848 3104 damnatos
1897 3062 2140 3104 liberarent:

1185 3120 1295 3173 quod
1330 3119 1521 3163 discimus
1553 3133 1597 3162 ex
1629 3119 1766 3161 Const.
1794 3119 2016 3172 Apost.1V.
2048 3118 2136 3171 §.9.

1185 3175 1228 3217 V.
1260 3176 1325 3228 ἢ.
1350 3176 1388 3228 l,
1411 3177 1450 3220 2.
1483 3190 1529 3219 ex
1544 3176 1709 3219 Luciani
1729 3175 1946 3228 Peregrino
1976 3174 2033 3228 (ξ.
2054 3173 2140 3228 12.)

1186 3237 1228 3272 et
1266 3243 1312 3273 cx
1352 3232 1529 3276 Eusebio
1568 3234 1617 3275 H.
1655 3234 1700 3275 E.
1730 3233 1790 3274 vl.
1822 3232 1893 3274 40.
1951 3230 2140 3281 Quamvis

1186 3292 1318 3329 autem
1352 3288 1395 3331 id
1436 3302 1459 3332 a
1502 3289 1691 3333 Romanis
1747 3287 1852 3330 effici
1900 3286 2139 3342 nequiverit,

1187 3342 1337 3386 amoris
1374 3353 1436 3389 est
1475 3346 1604 3389 nihilo
1648 3345 1778 3388 minus
1809 3344 1942 3387 omnia
1970 3350 2055 3388 tuta
2085 3343 2139 3385 ti-

1186 3412 1309 3443 mere.
1370 3400 1490 3446 colel.
1575 3404 1749 3457 Symeon
1795 3401 1968 3455 Metaph.
2017 3400 2141 3443 habet

1186 3459 1382 3511 ποιῆσαι
1407 3454 1436 3502 δ
1466 3458 1643 3503 θέλετε.

1278 3514 1348 3569 13)
1379 3515 1663 3570 interpolator,
1694 3523 1769 3556 vet.
1796 3513 1864 3556 lat.
1880 3513 2136 3568 interpretes,

1185 3572 1273 3624 Syr.
1311 3571 1347 3613 1.
1387 3578 1428 3614 et
1454 3573 1559 3614 Arm.
1594 3573 1630 3615 1.
1684 3566 1860 3630 ἐάνπερ
1902 3567 2041 3630 ὑμεῖς
2069 3569 2137 3629 μὴ

1181 3627 1424 3685 φείσησθε
1443 3642 1550 3687 μου,
1581 3640 1684 3683 quae
1719 3626 1839 3671 lectio
1861 3638 2025 3671 sensum
2052 3639 2135 3670 non

1180 3690 1317 3727 mutat.
