2340 3900
196 193 295 245 364
387 196 718 242 MARTYRIUM
756 196 798 241 S.
839 195 1063 242 IGNATII.
1117 194 1244 243 XXII.
1279 197 1426 244 XXIII.
1472 197 1614 244 XXIV.
1650 197 1775 243 XXV.
1813 197 1958 242 XXVI.

191 348 275 387 νος
308 323 590 413 γράμματα,
609 322 790 391 ημέρας
811 322 1069 411 ἐπιστάσης
1103 324 1345 413 εὐκαίρου,
1381 326 1529 393 ἡνίκα
1565 325 1828 395 δημοτελὴς
1849 325 2032 414 ὖπηρχε
2050 333 2152 389 τοῖς

191 394 438 479 Ῥωμαίοις
459 391 744 482 πανήγυρις,
782 392 903 445 κατὰ
938 395 1085 461 μέσον
1119 393 1269 448 αὐτὸν
1305 395 1481 467 εἰσάγει
1509 396 1562 450 τὸ
1598 398 1822 464 θέατρον,
1862 395 2022 465 ῶσπερ
2057 398 2151 449 οὖν

194 461 284 532 εἶχε
318 461 371 515 τὸ
407 459 624 531 πονηρὸν
660 463 814 515 έκεῖνο
850 469 938 516 τοῦ
973 465 1207 531 βασιλέως
1242 466 1488 536 ἐπίταγμα.

328 594 479 639 XXIII.
533 592 657 673 Τῆς
691 585 874 651 πόλεως
909 583 1000 641 οὗν
1030 587 1201 674 πάσης
1235 597 1321 642 τοῦ
1357 589 1575 679 θεάτρου
1618 589 1997 658 προκαθημένης
2032 584 2151 654 μετὰ

189 661 385 742 θερμοῦ
425 653 697 723 πνεύματος
732 659 815 709 καὶ
863 657 1138 746 ὀφθαλμῶν
1181 657 1309 727 ἤδη
1327 661 1449 721 θέας
1485 657 1736 729 ἐρώντων,1
1787 679 1868 710 ατε
1903 661 2151 724 πανταχοῦ

189 730 275 792 τῆς
312 724 479 793 φήμης
505 725 850 796 διαγγειλάσης,
888 727 974 781 τὸν
1007 735 1109 796 τῆς
1117 732 1305 797 Συρίας
1333 732 1595 782 ἐπίσκοπον
1616 730 1802 817 μέλλειν
1823 727 2033 817 σήμερον
2055 734 2150 794 θη-

187 802 447 891 ριομαχεῖν,
485 796 792 882 ἐπιστραφεὶς
825 796 947 888 πρὸς
983 797 1036 850 τὸ
1072 804 1266 887 πληθος
1305 800 1486 860 ἐκεῖνος
1521 799 1637 865 μετὰ
1671 800 1901 882 γενναίου
1919 798 2031 848 λίαν
2066 796 2148 848 καὶ

187 863 437 952 ἀτρέστου2
469 865 814 950 φρονήματος,
854 864 935 920 οἷα
971 866 1031 935 δὴ
1082 869 1164 919 καὶ
1199 867 1506 935 καυχώμενος
1543 869 1622 919 ἐπὶ
1635 873 1714 957 ’,τῇ
1751 864 1964 938 δοκούση
1999 863 2151 987 ταύτη

186 932 269 986 διὰ
306 932 519 1020 Χριστὸν
555 934 756 1024 αἰσχύνῃ
794 938 874 989 καὶ
912 940 1329 1026 psyakoqopovfflv³
1359 937 1595 1023 ’Ἀνδρες,
1631 938 1744 1004 ε’φη,
1777 919 2030 1003 Ρωμαῖοι,
2066 956 2129 987 κα

187 1009 274 1056 τοῦ
308 1001 548 1072 παρόντος
582 1003 773 1091 ἀγῶνός
808 1008 910 1094 μοι4
944 1008 1132 1067 θεαταὶ,
1167 1005 1226 1059 06
1263 1005 1456 1073 φαύλου
1492 1004 1623 1067 τινὸς
1659 1027 1819 1058 ενεκεν
1841 1008 1946 1073 ἐμοι
1979 1011 2149 1093 ταῦτα,

189 1072 304 1125 οὐδὲ
338 1080 567 1163 πονηρῶν
593 1073 811 1144 πράξεων
833 1074 1054 1142 ύπέχοντι
1079 1079 1261 1161 δίκην,
1275 1074 1375 1128 ἀλλ’
1419 1075 1537 1127 ὥστε
1564 1082 1689 1128 θεοῦ
1711 1076 1963 1164 ἐπιτυχεῖν,
1999 1069 2148 1160 οὗπερ

187 1143 280 1210 ἐρῶ
315 1165 396 1195 και
425 1142 706 1231 ἀπλήστως5
742 1147 947 1213 ἐφίεμαι.
1021 1150 1168 1206 Σῐτος
1202 1143 1292 1212 γάρ
1342 1147 1436 1210 εἰμι
1484 1143 1638 1196 αὐτοῦ
1686 1147 1769 1197 καὶ
1814 1143 1882 1197 δι’
1934 1141 2149 1197 ὀδόντων

185 1215 378 1301 θηρίων
414 1211 692 1282 ἀλήθομαι,
739 1217 822 1267 ι’να
870 1212 1091 1300 καθαρὸς
1141 1213 1271 1286 αὐτῷ
1322 1211 1465 1301 άρτος
1510 1214 1734 1301 γένωμαι.
1812 1220 1975 1266 Ταῦτα
2021 1210 2150 1266 εἷπε·

187 1283 269 1334 καὶ
305 1280 572 1348 ἀφεθέντες
607 1286 657 1336 οἷ
686 1284 870 1346 λέοντες
906 1267 1251 1336 διεσπάσαντό
1261 1304 1309 1335 τε
1346 1281 1498 1335 αὐτὸν
1547 1281 1704 1344 εὐθὺς
1739 1305 1821 1335 και
1857 1283 2151 1372 κατέφαγον,

188 1350 349 1418 μόνων
385 1353 572 1405 ἐκείνου
606 1359 704 1406 τῶν
737 1354 1033 1438 τραχυτέρων
1070 1351 1224 1405 ὀστῶν
1265 1351 1588 1419 ἀπεχόμενοι,6
1626 1354 1747 1422 ἔργῳ
1783 1358 1872 1420 τῆς
1907 1351 2052 1420 εὐχῆς
2081 1357 2151 1423 τῷ

187 1420 347 1506 ἀνδρὶἿ
384 1426 736 1517 πληρωθείσης,
774 1423 893 1475 ὥστε
927 1421 1088 1488 τάφον
1124 1421 1255 1511 αὐτῷ
1292 1444 1349 1474 τα
1402 1424 1557 1488 θηρία
1602 1423 1834 1492 γενέσθαι
1879 1422 1960 1474 καὶ
1995 1406 2147 1490 μηδὲν

187 1488 571 1578 ὑπολειφθῆναι8
604 1499 690 1544 τοῦ
727 1492 968 1558 σώματος·
1019 1493 1166 1544 οἷονει
1209 1493 1318 1560 περὶ
1360 1494 1580 1553 πλείονος
1623 1498 1709 1544 τοῦ
1759 1497 1885 1544 θεοῦ
1932 1491 2150 1579 θεμένου

187 1558 276 1627 τὴν
312 1558 455 1627 εὐχὴν
486 1562 569 1612 καὶ
603 1559 689 1613 τὸν
726 1562 875 1628 ἔρωτα
910 1567 997 1613 τοῦ
1032 1560 1335 1629 θεράποντος
1353 1562 1577 1651 ἐνεγκεῖν
1616 1563 1684 1623 εἰς
1718 1561 1886 1627 πέρας,
1922 1558 1957 1628 ἢ
1991 1558 2045 1614 τὸ
2094 1582 2148 1613 α-

186 1643 410 1693 ψαυστον
446 1628 594 1682 αὐτὸν
641 1637 741 1692 τοῖς
775 1631 966 1683 λέουσιν
1000 1629 1272 1696 ἀποδεῖξαι,
1310 1636 1376 1682 τῶ
1412 1633 1573 1703 οἰκείῳ
1611 1628 1811 1698 ὀνόματι
1848 1632 2149 1701 περιθεῖναθ

187 1696 350 1762 δόξαν.

323 1817 466 1863 XXIV.
534 1808 674 1862 Ἐπεὶ
710 1810 761 1860 δὲ
796 1816 946 1862 ταῦτα
982 1811 1118 1877 ἐξέβη
1147 1810 1230 1862 καὶ
1250 1809 1384 1872 τέλος
1407 1812 1587 1878 ἔλαβεν,
1626 1812 1676 1863 οἱ
1695 1808 1817 1863 κατὰ
1839 1808 1928 1877 τὴν
1961 1807 2146 1877 Ῥώμην

184 1879 358 1940 πιστοὶ,
397 1875 471 1940 οἷς
504 1880 587 1931 καὶ
639 1883 732 1941 ζῶν
768 1879 836 1930 ε’τι
884 1878 913 1932 6
962 1878 1209 1945 θεοφόρος
1257 1879 1524 1942 ἐπέστειλε,1
1578 1879 1694 1946 μετὰ
1740 1879 1794 1931 τὸ
1846 1881 2145 1967 διαλυθῆναι

183 1946 236 1999 τὸ
290 1948 499 2015 θέατρον
554 1947 874 2009 συνελθόντες
931 1949 1015 2000 καὶ
1069 1970 1128 2000 τα
1173 1947 1290 1999 ὀστᾶ
1350 1947 1627 2009 ποθούσαις
1701 1949 1862 2016 χερσὶν
1924 1947 2146 2015 ἀνελόμε-

182 2037 282 2083 νοι,
334 2017 417 2069 καὶ
467 2020 733 2104 σεβασμίως
767 2015 889 2069 αὐτα
923 2020 1322 2081 περιστείλαντες,
1360 2019 1448 2081 ἔξω
1482 2024 1569 2085 τῆς
1609 2015 1795 2079 πόλεως
1841 2018 1894 2070 ἐν
1927 2016 2145 2090 ἐπισήμω

182 2086 443 2138 κατέθεντο
479 2086 627 2157 τόπῳ,
667 2084 836 2138 εἰκάδα
883 2085 988 2139 τότε
1022 2093 1109 2139 τοῦ
1158 2090 1461 2155 Δεκεμβρίου
1494 2086 1650 2154 μηνὸς
1687 2085 1902 2157 άγοντος.
1981 2093 2146 2140 Ταῦτα

183 2155 235 2208 δὲ
283 2157 366 2207 καὶ
413 2158 481 2217 εἰς
510 2141 807 2223 Ἀντιόχειαν
842 2156 1041 2243 ύστερον
1077 2155 1166 2223 τὴν
1201 2163 1287 2208 τοῦ
1325 2157 1566 2226 μάρτυρος
1592 2155 1896 2243 ἀνεκομίσθη
1914 2159 2137 2248 πατρίδα,

182 2225 263 2277 καὶ
300 2227 475 2291 διπλῆν
511 2227 565 2276 αἱ
597 2224 770 2292 μεταξὺ
803 2224 967 2288 πόλεις
991 2224 1079 2292 τὴν
1107 2225 1329 2313 εὐλογίαν
1349 2227 1633 2312 ἐτρύγησαν·
1669 2223 1905 2293 πρότερόν
1926 2246 1976 2279 τε
1995 2226 2146 2314 ἡνίκα

183 2295 374 2359 δέσμιος
410 2296 457 2356 ἐξ
485 2292 776 2361 Ἀντιοχείας
812 2294 841 2347 6
864 2294 1044 2364 μάρτυς
1074 2298 1141 2356 εἰς
1175 2294 1358 2363 Ῥώμην
1380 2317 1624 2382 κατηγετο,
1661 2298 1745 2349 καὶ
1766 2302 1874 2360 νῦν,
1912 2317 1992 2348 οτε
2028 2294 2147 2363 μετὰ

181 2369 410 2432 λαμπρῶν
444 2369 540 2415 τῶν
588 2367 831 2431 τροπαίων
878 2367 1070 2418 ἐκεῖθεν
1105 2364 1421 2436 ἀνεκομίζετο,
1458 2364 1683 2433 καθάπερ
1720 2366 1936 2433 μέλισσαι
1973 2369 2145 2437 κηρίον

183 2437 355 2484 τοῦτον
390 2433 748 2499 περιπτάμεναι.

322 2549 446 2594 XXV.
508 2542 732 2628 Λέγεται
758 2548 896 2611 γοῦν,
935 2542 1009 2594 ότι
1045 2542 1161 2609 μετὰ
1196 2543 1284 2611 τὴν
1319 2543 1618 2612 μαρτυρικὴν
1651 2549 1738 2595 τοῦ
1778 2540 1957 2611 ἀνδρὸς
2004 2545 2144 2595 τελεί-

183 2625 300 2662 ωσιν
331 2609 647 2663 πενθούντων
682 2609 770 2675 τὴν
824 2612 1012 2663 ἐκείνου
1044 2613 1270 2696 στέρησιν
1318 2619 1415 2664 τῶν
1451 2614 1503 2664 ἐν
1538 2619 1595 2699 τῇ
1631 2610 1784 2684 Ῥώμῃ
1817 2616 2026 2675 πιστῶν,
2061 2615 2147 2664 καὶ

183 2678 326 2732 οὐδὲν
361 2679 485 2742 όλως
519 2687 606 2747 τῆς
643 2679 825 2745 ὀδύνης
859 2679 1179 2766 παραμύθιον
1215 2681 1497 2747 δεχομένων,
1534 2681 1706 2748 ύμνοις
1741 2702 1789 2733 τε
1820 2679 2145 2748 σχολαζόντων

181 2749 454 2814 ἐπιταφίοις
489 2751 571 2801 καὶ
601 2751 901 2817 παννυχίσιν,
941 2747 1088 2811 αὐτὸς
1124 2749 1271 2836 ὄναρ
1285 2748 1660 2817 ἐπιφαινόμενος
1694 2751 1776 2802 καὶ
1829 2751 1974 2802 οἱονεὶ
2013 2771 2144 2838 περι-

180 2816 372 2884 βάλλων
407 2817 585 2879 αὐτοὺς
618 2841 700 2871 και
734 2817 1206 2886 περιπτυσσόμενος,
1244 2818 1353 2871 όσοι
1388 2818 1572 2886 δηλαδὴ
1620 2820 1703 2871 καὶ
1739 2818 1906 2882 ἀξίους
1942 2819 2145 2883 ἑαυτοὺς

180 2888 413 2956 πρότερον
449 2909 535 2954 της
572 2889 758 2940 ἐκείνου
794 2888 1089 2975 κατέστησαν
1123 2891 1396 2950 συνουσίας,
1435 2887 1608 2955 ὁμαλὲς
1644 2886 1810 2950 αὐτοῖς
1828 2890 1911 2941 καὶ
1944 2887 2144 2976 πραότε-

181 2978 269 3022 ρον
306 2957 456 3009 ἐποίει
499 2956 552 3008 τὸ
589 2958 775 3018 πένθος
816 2957 898 3008 καὶ
932 2963 1020 3023 τῆς
1067 2955 1249 3025 ὀδύνης
1291 2956 1345 3010 τὸ
1396 2956 1562 3044 άγριον
1610 2955 1894 3025 ἀπεσβέννυ.
1948 2957 2144 3044 ’Έτεροι

179 3025 231 3076 δὲ
266 3023 412 3078 πάλιν
462 3028 582 3078 ἰδεῖν
629 3025 777 3078 αὐτὸν
838 3027 1024 3092 ε’φησαν
1073 3029 1235 3093 ἱδρῶτι
1298 3026 1709 3117 καταρρεόμενον,
1759 3026 1986 3097 καθάπερ
2036 3025 2144 3113 άρτι

179 3097 293 3146 τῶν1
327 3101 413 3162 τῆς
448 3093 704 3162 ἀθλήσεως
740 3093 1136 3149 ἀναπεπνευκότα
1178 3095 1344 3150 πόνων
1391 3099 1475 3149 καὶ
1521 3098 1759 3164 σωτηρίαν
1803 3102 1862 3168 τῇ
1907 3117 1958 3149 τε
2004 3095 2181 3150 πόλει·

180 3164 263 3215 καὶ
294 3170 415 3216 πᾶσι
447 3172 635 3227 πιστοῖς
669 3163 1002 3231 ἐπευχόμενον.

317 3281 463 3368 XXIVI.
541 3280 774 3328 Τοιοῦτον
808 3274 905 3362 μὲν
931 3272 992 3342 δη
1030 3273 1082 3326 τὸ
1119 3280 1206 3327 τοῦ
1240 3274 1493 3343 θεοφόρου
1529 3276 1674 3339 τέλος,
1709 3269 1844 3328 οὗτοι
1864 3271 1972 3325 οἷ’
1947 3279 2140 3343 αγῶνες,

182 3344 409 3394 τοιοῦτοι1
460 3345 512 3395 οἷ
555 3341 680 3414 πρὸς
731 3341 943 3412 Χριστὸν
991 3342 1142 3396 αὐτοῦ
1187 3346 1494 3412 περιφανεῖς2
1530 3346 1712 3414 ἔρωτες.
1787 3348 2051 3411 Μαρτυρεῖ
2089 3344 2141 3396 δὲ

271 3483 365 3534 Cap.
400 3485 529 3524 XXIII.
557 3482 634 3532 -1)
664 3483 721 3523 Al.
753 3479 987 3539 ὁρώντων.
1023 3483 1102 3523 Cot.
1277 3483 1322 3530 4)
1352 3483 1408 3522 Al.
1439 3498 1543 3537 μου,
1573 3484 1614 3523 in
1645 3483 1696 3522 al.
1729 3483 1853 3523 deest.
1889 3482 1968 3524 Cot.

269 3539 313 3589 2)
346 3537 580 3594 ἀτρέπτου
609 3540 681 3578 ΑΕ
713 3552 794 3578 var.
828 3540 918 3579 lect
951 3552 1014 3590 ap.
1047 3538 1133 3578 Cot.
1277 3535 1322 3588 5)
1355 3536 1570 3579 ἀπλίστω
1602 3545 1687 3579 erat
1714 3538 1754 3577 in
1785 3539 1827 3578 A.

183 3646 210 3684 C
242 3593 312 3686 t⁶3)
341 3594 464 3649 μέγα
496 3596 688 3650 φρονῶν
717 3595 835 3635 AEN
887 3601 927 3634 et
964 3593 1320 3685 A1.ap.({3)
1346 3589 1670 3687 γεποσχόμενοι
1698 3594 1734 3633 A
1748 3594 1778 3633 Ε
1799 3595 1831 3634 Ν
1864 3601 1903 3635 et
1931 3607 2014 3635 var.
2044 3594 2136 3634 lect.

217 3659 238 3684 ο
1192 3660 1254 3699 ap.
1320 3659 1342 3686 o
