2340 3900
733 150 767 196 l.
804 149 1115 197 CLEMENTIS
1148 151 1220 198 AD
1258 151 1379 199 COR.
1423 150 1512 200 XV.
1546 151 1658 201 xvl.
2114 147 2181 200 63

221 289 353 336 labiis
387 301 463 336 me
500 288 711 347 honorat,
748 301 832 335 eor
863 295 1013 336 autem
1049 302 1210 335 eorum
1245 289 1381 351 louge
1417 288 1548 337 abest
1567 303 1594 337 a
1614 285 1717 336 me.‘
1774 287 1830 336 Et
1863 301 2047 338 rursus:
2084 304 2182 346 ‚ore

222 372 307 405 suo
341 357 690 416 benedicebant,
726 363 772 405 et
808 359 947 405 eorde
982 372 1067 405 suo
1103 356 1465 405 maledicebant.‘
1532 359 1587 406 Et
1620 373 1783 406 rursus
1822 358 1953 406 dicit:
1999 359 2181 416 ,dilexe-

222 434 330 474 runt
366 441 470 475 eum
506 428 553 474 in
589 442 671 475 ore
707 442 817 485 suo,
865 434 913 475 et
944 427 1099 488 lingua
1135 442 1216 473 sua
1251 430 1426 474 mentiti
1463 436 1569 476 sunt
1606 430 1671 476 ei:
1722 442 1804 476 eor
1836 435 1987 476 autem
2023 442 2182 476 eorum

220 511 313 543 non
349 504 526 544 rectum
562 511 665 544 eum
703 511 788 560 eo,
823 511 911 544 nee
955 495 1117 543 fideles
1152 495 1294 542 habiti
1332 504 1437 543 sunt
1486 498 1532 544 in
1567 504 1839 546 testamento
1877 498 1991 545 eius.
2062 498 2184 546 Muta

223 564 334 612 flant
367 566 486 613 labia
520 566 694 624 dolosa,
728 573 775 613 et
810 566 1046 629 disperdat
1068 566 1285 612 Domitius
1326 567 1536 613 universa
1571 567 1690 615 labia
1727 568 1886 615 dolosa
1910 574 1956 615 et
1982 568 2181 631 linguam

220 635 581 697 magniloquam,
634 650 717 683 eos
766 636 846 698 qui
893 636 1128 682 dixerunt:
1176 635 1375 695 linguam
1412 645 1615 683 nostram
1652 636 2019 699 magnificemus,
2067 638 2184 686 labia

219 711 379 752 nostra
411 705 533 767 apud
569 720 655 753 nos
692 712 826 773 sunt3
863 706 967 767 quis
1002 711 1162 752 noster
1191 704 1402 751 dominus
1441 705 1542 751 est?
1591 707 1788 768 Propter
1819 707 2051 754 miseriam
2087 708 2183 756 ino-

220 788 328 835 pum
365 781 411 820 et
446 775 664 836 gemitum
697 788 947 837 pauperum
984 788 1106 821 nune
1143 787 1407 834 exsurgam,
1463 774 1571 821 dicit
1606 775 1847 834 Dominus3
1897 790 2064 839 ponam
2102 791 2184 826 eos

220 844 267 889 iu
301 843 514 903 salutari,
565 843 852 892 confidenter
885 859 1014 907 agam
1048 859 1151 891 eum
1188 840 1310 890 illis}

695 942 806 991 xvl.
877 942 1088 990 Christus
1122 941 1382 1002 exemplum
1418 940 1708 988 humilitatis.

312 1073 314 1075 .
356 1025 562 1072 Christus
596 1026 718 1073 enim
754 1039 916 1073 eorum
951 1030 1023 1072 est
1062 1025 1139 1086 qui
1189 1023 1421 1070 humiliter
1458 1023 1514 1070 de
1553 1038 1603 1070 se
1641 1025 1855 1080 sentiunt,
1893 1040 1986 1073 non
2023 1041 2184 1074 eorum

221 1095 298 1157 qui
335 1109 475 1157 supra
511 1109 698 1157 gregem
734 1096 833 1142 eius
870 1109 974 1142 sese
1009 1094 1219 1142 efferunt.
1289 1093 1531 1154 Sceptrum
1567 1094 1814 1142 maiestatis
1837 1096 1929 1152 Dei,
1968 1097 2184 1145 Dominus

217 1171 377 1211 noster
411 1163 539 1212 lesus
577 1165 810 1222 Christus,
859 1179 951 1212 non
987 1165 1111 1212 venit
1158 1165 1205 1211 in
1243 1164 1452 1210 iactantia
1501 1162 1744 1224 superbiae
1793 1171 1837 1210 et
1883 1168 2183 1228 arrogantiae,

217 1234 421 1295 quamvis
457 1234 685 1295 potuerit3
739 1235 822 1282 sed
868 1235 915 1281 in
950 1234 1222 1292 humilitate,
1276 1239 1415 1295 prout
1447 1232 1645 1294 Spiritus
1683 1233 1876 1281 Sanetus
1926 1236 1981 1282 de
2017 1250 2072 1282 eo
2119 1236 2183 1282 lo-

216 1311 383 1365 quutus
407 1310 494 1350 est.
564 1304 683 1351 Dicit
717 1305 864 1354 enim:
910 1304 1131 1361 ,Domine,
1169 1304 1273 1365 quis
1312 1302 1508 1350 credidit
1543 1304 1703 1349 nuntio
1740 1305 1938 1351 nostro?
1994 1305 2050 1351 Et
2082 1305 2183 1353 bra·

216 1373 370 1420 chium
406 1373 583 1420 Domini
615 1375 688 1422 eui
724 1374 971 1422 revelatum
1008 1373 1113 1420 est?
1157 1372 1538 1420 Annunciavimus
1577 1387 1732 1420 coram
1770 1374 1896 1434 ipso:
1931 1374 2062 1434 quasi
2083 1389 2183 1435 par-

214 1442 344 1490 vulus
380 1449 465 1500 est,
501 1444 622 1490 sicut
655 1443 783 1491 radix
816 1443 861 1490 in
899 1450 1023 1491 terra
1059 1444 1256 1500 sitienti3
1293 1457 1383 1490 non
1421 1450 1492 1488 est
1530 1443 1710 1504 species
1751 1443 1793 1489 ei
1830 1457 1982 1504 neque
2011 1443 2184 1504 gloria3

214 1520 263 1560 et
295 1513 489 1560 vidimus
525 1527 655 1572 eum,
692 1521 741 1561 et
775 1528 867 1560 non
897 1513 1095 1561 habebat
1128 1514 1353 1575 speciem,
1405 1526 1556 1573 neque
1595 1512 1835 1569 decorem3
1883 1513 1967 1559 sed
2004 1515 2185 1574 speeies

215 1583 314 1630 eius
350 1589 451 1630 erat
481 1583 765 1642 inhonorata,
804 1582 1025 1631 deficiens
1065 1597 1174 1646 prae
1211 1582 1317 1629 {iliis
1357 1582 1603 1628 hominum.
1663 1581 1810 1628 Homo
1850 1588 1933 1639 est,
1972 1583 2018 1628 in
2055 1584 2187 1645 plaga

214 1659 264 1700 et
296 1652 509 1699 molestia
544 1654 738 1716 posituS,
775 1660 822 1700 et
860 1655 1013 1701 sciens
1052 1655 1173 1700 ferre
1204 1653 1432 1710 dolorem3
1468 1652 1572 1713 quia
1611 1665 1770 1699 aversa
1806 1657 1877 1698 est
1905 1651 2045 1699 facies
2071 1653 2185 1711 eius,

215 1721 435 1785 despecta
468 1729 517 1770 et
550 1738 636 1785 pro
672 1723 818 1770 nihilo
856 1729 1076 1786 reputata.
1123 1723 1212 1770 Iste
1249 1729 1437 1784 peecata
1478 1728 1637 1768 nostra
1658 1727 1824 1783 portat,
1863 1727 1909 1768 et
1932 1737 2018 1783 pro
2051 1722 2186 1770 nobis

217 1791 366 1850 dolet3
408 1798 456 1839 et
488 1806 575 1839 nos
611 1794 917 1856 reputavimus
955 1808 1057 1841 eum
1096 1807 1200 1840 esse
1235 1793 1399 1839 merito
1437 1792 1483 1838 in
1515 1791 1673 1838 labore
1725 1798 1769 1838 et
1805 1792 1851 1838 in
1891 1791 2022 1853 plaga
2060 1799 2104 1839 et
2140 1793 2185 1838 in

217 1860 480 1908 afflictione.
522 1862 626 1924 lpse
661 1869 811 1910 autem
846 1862 1107 1911 vulneratus
1145 1870 1217 1910 est
1249 1869 1441 1925 propter
1479 1868 1638 1908 nostra
1673 1867 1878 1922 peecata,
1916 1868 1962 1908 et
1987 1862 2186 1910 afflictus

218 1937 409 1993 propter
433 1938 616 1979 nostras
649 1932 927 1993 iniquitates.
997 1933 1177 1980 Punitio
1214 1933 1271 1979 ad
1305 1938 1509 1978 nostram
1548 1945 1708 1992 pacem
1745 1946 1886 1993 super
1913 1945 2017 1978 eum
2038 1933 2186 1990 venit3

217 1999 359 2047 livore
408 2001 508 2047 eius
558 2014 644 2047 nos
690 2002 833 2049 sanati
890 2016 1062 2050 sumus.
1150 2002 1316 2048 Omnes
1376 2002 1506 2061 quasi
1553 2015 1659 2046 oves
1718 2001 1991 2057 erravimus,
2046 2001 2185 2048 homo

220 2069 267 2115 in
299 2070 369 2116 via
405 2083 487 2116 sua
521 2071 715 2129 erravit3
768 2077 816 2118 et
847 2071 1065 2118 Dominus
1101 2070 1287 2117 tradidit
1319 2083 1421 2116 eum
1459 2076 1652 2131 propter
1683 2070 1945 2130 iniquitates
1987 2076 2184 2129 nostraS,

219 2144 264 2185 et
301 2139 425 2200 ipse,
461 2138 673 2186 adflictus
711 2139 842 2197 licet,
890 2155 981 2187 nou
1019 2141 1163 2202 aperit
1202 2154 1269 2186 os,
1342 2139 1470 2186 Sicut
1516 2139 1610 2185 ovis
1659 2137 1715 2185 ad
1750 2139 1976 2186 victimam
2022 2140 2184 2187 ductus

221 2214 307 2263 eet,
342 2214 390 2255 et
427 2209 547 2256 sicut
580 2222 726 2271 agnus
762 2224 916 2257 coram
954 2210 1170 2257 tondente
1207 2215 1373 2266 mutu5‚
1410 2210 1478 2255 sic
1513 2223 1606 2255 non
1641 2209 1789 2269 aperit
1824 2223 1876 2256 os
1915 2224 2062 2257 suum.
2134 2209 2186 2256 In

220 2276 471 2324 bumilitate
516 2292 599 2325 sua
647 2279 829 2326 tandem
878 2279 1095 2327 liberatus
1133 2286 1202 2326 est
1250 2293 1273 2324 a
1313 2292 1471 2340 poena.
1545 2278 1894 2325 Generationem
1942 2279 2041 2326 eius
2081 2280 2184 2340 quis

218 2345 473 2404 enarrabit,
511 2361 614 2395 cum
651 2348 709 2395 de
744 2357 865 2396 terra
904 2349 1088 2396 tollatur
1123 2349 1210 2395 vita
1243 2348 1377 2394 eius?
1449 2346 1514 2393 Ab
1553 2346 1866 2407 iniquitatibus
1900 2349 2060 2410 populi
2094 2350 2185 2395 mei

219 2414 382 2462 ductus
416 2422 491 2462 est
526 2416 583 2463 ad
618 2423 826 2465 mortem.
897 2417 952 2464 Et
985 2417 1192 2464 liberabo
1232 2416 1396 2478 impios
1435 2415 1493 2462 ob
1529 2416 1824 2476 sepulchrum
1861 2418 1985 2474 eius,
2034 2423 2081 2464 et
2120 2418 2183 2465 di-

214 2485 328 2531 vites
364 2484 424 2531 ob
461 2491 655 2533 mortem
690 2488 812 2544 eius3
864 2488 971 2549 quia
1005 2488 1288 2548 iniquitatem
1324 2500 1417 2533 non
1452 2485 1574 2544 fecit,
1617 2499 1769 2546 neque
1807 2486 1939 2539 dolus
1978 2487 2185 2536 inventus

218 2560 291 2601 est
321 2554 368 2601 in
405 2568 488 2603 ore
523 2555 638 2605 eius.
708 2557 763 2604 Et
797 2557 1015 2604 Dominus
1052 2557 1146 2604 vult
1178 2556 1398 2604 mundare
1435 2570 1539 2603 eum
1578 2570 1603 2603 a
1640 2556 1784 2618 plaga.
1838 2554 1886 2603 Si
1924 2557 2182 2606 obtuleritis

217 2670 378 2718 πάντα
427 2671 715 2734 δυνάμενος
765 2675 883 2718 vertit
918 2675 1046 2717 enim:
1085 2688 1171 2718 cum

213 2733 347 2786 ponit
378 2734 524 2776 omia.
585 2732 746 2774 Barcen.

301 2788 348 2843 3)
377 2790 469 2831 lsai.
500 2803 535 2831 e.
563 2789 633 2840 53,
666 2789 797 2844 lsqq.

304 2845 352 2899 4)
382 2844 710 2903 ἀνετείλαμεν,
744 2848 875 2887 exorti
905 2859 1052 2888 sumus.
1113 2847 1169 2888 lta

221 2901 271 2943 cl.
300 2901 353 2943 1³.
374 2902 551 2945 Vossius.
598 2902 667 2944 Sic
690 2902 758 2944 Es.
779 2903 848 2955 42,
865 2903 905 2946 9.
927 2916 1004 2957 pro
1025 2900 1170 2959 ἀναγ-

219 2957 386 3013 γεῖλαι,
417 2958 629 3011 legendum
648 2955 905 3002 ἀνατεῖλαι.
964 2960 1032 3001 Sic
1066 2961 1170 3002 enim

221 3014 357 3056 Codex
376 3015 483 3057 Alex.
513 3022 554 3057 et
572 3015 873 3069 antiquissimus
895 3017 1036 3059 Esaiae
1054 3017 1170 3067 liber,

219 3084 338 3124 quem
376 3072 579 3126 Procopio
625 3084 701 3113 sno
746 3073 930 3125 praefixit
971 3074 1170 3116 lohannes

219 3128 438 3170 carterius.
487 3128 632 3171 Cotem.

303 3184 349 3239 5)
377 3181 453 3227 ὅτι
500 3182 584 3228 οὐκ
637 3181 768 3228 ἔστιν
811 3186 947 3228 lunius
1007 3194 1046 3229 et
1103 3188 1170 3242 qni

218 3253 307 3283 enm
335 3242 464 3284 secuti
492 3249 607 3298 sunt,
646 3241 719 3284 sed
759 3249 900 3284 contra
931 3243 1050 3286 tidem
1084 3245 1172 3286 Msti

218 3305 318 3339 teste
346 3298 587 3340 lacobsono.

301 3354 347 3407 6)
378 3354 512 3396 Visum
557 3367 657 3409 prae
707 3355 865 3409 pudore
921 3357 1063 3400 avertit
1108 3358 1167 3399 vel

218 3410 443 3452 abscondit.

301 3466 347 3518 7)
375 3467 459 3508 Nos
479 3466 642 3521 quidem
661 3468 939 3522 opinabamur,
969 3484 1059 3513 enm
1079 3485 1170 3513 esse

218 3522 462 3564 immundum
489 3523 574 3566 sive
605 3526 648 3566 in
668 3526 802 3568 dolore
823 3527 974 3581 (Lxx),
1004 3528 1169 3581 patique

218 3584 388 3631 propter
433 3591 506 3622 sna
552 3580 681 3635 ipsius
711 3589 876 3635 peccata
905 3597 927 3625 a
957 3585 1042 3626 Deo
1074 3598 1168 3638 per-

218 3647 391 3676 cussum.

1314 2674 1358 2729 8)
1390 2673 1663 2726 Punitionem‚
1705 2688 1807 2729 quae
1846 2675 1964 2717 nobis
2008 2677 2184 2719 debeba-

1228 2740 1312 2783 tur,
1343 2738 1387 2773 ut
1425 2745 1526 2784 pace
1567 2734 1811 2784 frueremur,
1854 2732 1942 2786 ipse
1975 2733 2015 2775 in
2044 2747 2088 2775 se
2117 2747 2183 2776 re-

1228 2790 1347 2843 cepit.
1391 2788 1538 2830 Colom.

1318 2847 1362 2900 9)
1391 2847 1420 2888 l.
1452 2859 1486 2887 e.
1514 2846 1680 2887 maxima
1723 2845 1895 2900 denique
1934 2847 2094 2889 miseria
2124 2847 2184 2902 (in

1229 2903 1366 2957 eruce)
1399 2916 1555 2956 poenae
1587 2910 1626 2944 et
1662 2909 1860 2944 tormenta
1892 2904 1976 2945 eius
1995 2917 2183 2946 consum-

1228 2961 1451 3009 mabantur,
1485 2966 1524 3000 et
1554 2962 1670 3000 linem
1702 2959 1928 3010 attigerunt.
1965 2961 2011 3001 ΙΙ.

1318 3018 1389 3069 10)
1421 3016 1481 3058 Ob
1518 3030 1576 3068 ea,
1611 3030 1713 3070 quae
1744 3017 2055 3069 subsequuntur,
2087 3016 2183 3057 Gal-

1229 3074 1446 3116 licciollius
1487 3071 1570 3125 τὴν
1608 3070 1776 3129 γενεὰν
1806 3086 1886 3114 non
1919 3073 1967 3115 de
2015 3073 2182 3126 mystica

1230 3137 1297 3172 aut
1326 3130 1584 3172 inenarrabili
1626 3129 1883 3182 generatione
1923 3129 2031 3171 verbi
2075 3129 2183 3172 acci-

1229 3188 1433 3241 piendum,
1464 3187 1537 3228 sed
1569 3186 1620 3227 ad
1651 3186 1805 3227 literam
1829 3186 1877 3226 de
1909 3186 2102 3239 pravitate
2133 3186 2184 3226 il-

1230 3245 1307 3286 lins
1338 3244 1532 3297 temporis
1567 3243 1771 3284 hominum
1801 3249 1915 3295 putat
1945 3255 2034 3284 esse
2063 3242 2183 3284 intel·

1230 3301 1455 3353 ligendum:
1504 3300 1635 3350 ,dossa
1676 3302 1696 3339 e
1750 3301 1848 3351 pero
1890 3298 2182 3341 letteralmente

1228 3356 1295 3398 un’
1326 3357 1617 3399 esclamazione
1649 3355 1687 3395 di
1718 3362 1885 3407 stupore
1918 3355 1982 3397 del
2007 3355 2181 3407 profeta,

1228 3413 1254 3454 ii
1288 3414 1406 3467 quale
1434 3412 1565 3454 indica
1598 3418 1703 3454 tanto
1737 3424 1871 3453 essere
1893 3419 1995 3453 stata
2024 3411 2064 3453 la
2085 3424 2181 3466 pra-

1228 3470 1305 3512 vita
1345 3470 1450 3521 degli
1493 3468 1642 3509 nomini
1687 3467 1722 3507 ai
1774 3468 1896 3522 tempi
1935 3467 2000 3510 del
2040 3468 2181 3510 Salva-

1229 3533 1337 3576 tore,
1378 3527 1450 3566 che
1493 3538 1571 3565 non
1615 3526 1664 3565 ssa
1694 3523 1892 3577 possibile
1923 3524 2180 3576 descriverla,

1228 3597 1251 3623 o
1283 3581 1570 3633 immaginurla.
1629 3581 1687 3621 to
1721 3581 1842 3623 ranno
1874 3581 2024 3625 sentire
2053 3581 2182 3625 mani-

1227 3640 1462 3680 festamente
1493 3637 1529 3678 le
1560 3636 1703 3690 parole
1737 3637 1811 3680 che
1841 3640 2050 3692 seguono}
