2340 3900
208 171 306 220 604
930 170 1152 216 HERMAE
1190 170 1419 218 PASTOR.

205 301 387 362 πόλεως
431 299 631 386 ταύτης,-
706 299 859 351 Βλέπε
912 297 975 365 μὴ
1026 297 1312 384 ἀσύμφορόν
1358 301 1483 353 ἐστιν
1533 299 1807 369 ἆπαρνῆσαι
1844 300 1956 390 ’,τὸν
1997 301 2150 370 νόμον

205 389 315 423 σ·ου
355 367 439 421 ἐὰν
474 367 564 455 γὰρ
600 369 959 454 ἐπανακάμψαι
985 367 1199 452 θελήσῃς
1236 371 1302 430 εἰς
1334 367 1423 454 τὴν
1457 369 1598 423 πόλιν
1635 388 1746 432 σου,
1802 370 1861 424 06
1898 369 1963 439 μὴ
1999 394 2148 439 παρα-

205 437 444 526 δεχθήσῃ,
497 437 571 489 ότι
607 435 928 526 ἀπηρνησω
910 435 997 532 τὸδν
1033 436 1182 503 νόμον
1218 444 1305 504 τῆς
1340 436 1524 500 πόλεώς
1561 457 1672 504 σου,
1710 441 1792 492 καὶ
1829 443 2149 531 ἐκκλεισθήση

204 505 291 559 ἀπ’
332 507 496 574 αὐτῆς.
550 507 702 558 Βλέπε
741 527 833 558 ουν
870 506 976 559 66⁸⁶
1013 527 1078 566 ως
1115 507 1192 558 ἐπὶ
1225 508 1362 594 ξένης
1397 515 1637 560 κατοικῶν
1670 509 1820 576 μηδὲν
1855 510 1998 562 πλέον
2033 494 2150 563 ἕτοί-

200 581 311 665 μαζε
347 582 531 643 σεαυτῷ
570 577 613 627 εί
645 597 709 662 μη
747 596 835 642 την
871 571 1159 641 αὐτάρκειαν
1188 575 1282 658 τὴν
1319 573 1523 644 ἆρκετην
1560 594 1651 639 σοι,
1689 580 1769 630 καὶ
1792 579 1976 645 ε’τοιμος
1993 582 2149 666 γίνου,

200 646 297 706 ι’να,
337 644 453 697 ’ὅταν
488 647 610 729 ε’λθῃ
649 642 677 696 6
717 643 950 710 δεσπότης
1000 649 1087 710 τῆς
1136 642 1318 706 πόλεως
1348 645 1525 729 ταύτης
1561 647 1777 713 ἐκβαλεῖν
1815 666 1866 700 σε
1905 646 2150 712 ἀντιταξα-

200 735 358 797 μενον
380 717 446 785 τῷ
480 712 613 782 νόμῳ
649 711 813 778 αὐτοῦ,
854 714 1054 798 ἐξέλθης
1091 713 1141 765 ἐκ
1173 719 1261 779 τῆς
1295 713 1480 776 πόλεως
1516 714 1683 778 αὐτοῦ,
1724 717 1807 768 καὶ
1843 716 2062 807 ἆπέλθης
2098 719 2149 771 ἐν

199 789 256 854 τῆ
292 769 430 836 πόλει
477 801 565 835 σου
603 783 683 834 καὶ
728 789 796 852 τῷ
845 788 913 853 σῷ
948 765 1082 867 νόμῳ
1116 781 1265 854 χρήσῃ
1301 782 1600 851 ἀνυβρίστως
1635 785 1717 836 καὶ
1752 771 2149 853 ιῗιγαλλιωμένως.ὃ

201 835 403 905 Βλέπετε
448 846 537 904 οὖν
572 850 709 918 ὑμεῖς
745 853 795 903 οἱ
841 836 1152 913 δουλεύοντες
1204 858 1270 923 τῷ
1324 856 1476 922 κυρίῳ
1528 854 1610 904 καὶ
1632 854 1842 935 ἔχοντες
1887 854 2035 908 αὐτὸν
2082 858 2150 918 εἰς

196 943 285 987 την
319 924 546 991 καρδίαν·
595 919 850 989 ἐργάζεσθε
884 919 941 972 τὰ
977 922 1089 993 ἔργα
1120 926 1206 972 τοῦ
1242 927 1366 973 θεοῦ
1400 918 1781 988 μνημονεύοντες
1814 928 1910 974 τῶν
1942 925 2147 1011 ἐντολῶν

198 988 348 1042 αὐτοῦ
385 993 466 1043 καὶ
502 996 598 1042 τῶν
634 993 924 1079 ἐπαγγελιῶν
960 992 1029 1042 ῶν
1067 990 1402 1077 ἐπηγγείλατο,
1452 991 1531 1041 καὶ
1578 989 1856 1043 πιστεύσατε
1904 991 2035 1064 αὐτῷ
2073 993 2149 1045 ότι

195 1057 385 1148 ποιήσει
419 1058 607 1146 αὐτάςζ
655 1057 740 1111 ἐὰν
791 1060 844 1110 αἱ
889 1059 1072 1111 ἐντολαι
1128 1058 1278 1111 αὐτοῦ
1316 1065 1657 1124 φυλαχθῶσιν·
1706 1057 1813 1112 ἀντὶ
1859 1059 2019 1148 ἀγρῶν
2055 1055 2147 1115 οὖν

197 1127 445 1218 ἆγοραζετε
481 1144 643 1195 ψυχας
688 1129 993 1195 θλιβομένας,
1043 1127 1180 1180 καθα
1226 1150 1298 1189 τις
1345 1127 1550 1188 δυνατός
1587 1129 1714 1192 ἐστι,
1761 1130 1844 1180 καὶ
1851 1130 2027 1215 χήρας
2061 1133 2144 1184 καὶ

198 1197 448 1285 ὀρφανοὺς
483 1198 827 1251 ἐπισκέπτεσθε
862 1199 942 1250 καὶ
979 1195 1043 1281 μὴ
1078 1198 1402 1280 παραβλέπετε
1438 1195 1647 1260 αὐτούς,
1698 1199 1778 1249 καὶ
1814 1196 1900 1251 τὸν
1933 1207 2146 1254 πλοῦτον

194 1266 332 1334 ύμῶν
367 1269 449 1320 καὶ
484 1266 568 1329 τὰς
602 1265 887 1332 παρατάξεις
928 1265 1088 1327 πασας
1136 1268 1203 1327 εἰς
1250 1264 1498 1327 τοιούτους
1542 1263 1721 1353 679069
1756 1268 1838 1319 καὶ
1873 1271 2030 1332 οἰκίας
2065 1273 2147 1322 Boc-

194 1343 392 1398 πανᾶτε,
431 1359 488 1398 ας
519 1335 706 1404 ἐλάβετε
742 1334 874 1422 παρὰ
907 1343 994 1388 τοῦ
1030 1341 1182 1387 θεοῦ·
1235 1338 1302 1397 εἰς
1336 1342 1477 1387 τοῦτο
1501 1333 1603 1423 γὰρ
1640 1334 1918 1390 ἐπλούτισεν
1951 1337 2080 1405 ύμᾶς
2117 1337 2147 1392 6

195 1405 491 1491 δεσπότης,”
480 1408 560 1458 ι’να
595 1405 771 1466 ταύτας
804 1403 889 1466 τὰς
923 1407 1174 1466 διακονίας
1208 1405 1418 1472 τελέσητε
1455 1403 1618 1494 αύτῷ·
1666 1404 1790 1457 πολὺ
1826 1407 2013 1473 βέλτιόν
2048 1409 2146 1460 ἐστι

194 1475 442 1536 τοιούτους
478 1473 655 1561 ἀγροὺς
692 1473 940 1568 ἆγοραζειν
975 1475 1057 1526 καὶ
1092 1495 1306 1540 κτηματα
1342 1475 1424 1526 καὶ
1461 1459 1656 1537 οἴκόυς,
1709 1474 1799 1537 οὓς
1845 1475 2064 1565 εὑρήσεις
2094 1479 2146 1530 ἐν

194 1550 270 1634 τῇ
289 1542 424 1596 πόλει
461 1562 568 1606 σου,
605 1543 740 1595 όταν”
781 1542 1081 1632 ἐπιδημήσῃς
1118 1545 1186 1603 είς
1221 1541 1385 1609 αὐτήν.
1458 1542 1598 1609 Αὕτη
1635 1542 1670 1610 6
1716 1546 1995 1598 πολυτέλεια
2023 1545 2145 1634 καλὴ

193 1615 276 1665 καὶ
311 1611 465 1679 ἱλαροὶ,
502 1612 661 1679 λύπην
693 1610 760 1701 μὴ
799 1614 970 1706 ἐ’χου8σα
1002 1595 1123 1698 μηδὲ
1158 1611 1331 1695 φόβον,
1370 1613 1542 1678 ε’χουσα
1588 1612 1640 1663 δὲ
1674 1633 1838 1681 χαραν.
1917 1613 2020 1682 Την
2055 1609 2145 1668 o6v

193 1683 500 1734 πολυτέλειαν
542 1687 640 1733 τῶν
684 1683 918 1733 ἐθνικῶν13
967 1703 1030 1747 μη
1078 1680 1332 1749 πράσσετε·
1387 1679 1676 1769 ἀσύμφορον
1695 1705 1812 1766 γαρ
1861 1685 1986 1737 ἐστιν
2006 1683 2147 1771 ύμῖν

192 1759 294 1812 τοῖς
331 1751 523 1811 δούλοις
557 1757 645 1801 τοῦ
679 1756 830 1801 θεοῦ·
877 1747 966 1815 τὴν
1014 1749 1066 1800 δὲ
1104 1753 1233 1801 ἰδίαν
1268 1751 1575 1802 πολυτέλειαν
1609 1769 1867 1816 πρασσετε,
1906 1754 1958 1805 ἐν
1994 1776 2026 1825 η
2064 1753 2146 1806 δύ-

193 1828 347 1871 νασθε
381 1825 608 1887 χαρῆναι
656 1819 738 1870 καὶ
784 1817 848 1884 μὴ
886 1836 1298 1903 παραχαρασσετε,
1352 1819 1471 1905 μηδὲ
1522 1825 1608 1870 τοῦ
1659 1818 1910 1887 ἀλλοτρίου
1947 1821 2149 1888 αψησθε

194 1889 332 1974 μηδὲ
349 1889 627 1954 ἐπιθυμεῖτε
663 1886 840 1938 αὐτοῦ·
891 1885 1107 1954 πονηρὸν
1142 1887 1232 1956 γάρ
1272 1889 1398 1939 ἐστιν
1432 1885 1691 1954 ἀλλοτρίων
1725 1889 2144 1956 ἐπιθυμεῖν.Τό

195 1958 248 2009 δὲ
284 1955 371 2009 σὸν
407 1959 546 2027 ε’ργον
583 1955 793 2025 ἐργάζου,
831 1957 914 2007 καὶ
952 1956 1173 2027 σωθήση.

583 2214 823 2262 ΑΡΧΗ
862 2214 1163 2260 ΑΛΛΗΣ
1210 2212 1744 2261 ΠΑΡΑΒΟΛΗΣ.

334 2320 730 2390 Περιπατοῦντός
765 2341 859 2387 μου
898 2322 965 2381 είς
1000 2318 1086 2372 τὸν
1123 2319 1274 2409 ἀγρὸν
1317 2320 1397 2372 καὶ
1445 2325 1800 2382 κατανοοῦντος
1835 2322 2036 2374 πτελέαν
2069 2323 2150 2375 καὶ

196 2387 433 2454 ἄμπελον,
470 2392 551 2442 καὶ
588 2392 918 2454 διακρίνοντος
952 2391 1060 2455 περὶ
1096 2389 1258 2441 αὐτῶν
1293 2390 1374 2441 καὶ
1410 2395 1506 2440 τῶν
1542 2395 1743 2456 καρπῶν
1780 2389 1966 2455 αὐτῶν,
2005 2413 2150 2458 φανε-

197 2460 366 2525 ροῦταί
414 2479 495 2524 μοι
550 2456 577 2510 6
612 2456 796 2524 ποιμὴν
845 2459 926 2509 καὶ
978 2460 1098 2526 λέγει
1176 2461 1235 2509 Τί
1279 2456 1337 2510 σὺ
1389 2458 1441 2509 ἐν
1492 2459 1650 2545 εαυτςό
1702 2463 1855 2525 ζητεῖς
1905 2435 2014 2529 πέρὶ
2062 2467 2150 2529 τῆς

193 2526 389 2587 πτελέας
432 2527 514 2578 καὶ
564 2549 651 2592 της
699 2525 940 2612 ἀμπέλου,
1016 2532 1243 2593 Συζητῶ,
1283 2529 1435 2594 φημί,
1491 2526 1566 2578 ότι
1611 2511 1984 2596 εὖπρεπέσταταί
2031 2533 2150 2582 εἰσιν

196 2593 432 2661 ἀλλήλαις.
511 2601 673 2647 Ταῦτα
696 2593 754 2646 τὰ
791 2594 880 2647 δύο
907 2596 1092 2661 δένδρα,
1132 2598 1296 2662 φησίν,
1337 2598 1404 2655 εἰς
1438 2594 1591 2647 τύπον
1621 2603 1800 2648 κεῖνται
1829 2604 1929 2658 τοῖς
1954 2595 2150 2659 δούλοις

132 2720 140 2728 .
196 2669 282 2715 τοῦ
317 2669 456 2716 θεοῦ.
511 2662 748 2728 ’Ήθελον,
787 2666 928 2731 φημί,
965 2670 1145 2732 γνῶναι
1180 2664 1263 2716 τὸν
1298 2662 1452 2715 τύπον
1486 2670 1582 2716 τῶν
1620 2665 1829 2735 δένδρων
1861 2665 2043 2719 τούτων
2081 2688 2149 2719 ων

194 2733 357 2820 λέγεις.
432 2736 655 2797 Βλέπεις,
694 2736 841 2801 φησί,
879 2733 967 2799 τὴν
1003 2734 1202 2785 πτελέαν
1237 2733 1320 2785 καὶ
1331 2754 1444 2819 την
1482 2731 1722 2799 αμπελον,·
1764 2735 1967 2799 Βλέπω,
2005 2738 2147 2803 φημί,

194 2802 345 2889 κύριε.
414 2799 482 2852 Ἠ
517 2801 750 2868 αμπελος,
800 2805 973 2888 φησίν,
1025 2802 1146 2869 αῦτη
1194 2799 1380 2888 καρπὸν
1416 2801 1581 2889 φέρει,
1618 2800 1651 2867 6
1687 2804 1738 2854 δὲ
1785 2805 1956 2856 πτελέα
2006 2804 2149 2867 ξύλον

198 2869 418 2954 ακαρπόν
454 2872 604 2923 ἐστιν·
643 2869 749 2923 ἀλλ’
788 2893 819 2938 η
858 2869 1068 2937 αμπελος
1104 2870 1226 2938 αὕτη
1265 2869 1348 2922 ἐὰν
1383 2868 1447 2936 μὴ
1488 2870 1648 2941 ἀναβῇ
1697 2873 1776 2924 ἐπὶ
1811 2895 1899 2940 την
1935 2875 2146 2939 πτελέαν,

195 2939 254 2992 06
293 2938 494 2992 δύναται
520 2947 899 3029 καρποφορῆσαι
936 2939 1061 2992 πολὺ
1083 2941 1340 3008 ἐρριμμένη
1366 2943 1526 3006 χαμαί,
1562 2943 1644 2992 καὶ
1681 2942 1739 2993 ὃν
1759 2943 1911 3014 φέρει
1946 2941 2150 3031 καρπόν,

195 3008 434 3076 σεσηπότα
470 3011 603 3097 φέρει
648 3009 714 3077 μὴ
746 3010 1013 3077 κρεμαμένη
1061 3011 1138 3061 ἐπὶ
1180 3031 1266 3076 της
1310 3009 1527 3070 πτελέας
1567 3009 1684 3062 όταν
1721 3014 1811 3062 o6v
1850 3013 2079 3100 ἐπιρριφῇ
2116 3035 2148 3080 η

195 3079 403 3144 ἄμπελος
441 3079 517 3130 ἐπι
554 3077 642 3145 τὴν
676 3079 886 3150 πτελέαν,
924 3080 1002 3130 καὶ
1037 3077 1153 3147 παρ’
1197 3080 1371 3145 ἑαυτῆς
1408 3078 1543 3145 φέρει
1570 3078 1758 3147 καρπὸν
1792 3082 1875 3132 καὶ
1897 3079 2028 3148 παρὰ
2063 3087 2150 3147 τῆς

195 3148 402 3208 πτελέας.
475 3149 674 3209 Βλέπεις
719 3150 809 3199 οὐν
845 3147 919 3200 ότι
966 3149 1048 3199 καὶ
1082 3146 1115 3214 6
1149 3149 1317 3199 πτελέα
1363 3146 1518 3199 πολὺν
1541 3148 1753 3234 καρπὸν
1792 3152 2015 3235 δίδωσιν,
2056 3150 2147 3202 οὐκ

197 3215 428 3268 ἐλασσονα
461 3238 547 3284 της
584 3215 822 3283 ἀμπέλου,
861 3222 1040 3282 μᾶλλον
1078 3217 1129 3268 δε
1165 3218 1246 3268 καὶ
1280 3219 1500 3285 πλείονα7
1540 3216 1630 3279 ὅτι,
1669 3220 1836 3285 φησίν,
1869 3216 1904 3284 6
1939 3194 2149 3284 ἄμπελος

282 3369 324 3421 5)
354 3370 412 3409 sic
442 3371 664 3420 legendum,
695 3383 775 3411 non
805 3376 848 3410 ut
865 3371 926 3410 ed.
949 3382 1008 3421 pr.
1027 3371 1146 3410 hahet
1286 3371 1329 3422 7)
1360 3367 1477 3433 ὅταν
1521 3371 1583 3409 bis
1623 3370 1813 3420 scriptum
1867 3378 1924 3409 est
1985 3379 2148 3413 exeunte

195 3415 298 3465 οὖν
334 3422 390 3466 σὺ
423 3423 498 3471 ὡς
1202 3439 1316 3466 versu
1349 3432 1387 3464 et
1418 3431 1590 3464 meunte.

281 3479 324 3528 6)
355 3478 740 3535 ἀγαλλιωμένως;
784 3482 837 3521 ita
879 3482 919 3521 in
951 3482 1039 3521 cod.
1072 3494 1145 3533 per
1288 3482 1329 3529 8)
1353 3493 1431 3519 non
1457 3479 1551 3518 satis
1583 3486 1750 3530 apparet
1769 3486 1899 3521 utrum
1924 3479 2079 3524 ἐθνῶν
2097 3496 2146 3522 an

198 3535 475 3583 compendium
495 3537 687 3599 scriptum
718 3543 791 3585 est,
822 3549 902 3576 non
933 3542 976 3576 ut
997 3537 1058 3576 ed.
1083 3549 1143 3587 pr.
1201 3533 1404 3576 ἐθνικῶν
1433 3535 1626 3584 scriptum
1655 3537 1730 3584 sit3
1777 3537 1847 3575 sed
1890 3543 2019 3577 tamen
2049 3550 2146 3589 pro-

198 3588 316 3632 hahet
348 3587 704 3648 ἀγαλλιώμενος.
1201 3590 1371 3629 habilius
1402 3587 1606 3631 ἐθνικῶν
1634 3595 1704 3632 est.

2335 2277 2340 2348 .-...„
2330 2086 2340 2260 A.--n..t—..
2336 2022 2340 2069 .-.
