2340 3900
553 193 761 240 IGNATn
797 191 1066 238 EPISTULA
1102 193 1172 238 An
1207 192 1491 242 EPHESIOS.
1539 191 1628 238 XX.
1677 190 1786 237 XXI.
2061 185 2156 236 139

196 333 445 380 rectionem
485 333 652 394 ipsius3
702 331 917 388 maxime,
969 331 1008 377 si
1044 331 1262 378 Dominus
1300 332 1409 379 mihi
1446 330 1733 387 revelaverit,
1788 328 1912 391 quod
1967 341 2048 374 vos
2100 327 2157 374 ad

194 416 334 449 unum
370 415 528 448 omnes
566 401 829 448 nominatim
874 415 959 462 per
1007 401 1194 461 gratiam
1231 402 1480 447 convenitis
1530 401 1577 447 in
1615 414 1705 447 una
1740 399 1831 446 fide
1879 404 1925 446 et
1970 397 2015 443 in
2065 411 2156 443 uno

195 471 299 517 lesu
335 470 516 517 Christo
547 471 728 532 —qui,
767 470 1018 516 secundum
1052 483 1235 515 carnem
1273 484 1327 516 ex
1363 484 1528 530 genere
1567 469 1717 525 David,
1755 468 1875 515 filius
1910 473 1981 514 est
2015 466 2157 513 homi-

194 541 266 586 nis
304 546 350 586 et
386 539 506 586 filius
540 541 619 587 Dei
640 564 712 572 —
735 546 788 586 ut
810 538 1037 586 obediatis
1077 539 1295 600 episcopo
1338 546 1383 585 et
1419 540 1705 601 presbyterio
1738 545 1890 585 mente
1921 536 2157 591 indivulsa,

193 610 455 670 frangentes
486 624 651 672 panem
686 622 838 664 unum,
877 609 955 669 qui
988 607 1282 670 pharmacum
1297 607 1645 655 immortalitatis
1679 615 1762 666 est,
1799 607 2064 663 antidotum,
2099 620 2157 652 ne

193 679 456 735 moriamur,
492 680 576 727 sed
610 680 807 726 vivamus
843 692 1028 740 semper
1064 676 1108 723 in
1143 678 1246 723 lesu
1283 676 1479 723 Christo.

193 811 239 851 et
274 806 629 852 resurrectione.
694 804 972 852 Praesertim
1017 804 1055 850 si
1095 803 1312 850 Dominus
1361 802 1472 848 mihi
1509 801 1797 859 revelaverit,
1837 804 1962 863 quod
1999 815 2159 848 omnes

193 874 358 920 viritim
405 889 459 921 ac
505 874 770 922 nominatim
818 874 863 920 in
902 874 1131 920 communi
1170 873 1314 935 gratia
1352 871 1695 933 congregamini
1745 872 1790 917 in
1839 885 1928 918 una
1976 870 2066 918 fide
2114 876 2162 918 et

193 944 238 990 in
278 943 382 991 lesu
418 944 617 1002 Christo,
654 944 852 991 oriundo
885 943 1139 991 secundum
1177 956 1361 989 carnem
1398 955 1454 988 ex
1489 955 1658 1002 genere
1693 941 1845 997 David,
1886 940 1979 988 filio
2017 941 2160 987 homi·

193 1014 265 1059 nis
312 1021 359 1060 et
403 1013 497 1060 filio
533 1014 638 1071 Dei,
683 1020 736 1061 ut
770 1013 993 1060 obediatis
1036 1027 1117 1059 vos
1155 1012 1384 1074 Episcopo
1435 1017 1482 1057 et
1524 1009 1904 1072 Presbyterorum
1953 1010 2160 1072 collegio,

191 1090 344 1129 mente
378 1083 602 1130 indivulsa
638 1097 778 1131 unum
813 1097 976 1145 panem
1016 1083 1303 1143 frangenteS,
1342 1082 1421 1142 qui
1459 1087 1531 1127 est
1564 1080 1943 1126 medicamentum
1979 1081 2160 1127 immor-

189 1152 398 1209 talitatis,
450 1152 727 1210 antidotum,
772 1167 831 1200 ne
880 1153 1150 1210 moriamur,
1213 1152 1294 1199 sed
1344 1157 1394 1198 ut
1442 1156 1666 1212 perpetuo
1717 1150 1914 1196 vivamus
1962 1150 2008 1197 in
2057 1150 2160 1196 lesu

191 1221 388 1268 Christo.

763 1346 873 1397 XXI.
948 1347 1090 1396 Orate
1117 1363 1209 1410 pro
1245 1362 1317 1395 me
1351 1354 1392 1395 et
1427 1347 1590 1394 valete.

330 1445 420 1493 Vos
458 1460 561 1493 mea
594 1446 705 1493 mihi
741 1448 888 1495 anima
925 1447 1127 1495 cariores
1166 1446 1330 1503 habe0,
1367 1451 1486 1492 utet
1522 1444 1662 1501 illum,
1701 1458 1837 1505 quem
1860 1442 1916 1490 ad
1939 1445 2164 1491 honorem

192 1517 271 1563 Dei
307 1516 496 1563 misistis
531 1515 795 1577 Smyrnam,
834 1518 956 1565 unde
993 1525 1040 1564 et
1075 1516 1230 1563 scribo
1266 1516 1412 1572 vobiS,
1451 1517 1618 1576 gratias
1657 1528 1796 1575 agens
1822 1514 2027 1570 Domin0‚
2067 1513 2162 1560 dili·

192 1599 304 1648 gens
339 1585 659 1647 Polycarpum,
696 1594 748 1633 ut
781 1594 828 1635 et
864 1602 958 1635 vos.
995 1586 1287 1634 Memineritis
1323 1587 1430 1642 mei,
1468 1585 1588 1632 sicut
1623 1591 1669 1632 et
1702 1584 1842 1630 vestri
1882 1583 2006 1630 lesus
2041 1583 2165 1630 Chri·

191 1662 304 1702 stus.
341 1655 474 1702 Orate
510 1670 596 1717 pro
630 1657 847 1714 ecclesia,
901 1671 1016 1719 quae
1054 1663 1125 1704 est
1161 1656 1204 1702 in
1244 1655 1390 1717 Syria,
1430 1655 1550 1702 unde
1587 1655 1765 1702 vinctus
1801 1654 1988 1701 Romam
2025 1653 2166 1700 abdu-

192 1739 302 1782 cor,
356 1725 630 1772 novissimus
684 1725 886 1774 fidelium
923 1741 1084 1774 eorum
1132 1727 1210 1787 qui
1247 1726 1308 1772 ibi
1348 1733 1479 1782 sunt,
1519 1739 1622 1771 cum
1661 1724 1825 1785 dignus
1864 1724 1950 1769 sim
1987 1722 2165 1770 habitus

195 1794 387 1842 inveniri
422 1795 479 1841 ad
515 1795 736 1843 honorem
775 1797 869 1844 Dei.
942 1796 1094 1843 Valete
1131 1797 1176 1842 in
1215 1798 1308 1845 Deo
1347 1802 1476 1858 patre
1515 1802 1561 1842 et
1598 1795 1643 1840 in
1679 1793 1783 1842 lesu
1811 1792 2005 1849 Christo,
2047 1807 2165 1840 com-

193 1865 318 1911 muni
353 1878 436 1926 spe
467 1871 640 1912 nostra.

334 1984 484 2036 *XXL
555 1990 648 2037 Vos
692 2005 795 2038 mea
829 1991 939 2039 mibi
976 1992 1124 2039 anima
1148 1992 1351 2038 cariores
1390 1991 1552 2048 liabe0‚
1590 1997 1640 2038 ut
1676 1997 1723 2038 et
1759 1990 1897 2046 illum,
1936 2003 2070 2049 quem
2109 1989 2166 2036 ad

193 2060 417 2106 bonorem
455 2060 534 2106 Dei
570 2061 757 2107 misistis
795 2061 1047 2123 Smyrnam,
1082 2061 1203 2107 unde
1240 2067 1286 2107 et
1321 2061 1475 2107 scribo
1516 2061 1660 2115 vobis,
1698 2059 1865 2121 gratias
1905 2073 2044 2119 agens
2082 2060 2166 2105 Do·

193 2130 331 2185 mino,
371 2137 418 2176 et
453 2129 647 2191 diligens
685 2130 999 2192 Polycarpum,
1038 2132 1158 2177 sicut
1191 2136 1238 2177 et
1272 2143 1366 2176 vos.
1440 2129 1663 2176 Memorcs
1702 2135 1849 2176 estote
1886 2129 2001 2185 mei,
2052 2129 2172 2175 sicut

194 2206 242 2246 et
277 2199 417 2246 vestri
454 2198 582 2246 lesus
620 2199 843 2247 Christus.
914 2200 1051 2248 Orate
1103 2215 1187 2262 pro
1226 2199 1456 2254 Ecclesia,
1508 2214 1625 2261 quae
1663 2206 1734 2246 est
1771 2199 1815 2246 in
1854 2198 2010 2260 Syria,
2048 2199 2170 2245 unde

196 2269 377 2316 vinctus
420 2269 606 2317 Romam
644 2270 874 2327 abducor,
923 2270 1196 2317 novissimus
1237 2269 1463 2327 fidelium,
1514 2270 1592 2331 qui
1630 2268 1694 2316 ibi
1744 2274 1875 2324 sunt,
1927 2267 2075 2329 qualis
2112 2267 2168 2314 ad

195 2339 421 2386 honorem
457 2338 537 2386 Dei
573 2340 765 2387 inveniri
802 2339 963 2387 merui.
1016 2338 1166 2386 valete
1205 2340 1249 2386 in
1288 2340 1380 2387 Deo
1418 2340 1553 2386 Patre
1591 2346 1638 2386 et
1672 2339 1776 2386 Iesu
1814 2338 2011 2395 Christ0,
2048 2351 2169 2384 com·

194 2409 320 2456 muni
357 2422 441 2470 spe
477 2415 649 2456 nostra.

198 2660 427 2703 Onesimum
457 2660 708 2714 episcopum,
738 2658 779 2699 in
809 2670 889 2711 quo
916 2664 998 2699 tota
1018 2658 1153 2711 Ephe·
1212 2657 1411 2699 Graziani.
1472 2657 1655 2710 Semper,
1690 2661 1732 2697 ut
1762 2663 1899 2697 monet
1933 2656 2040 2707 Hes„
2073 2669 2171 2697 con-

196 2717 351 2759 ciorum
373 2717 546 2759 ecelesia
575 2715 751 2769 quodam
771 2714 894 2756 modo
911 2715 1018 2767 apud
1035 2715 1153 2767 lgna
1210 2714 1454 2767 iungendum
1497 2714 1574 2755 crit
1621 2726 1710 2754 cum
1764 2713 2027 2754 antecedente
2094 2711 2175 2755 δε-

197 2773 295 2815 tium
325 2786 519 2826 praesens
553 2772 707 2814 aderat.
1210 2769 1419 2829 δεμένος.

282 2831 329 2879 3)
358 2830 437 2871 καὶ
464 2828 735 2882 praetermisit
752 2829 840 2870 fler.
871 2828 1006 2869 insitis
1024 2829 1152 2870 Codd.
1297 2829 1341 2881 5)
1373 2826 1620 2892 Zffwosseis
1650 2827 1691 2867 C.

285 2886 332 2936 4)
354 2880 507 2951 ὅσῃερ
532 2885 746 2952 ἔφηβοι,
782 2886 915 2939 qualis
946 2887 998 2927 ad
1025 2887 1152 2927 Ιιοηο-
1295 2886 1343 2934 6)
1372 2885 1415 2926 111
1429 2885 1491 2926 ed
1502 2884 1695 2924 Vossiana
1715 2882 1983 2924 subscribitur
2002 2883 2174 2926 ΠΡΟΣ

204 2953 285 2982 ren
310 2940 386 2982 Dei
411 2942 578 2983 inueniri
606 2943 734 2983 merui
763 2941 959 2992 Holsten„
989 2945 1154 2985 siccome
1211 2942 1567 2986 ΕΦΕΣΙΟΥΣ.
1602 2939 1664 2983 Nil
1680 2938 2066 2992 talequidinCodd.
2090 2939 2174 2981 CL.

948 3245 989 3252 --
1029 3245 1161 3251 -.-.....
1168 3244 1443 3253 ο-η--Ὰ
