2340 3900
231 178 326 229 160
414 171 418 175 ’
537 180 741 227 ιοΝΑΤιι
778 179 1046 226 EPISTOLA
1085 181 1152 226 An
1190 181 1547 238 TRALLlANOS.
1592 185 1659 231 1x.
1694 185 1743 231 x.
1783 184 1853 230 x1.

233 359 300 405 ΙΧ.
373 360 520 406 Nolite
565 360 730 404 audire
768 372 875 414 εοε,
926 361 1007 419 qui
1052 362 1151 407 sine
1187 363 1362 409 Christo
1406 365 1670 425 loquuntur.
1747 364 1952 410 Historia
1990 363 2168 410 Christi.

366 457 656 526 Κωφώθητε
699 481 811 524 ουν,
863 460 979 514 όταν
1029 461 1144 531 ὖμῖν
1179 465 1320 552 χωρὶς
1342 464 1508 553 Ἰησοῦ
1547 471 1760 551 Χριστοῦ
1796 471 1913 536 λαλῃ
1949 485 2046 528 τις,
2084 470 2170 517 τοῦ

230 531 281 581 ἐκ
316 530 487 598 γένους
523 530 709 616 Δαβὶδ,
741 535 827 582 τοῦ
861 531 915 584 ἐκ
955 532 1235 602 Μαρίας,
1222 533 1293 596 ὃς1
1331 533 1530 620 ἀληθῶς
1585 533 1847 622 ἐγεννήθη,
1888 517 2097 618 ἔφαγέν
2122 554 2172 586 τε

227 598 309 651 καὶ
345 599 490 662 ἔπιεν,
529 596 732 666 ἀληθῶς
767 598 978 684 ἐδιώχθη
1015 603 1092 654 ἐπὶ
1129 607 1344 656 Ποντίου
1384 602 1613 667 Πιλάτου,
1652 602 1851 670 ἀληθῶς
1886 600 2171 691 ἐσταυρώθη

226 667 308 719 καὶ
344 666 591 720 ἀπέθανεν
617 709 630 732 ,
665 668 937 735 βλεπόντων
971 678 1066 724 τῶν
1083 673 1402 760 ἐπουρανίων
1437 674 1539 725 καὶ2
1577 675 1806 761 ἐπιγείων
1832 673 1915 724 καὶ
1957 670 2172 740 υποχθο-

225 739 366 789 νιων·
407 736 462 798 ὃς
497 739 578 790 καὶ
609 736 814 824 ἀληθῶς
845 739 1035 830 ἠγέρθη
1070 740 1166 796 ἀπὸ
1205 749 1410 829 νεκρῶν,
1452 744 1715 830 ἐγείραντος
1751 738 1900 794 αὐτὸν
1947 748 2035 795 τοῦ
2084 764 2170 794 πα-

225 805 336 894 τρός
372 805 548 870 αυτοῦ,
585 805 670 869 ως3
707 810 785 861 καὶ
823 831 943 862 κατα
988 809 1041 864 τὸ
1082 810 1303 880 ὁμοίωμα
1337 811 1491 878 ἡμᾶς,
1530 810 1643 872 τοὺς
1678 809 1989 873 πιστεύοντας
2025 810 2170 884 αὐτῷ,

226 876 379 938 οὕτως
387 848 567 964 ’,ἐγερεῖ
596 875 624 929 6
659 876 815 949 πατὴρ
852 878 1002 934 αὐτοῦ
1038 883 1088 934 ἐν
1127 887 1318 954 Χριστῷ
1351 881 1528 948 Ἰησοῦ,
1565 875 1643 933 06⁴²
1678 882 1819 949 χωρὶς
1851 879 1905 934 τὸ
1931 855 2172 949 ἆληθινον

226 951 311 1013 ζῆν
347 945 438 998 οὐκ
474 948 653 1014 ἔχομεν,

353 1106 401 1151 X·
472 1109 526 1155 Si
563 1108 768 1155 Christus
803 1125 895 1157 non
930 1126 1035 1158 vere
1063 1126 1234 1172 passus
1271 1119 1358 1167 est,
1395 1111 1573 1170 frustra
1611 1125 1692 1170 eqo
1729 1112 1918 1158 vincula
1953 1112 2068 1171 sero.

354 1213 424 1263 Εἰ
455 1211 534 1274 δὲ,
570 1209 728 1281 ὥσπερ
756 1212 881 1275 τινὲς
914 1212 1058 1267 αθεοι
1100 1211 1255 1278 ὄντες,
1293 1214 1533 1267 τουτέστιν
1569 1211 1778 1277 απιστοι,
1825 1213 2071 1302 λέγουσιν,
2117 1209 2170 1264 τὸ

225 1282 385 1332 δοκεῖν
419 1282 716 1334 πεπονθέναι
754 1281 929 1348 αυτὸν,
967 1282 1103 1336 αυτοὶ
1142 1281 1275 1345 ὄντες
1310 1282 1363 1336 τὸ
1402 1287 1593 1346 δοκεῖν,
1631 1282 1722 1352 ἐγὼ
1765 1285 1812 1370 τί
1858 1283 2079 1371 δέδεμαι,
2125 1284 2172 1334 τί

1869 1355 1884 1379 l

224 1349 277 1401 δὲ
331 1348 526 1418 εύχομαι
578 1358 963 1421 θηριομαχῆσαις
1015 1351 1214 1423 Δωρεαν
1261 1375 1352 1406 ουν
1399 1352 1721 1421 ἀποθνήσκω·
1776 1374 1867 1422 αρα
1932 1372 1992 1404 ου
2028 1373 2171 1406 κατα-

225 1417 471 1487 ψεύδομαι
505 1426 592 1473 τοῦ
628 1425 828 1491 κυρίου,

553 1582 623 1627 ΧΙ.
700 1584 862 1644 Fuyite
899 1586 1161 1645 mortiferas
1198 1585 1478 1630 Docetarum
1507 1585 1831 1644 plantationes

338 1683 574 1770 Φεύγετε
606 1678 695 1737 οὗν
730 1708 814 1747 τας
848 1685 1002 1749 κακὰς
1035 1685 1395 1774 παραφυάδας,
1412 1685 1498 1749 τὰς
1518 1684 1772 1776 γεννώσας
1808 1683 1994 1774 καρπὸν
2016 1694 2170 1739 θανα-

223 1752 463 1840 τηφόρον,
514 1757 574 1806 οὐ
622 1753 727 1850 ἐὰν2
756 1753 996 1824 γεύσηταί1
1050 1778 1148 1820 τις,
1184 1755 1322 1844 παρ’
1339 1778 1460 1808 αυτα
1506 1754 1823 1823 ἀποθνήσκει.
1901 1749 2051 1809 Ουτοι
2079 1777 2170 1826 γαρ

225 1822 315 1876 οὔκ
364 1826 485 1876 εἰσιν
531 1824 727 1896 φυτεία2
780 1825 973 1912 πατρός.
1044 1828 1114 1877 Εἰ
1138 1824 1244 1914 γὰρ
1288 1844 1438 1914 ησαν,
1493 1827 1777 1898 ἐφαίνοντο
1785 1825 1845 1879 οὶν
1880 1826 2050 1878 κλαδοι
2084 1831 2172 1878 τοῦ

224 1898 456 1980 σταυροῦ,
492 1894 576 1945 καὶ
609 1886 672 1960 ἠν
708 1891 768 1945 ἂν
810 1916 836 1947 ο
872 1893 1058 1982 καρπὸς
1094 1893 1255 1947 αυτῶν
1290 1895 1571 1983 αφθαρτος·
1610 1894 1676 1947 δι’
1718 1898 1777 1948 οὐ
1814 1897 1866 1948 ἐν
1899 1917 1966 1948 τω
2015 1893 2171 1947 πάθει

223 1960 376 2014 αυτοῦ
420 1969 755 2031 προσκαλεῖται
799 1962 953 2031 ὑμᾶς,
998 1963 1142 2026 ὄντας
1185 1966 1300 2032 μέλη
1357 1963 1522 2018 αυτοῦ.
1600 1963 1674 2017 Ου
1720 1950 1945 2018 δύναται
1973 1986 2063 2018 ουν
2097 1985 2170 2018 κε-

223 2030 355 2099 φαλὴ
392 2033 534 2101 χωρὶς
546 2039 867 2119 γεννηθῆναι
903 2034 1019 2087 ἄνευ
1057 2035 1228 2101 μελῶν,
1263 2039 1350 2088 τοῦ
1379 2038 1507 2087 Θεοῦ
1544 2034 1715 2087 ενωσιν
1749 2035 2170 2106 ἐπαγγελλομένου,

221 2100 297 2164 ός3
339 2102 464 2154 ἐστιν
500 2099 660 2165 αὐτός.

537 2259 569 2266 Δ.-

312 2355 406 2408 Cap.
440 2357 503 2397 IX
565 2356 605 2410 1)
645 2354 707 2403 ὥς
747 2357 800 2408 (ῖς
842 2369 888 2397 ex
928 2357 956 2396 L
999 2356 1168 2408 Heysius

223 2411 318 2452 mihi
347 2412 484 2452 retulit
512 2407 564 2459 ὃς
595 2425 682 2452 eum
712 2426 736 2452 ο
766 2412 1040 2463 subambiguo.
1087 2414 1168 2453 Lo-

224 2481 292 2508 cus
326 2467 508 2508 laudatus
539 2481 560 2507 a
583 2469 825 2509 Theodoret.
857 2468 957 2510 Dial.
980 2469 1007 2509 Ι.
1038 2480 1077 2519 p.
1101 2469 1166 2509 51.

225 2524 305 2563 cfr.
339 2524 411 2575 Ep.
443 2524 492 2563 ad
528 2525 681 2576 Smyrn.
712 2538 744 2564 c.
779 2524 814 2565 1.

308 2579 353 2632 2)
383 2579 459 2620 καὶ
489 2580 564 2620 Iac.
598 2580 688 2620 add.
723 2593 766 2621 ex
797 2580 849 2630 L,
884 2593 987 2620 nunc
1018 2593 1168 2632 appro-

222 2635 340 2676 bante
370 2635 411 2676 C.

307 2691 351 2744 3)
382 2693 438 2732 Ita
481 2692 652 2732 coniecit
706 2693 895 2732 Smithius
943 2692 1042 2732 duce
1092 2700 1167 2733 vet.

221 2746 465 2800 Interprete,
504 2745 624 2789 κατὰ
653 2745 706 2789 τὸ
736 2745 971 2805 ὁμοίωμα·
1010 2745 1062 2795 ὃς
1092 2749 1170 2789 καὶ

220 2803 248 2856 ἡ
290 2806 344 2851 ἇς
389 2801 492 2851 τοὺς
537 2800 847 2851 πιστεύοντας
890 2804 916 2844 C
947 2806 991 2845 L.
1054 2805 1167 2856 Apud

257 2872 335 2900 oss.
364 2860 487 2900 habes
518 2857 638 2912 ώςΡ.
657 2858 710 2907 ὃς
739 2873 826 2900 cum
857 2861 999 2900 eodem
1031 2861 1166 2901 verbh

227 2916 384 2957 ordine.
436 2917 521 2966 Ego
542 2929 630 2957 cum
650 2917 881 2957 Markiando
908 2917 1166 2968 expungenda

222 2978 320 3023 puto
355 2973 475 3011 verba
505 2969 528 3012 6
550 2970 703 3029 πατὴρ
726 2970 867 3014 αὐτοῦ
897 2970 947 3013 ἐν
970 2974 1165 3029 Χριστῷ

217 3025 394 3080 Ἰησοῦ,
423 3034 462 3068 et
492 3028 583 3068 loco
614 3029 867 3096 pronominis
893 3034 1043 3068 mutato
1077 3040 1164 3068 eum

221 3084 484 3124 Petermanno
525 3084 798 3125 scribendum.
842 3079 893 3130 ὃς
933 3084 1010 3124 καὶ
1046 3082 1166 3125 κατὰ

223 3137 276 3180 τὸ
307 3137 526 3206 ὁμοίωμα
554 3137 679 3196 ἡμᾶς
715 3138 821 3194 τοὺς
857 3135 1163 3187 πιστεύοντας

224 3193 347 3264 αὐτῷ
379 3191 521 3242 οὕτως
553 3195 715 3264 ἐγερεῖ,
745 3194 798 3238 οὑ
821 3196 967 3252 χωρὶς
987 3194 1038 3237 τὸ
1058 3194 1166 3247 ἀλη-

222 3249 363 3293 θινὸν
380 3252 457 3304 ζῆν
476 3249 558 3293 οὐκ
576 3251 752 3309 ἔχομεν.
785 3253 893 3292 Csr.1
917 3252 1164 3302 Cor.15,49.

222 3307 421 3347 Bunsenio
459 3308 713 3349 scribendum
751 3309 959 3348 videbatur
999 3304 1051 3354 ὃς
1089 3307 1164 3348 καὶ

221 3383 247 3393 -
276 3385 299 3392 -
329 3359 477 3409 οὕτως
525 3362 679 3422 ἐγερεῖ
716 3361 762 3415 [ὁ
806 3361 960 3420 πατὴρ
1001 3363 1163 3415 αὐτοῦ]

222 3415 273 3460 ἐν
300 3420 508 3474 Χριστῷ.

303 3477 348 3525 4)
380 3475 458 3514 Cfr.
472 3475 608 3516 Ioann.
622 3477 660 3526 3,
673 3476 739 3517 36.
750 3477 787 3526 5,
798 3476 865 3517 40.
885 3476 948 3525 14,
964 3477 1001 3517 6.
1021 3476 1088 3526 20,
1097 3464 1163 3517 31.

306 3529 400 3582 Cap.
430 3531 473 3571 X.
535 3532 575 3584 1)
606 3533 662 3573 Ita
694 3531 721 3572 C
744 3533 795 3583 L,
818 3523 926 3590 Λρα
955 3533 1063 3582 Hes,
1097 3531 1164 3597 qui

222 3586 440 3626 membrum
469 3589 708 3629 antecedens
729 3588 1010 3640 interrogative
1033 3589 1162 3628 sumit..

221 3660 276 3669 —
297 3641 458 3682 Vossius
494 3643 568 3684 levi
600 3644 817 3688 mutatione
838 3644 1021 3687 emendat
1051 3641 1161 3699 (ἀρὰ

1224 2346 1338 2408 οὖν).
1399 2360 1478 2398 Sed
1504 2358 1641 2399 Lectio
1665 2358 1824 2398 Codicis
1843 2357 2021 2407 Medicei,
2053 2369 2170 2409 quam

1224 2421 1335 2454 vetus
1370 2415 1571 2466 Interpres
1611 2414 1810 2466 sequitur,
1859 2413 2065 2453 retinenda
2109 2412 2168 2452 vi-

1227 2470 1361 2510 detur:
1395 2476 1432 2509 et
1460 2470 1600 2509 merito
1638 2470 1808 2521 quidem,
1841 2469 1873 2508 si
1896 2468 2015 2508 verba
2044 2469 2168 2508 inter-

1223 2526 1399 2575 rogative
1430 2526 1698 2576 accipiantur:
1729 2524 1876 2576 Nonne,
1909 2525 1942 2563 si
1973 2523 2166 2574 Christus,

1223 2587 1266 2620 ut
1294 2581 1370 2632 ipsi
1401 2581 1689 2632 blasphemant,
1720 2581 1894 2632 putative
1920 2579 2049 2620 solum
2067 2593 2166 2632 pas-

1225 2650 1292 2676 sus
1324 2639 1391 2687 sit,
1424 2637 1510 2688 ipse
1531 2638 1725 2678 moriendo
1742 2637 1947 2677 Dominum
1968 2636 2166 2676 Christum

1224 2692 1437 2744 splendido
1468 2693 1546 2732 hoo
1564 2693 1762 2733 mendacio
1780 2694 2006 2733 traducam?
2033 2692 2166 2732 Smith.

1222 2749 1492 2815 Interpoiator
1527 2749 1646 2788 habet
1691 2746 1872 2802 δωρεὰν
1919 2739 2000 2790 οὖν
2047 2745 2166 2788 ἀπο-

1224 2800 1431 2857 θνῄσκω·
1464 2799 1922 2861 ἆρακαταψεύδομαι
1937 2803 2017 2845 τοῦ
2030 2812 2166 2844 σταυ·

1223 2862 1304 2915 ροῦ
1334 2864 1414 2902 τοῦ
1442 2862 1631 2916 Κυρίου.
1685 2861 1924 2910 Aldriohius,
1955 2872 2072 2912 quem
2101 2872 2166 2899 se-

1223 2917 1356 2968 quitu1
1387 2918 1714 2966 Hornemannus,
1760 2922 1950 2968 punctum
1994 2915 2167 2956 interro-

1222 2972 1392 3023 gationis
1424 2973 1474 3012 ad
1497 2968 1783 3025 ἀποθνήσκω
1801 2972 1976 3024 positum
1997 2971 2166 3012 mavult.

1222 3034 1317 3068 certe
1361 3031 1406 3068 de
1448 3029 1609 3070 Domino
1644 3030 1884 3069 mendacium
1931 3040 2011 3068 non
2049 3029 2166 3078 finyo.

1221 3084 1420 3125 Ruohatus
1451 3085 1586 3125 vertit:
1634 3082 1740 3125 C’est
1778 3085 1882 3125 donc
1920 3083 2168 3124 inutilement

1224 3154 1299 3192 que
1326 3143 1365 3191 je
1396 3153 1541 3181 meurs.
1598 3141 1642 3180 Je
1674 3154 1784 3181 mens
1808 3141 1912 3180 donc
1946 3153 1994 3179 en
2028 3140 2166 3179 favour

1224 3197 1275 3236 du
1295 3197 1498 3248 Seigneur.
1545 3197 1790 3237 Wooherus:
1821 3196 1914 3236 Also
1937 3195 2068 3235 sterhe
2101 3195 2166 3235 ich

1222 3250 1487 3302 vergeblioh?
1532 3253 1626 3292 Also
1664 3253 1759 3292 rede
1802 3252 1866 3291 ich
1915 3263 2035 3301 sogar
2075 3263 2165 3290 vom

1223 3308 1350 3347 Herrn
1399 3304 1642 3358 lfigenhaft?
1709 3306 1931 3347 Chevallier
1984 3306 2166 3346 Wakium

1222 3370 1403 3404 secutus:
1436 3364 1546 3403 Then
1581 3364 1672 3403 dol
1709 3363 1770 3402 die
1802 3363 1842 3402 in
1875 3361 1975 3402 vain.
2024 3362 2164 3414 Verely

1185 3423 1191 3426 ’
1220 3419 1236 3458 Ι
1266 3419 1318 3459 lie
1349 3426 1418 3459 not
1447 3419 1600 3470 against
1640 3419 1706 3458 the
1736 3418 1857 3458 Lord.
1897 3418 1977 3458 Iac.
2033 3418 2167 3459 imita-

1220 3481 1284 3515 tur
1320 3475 1484 3514 Paulum
1511 3475 1582 3526 Ap.
1622 3474 1670 3514 de
1701 3473 1847 3514 Christi
1884 3475 2166 3515 resurrectione

1221 3529 1492 3570 disserentem.

1305 3586 1400 3637 Cap.
1431 3587 1492 3625 XI.
1555 3584 1594 3638 1)
1624 3580 1851 3651 γεύσηταί
1879 3584 1928 3635 C,
1969 3580 2166 3639 γεύσητε

1218 3655 1339 3696 supra
1372 3656 1418 3683 αι
1450 3653 1510 3694 pr.
1543 3653 1646 3682 man.
1681 3641 1737 3692 L,
1768 3636 1986 3696 γεύσεται
2017 3641 2128 3681 Voss.
