2340 3900
460 236 668 288 mmm
705 234 977 285 nPtSToLA
1016 237 1086 285 AD
1125 233 1671 286 PHlLADELPHENSES.
1718 234 1752 282 1.
1998 230 2095 282 175

741 455 813 499 AD
858 454 1483 501 PHILADELPHENSES.

260 573 492 635 ignatius,
530 575 610 635 qui
658 580 706 621 et
740 573 1071 635 Theophmm,
1119 575 1343 622 ecclesiae
1391 576 1470 622 Dei
1506 575 1652 622 Patris
1701 580 1748 621 et
1782 572 1959 622 Domini
1993 571 2098 622 lesu

337 642 522 701 Christi,
559 657 677 705 qnae
714 650 786 691 est
805 642 1144 705 philadelphiae
1181 644 1228 690 in
1252 645 1370 701 Asia,
1409 643 1772 691 misericordiam
1809 650 2099 702 consecutae,

339 720 387 760 et
422 711 628 760 firmatae
667 714 712 761 in
751 713 1001 760 concordia
1038 726 1142 759 cum
1178 714 1297 769 Deo,
1334 721 1381 760 et
1418 715 1633 760 exultanti
1669 715 1884 775 passione
1920 714 2101 761 Domini

338 784 485 829 nostri
522 781 901 844 inseparabiliter,
939 796 992 828 ac
1030 796 1112 843 per
1138 784 1521 830 resurrectionem
1558 784 1655 829 eius
1691 783 1824 844 plene
1850 784 2099 831 instructae

339 851 397 899 de
446 853 571 900 omni
615 851 962 909 misericordia;
1010 866 1144 913 quam
1199 853 1346 900 saluto
1394 853 1441 899 in
1495 853 1712 914 sanguine
1764 852 1867 901 lesu
1902 853 2099 910 Christi;

343 935 460 982 quae
496 921 694 969 eeclesia
729 928 802 970 est
837 921 1051 984 gaudium
1072 935 1224 969 meum
1252 923 1583 983 sempiternum
1607 929 1651 968 et
1677 921 1856 980 stabile,
1894 924 2099 980 maxime,

341 991 381 1037 si
415 992 531 1038 uniti
566 998 675 1039 sunt
710 1006 813 1039 cum
850 992 1071 1053 episcopo
1109 998 1155 1038 et
1188 991 1475 1054 preshyteris
1510 992 1607 1038 eius
1645 997 1691 1038 et
1727 991 1945 1051 diaconiS,
1979 993 2102 1040 iuxta

342 1062 613 1108 sententiam
634 1061 801 1109 Christi
827 1061 1090 1123 designatiS,
1130 1075 1247 1123 quos
1287 1062 1541 1109 secundum
1569 1062 1803 1122 propriam
1827 1062 2102 1111 voluntatem

343 1143 470 1178 suam
506 1130 702 1179 firmavit
737 1132 783 1178 in
820 1130 1078 1186 stabilitate,
1116 1145 1202 1193 per
1237 1139 1444 1179 sanctum
1483 1145 1614 1178 suum
1653 1130 1883 1192 Spiritum.

534 1265 754 1309 ‘IGNTAn
780 1265 1030 1309 EPISTOLA
1062 1267 1126 1308 AD
1155 1266 1659 1309 PHILADELPHENSES.

263 1385 488 1448 ignatius,
537 1388 616 1449 qni
663 1394 711 1436 et
745 1386 1074 1449 Theophorns‚
1122 1385 1354 1434 Ecclesiae
1392 1386 1470 1434 Dei
1506 1387 1652 1434 Patris
1701 1392 1747 1433 et
1782 1386 1960 1434 Domini
1996 1386 2101 1435 lesu

336 1457 518 1516 Christi,
556 1470 675 1519 quae
712 1464 784 1506 est
816 1456 1156 1518 Philadelphiae
1194 1457 1239 1503 in
1261 1453 1379 1513 Asia,
1418 1456 1785 1504 misericordiam
1823 1463 2097 1504 consecutae

335 1534 382 1574 et
433 1526 637 1577 firmatae
686 1528 733 1574 in
784 1526 1032 1574 concordia
1066 1527 1174 1584 Dei,
1206 1533 1269 1586 ‘et
1313 1526 1527 1574 exultanti
1574 1527 1620 1574 in
1669 1526 1886 1588 passione
1923 1527 2101 1575 Domini

334 1599 481 1645 nostri
515 1599 614 1646 sine
632 1597 951 1652 haesitatione,
988 1603 1035 1644 et
1068 1597 1114 1644 in
1152 1598 1495 1645 resurrectione
1534 1597 1740 1644 eiusdem
1767 1595 1959 1645 firmiter
2005 1611 2101 1645 cre-

335 1666 460 1715 denti
497 1670 542 1716 in
581 1667 705 1716 omni
740 1667 1084 1726 misericordia3
1122 1682 1256 1729 quam
1295 1666 1441 1714 saluto
1469 1667 1513 1714 in
1545 1667 1764 1729 sanguine
1794 1660 1898 1716 Iesu
1918 1667 2100 1724 Christi,

334 1738 459 1799 quod
497 1747 570 1787 est
603 1739 816 1801 gaudium
852 1738 1181 1800 sempiternum
1217 1744 1263 1785 et
1300 1736 1487 1795 stabile,
1533 1739 1722 1786 maxime
1760 1738 1798 1784 si
1835 1753 1974 1787 unum
2013 1738 2104 1785 sint

235 1838 255 1854 .
341 1823 445 1856 cnm
479 1809 707 1871 Episcopo
744 1816 792 1857 et
825 1807 1051 1856 adiunctis
1087 1803 1175 1871 ipsi
1203 1808 1491 1870 Presbyteris
1529 1815 1576 1856 et
1603 1808 1816 1856 Diaconis
1854 1809 2102 1872 designatis

334 1881 456 1928 iuxta
486 1886 684 1928 mentem
721 1879 825 1927 lesu
861 1877 1052 1937 Christi,
1103 1893 1220 1942 quos
1268 1878 1520 1927 secundum
1558 1879 1791 1942 propriam
1827 1880 2103 1929 voluntatem

332 1949 518 1998 firmant
551 1950 597 1998 in
632 1949 874 1998 stabilitate
911 1955 1072 1996 sancto
1105 1963 1191 1996 suo
1229 1950 1407 2012 spiritu.

880 2075 912 2122 Ι.
986 2077 1115 2123 Laus
1150 2077 1362 2138 episcopi.

265 2172 396 2221 Hunc
431 2173 701 2236 episcopum
738 2175 946 2236 cognovi,
984 2187 1074 2221 non
1113 2189 1138 2220 a
1174 2173 1345 2236 seipso,
1383 2188 1534 2236 neque
1572 2188 1656 2237 per
1690 2174 1913 2231 homineS‚
1951 2187 2102 2235 neque

130 2242 191 2291 ob
226 2243 407 2293 inanem
442 2242 648 2306 gloriam,
684 2242 769 2291 sed
805 2244 1023 2292 charitate
1061 2244 1207 2291 Patris
1245 2250 1292 2291 et
1314 2243 1490 2292 Domini
1516 2244 1622 2293 lesu
1647 2244 1811 2292 Christi
1849 2243 2102 2291 obtinuisse

129 2313 433 2362 ministerium
468 2312 661 2375 regendi
697 2319 894 2361 coetum.
966 2312 1104 2361 Valde
1139 2314 1386 2362 admiratus
1423 2329 1524 2362 sum
1561 2316 1660 2363 eius
1697 2314 1983 2371 modestiam,
2025 2313 2102 2374 qui

127 2383 303 2431 silendo
341 2384 575 2446 potentior
610 2390 695 2438 est,
732 2398 869 2445 quam
907 2384 985 2445 qui
1023 2398 1133 2431 vana
1166 2384 1427 2446 loquuntur.
1477 2384 1717 2432 Consonus
1742 2384 1861 2431 enim
1886 2391 1957 2430 est
1980 2397 2101 2429 man·

129 2453 274 2510 datis,
323 2461 374 2501 nt
411 2453 585 2500 eithara
631 2453 831 2501 chordis.
902 2454 1190 2517 Quapropter
1237 2454 1419 2502 beatum
1475 2454 1694 2517 praedico
1753 2460 1954 2501 mentem
2003 2453 2101 2500 eius

127 2522 262 2586 piam,
297 2537 395 2571 eam
431 2521 673 2571 virtutibus
713 2531 918 2572 ornatam
955 2532 1001 2572 et
1034 2524 1286 2587 perfectam
1324 2523 1492 2583 scienS,
1529 2531 1575 2574 et
1611 2524 1967 2573 immobilitatem
2004 2523 2103 2571 eius

127 2606 182 2641 ae
216 2592 447 2643 lenitatem
481 2593 625 2641 instar
659 2595 1022 2643 mansuetudinis
1061 2594 1140 2643 Dei
1175 2595 1275 2642 vivi.

265 2715 344 2767 *1.
411 2720 556 2779 Qnem
593 2719 871 2784 Episcopum
922 2722 1115 2783 cognovi
1153 2735 1244 2769 non
1281 2737 1305 2770 a
1340 2724 1590 2786 semetipso
1629 2737 1778 2784 neque
1828 2736 1909 2784 per
1958 2721 2101 2769 homi·

133 2802 216 2839 neu
253 2790 467 2854 adeptum
504 2803 611 2839 esse
663 2791 754 2839 hoc
800 2792 846 2839 in
884 2805 1123 2840 commune
1172 2793 1408 2854 pertinens
1445 2794 1774 2850 ministerium,
1822 2806 1973 2854 neque
2019 2806 2104 2854 per

131 2872 288 2908 vanam
324 2859 529 2922 gloriam,
565 2860 649 2909 sed
683 2861 728 2909 in
766 2861 952 2909 caritate
987 2860 1067 2910 Dei
1107 2863 1253 2910 Patris
1291 2860 1338 2912 e't
1374 2864 1551 2911 Domini
1586 2862 1690 2910 lesu
1727 2863 1909 2910 Christi.
1962 2862 2099 2909 Cuius

132 2927 359 2991 obstupui
392 2929 693 2989 modestiam
740 2932 818 2993 qui
858 2932 1022 2980 tacitus
1059 2933 1161 2994 plus
1201 2940 1367 2995 potest,
1406 2948 1541 2996 quam
1580 2934 1654 2980 alii
1693 2946 1802 2979 vana
1840 2931 2098 2993 loquentes.

137 2996 218 3044 801
245 2997 367 3045 enim
402 2998 652 3047 instructu
686 2999 911 3049 mandatis
947 3002 1136 3061 divinis,
1176 3010 1226 3051 ut
1262 3005 1435 3052 cithara
1472 3003 1654 3052 fidibus.
1727 3002 2015 3064 Quapropter
2050 3014 2104 3047 ex

137 3066 289 3115 animo
322 3065 502 3115 benum
538 3080 640 3116 enm
676 3067 783 3116 dico
819 3068 880 3116 ob
918 3069 1050 3118 istam
1085 3072 1129 3119 in
1166 3073 1308 3126 Denm
1346 3075 1642 3130 sententiam,
1691 3086 1824 3134 quam
1860 3069 2103 3118 virtutibus

137 3135 334 3184 deditam
371 3135 714 3199 perfectamque
747 3139 867 3196 novi,
901 3145 953 3185 nt
988 3146 1035 3187 et
1070 3141 1427 3193 immobilitatem
1475 3151 1520 3193 et
1569 3144 1799 3192 lenitatem
1848 3141 1970 3198 eius,
2024 3140 2101 3202 qui

134 3205 240 3254 vivit
272 3208 320 3254 in
353 3207 475 3254 omni
512 3205 857 3257 mansuetudine
894 3207 989 3257 Dei.

296 3396 380 3442 err.
412 3398 500 3442 Gal.
532 3398 570 3451 ¹,
605 3400 641 3444 1.
741 3396 759 3417 ⁶·
1146 3400 1318 3443 tacuisse
1351 3400 1460 3445 visus
1494 3410 1576 3456 est,
1616 3403 1748 3445 isthoc
1780 3408 1910 3443 tamen
1939 3399 2101 3443 silentio

226 3454 246 3498 1
323 3454 382 3497 tu
420 3468 456 3499 e.
494 3457 708 3512 Interpol„
748 3455 862 3499 Voss.
900 3462 940 3500 et
981 3455 1086 3513 rqu.
1145 3458 1365 3511 potentior,
1398 3467 1598 3513 potestate
1631 3457 1855 3513 episcopali
1886 3456 2100 3500 commodo

142 3509 268 3562 editt,
298 3507 386 3556 τὸν
412 3510 444 3554 C
462 3512 511 3556 1..
1146 3515 1286 3556 maiori
1318 3526 1407 3559 cnm
1438 3517 1569 3560 fructu
1600 3528 1757 3558 usurus.
1796 3515 1930 3556 Smilla.

141 3565 570 3681 ηςᾶἶιξὲξμζζζῖ
595 3569 847 3671 ζ’ωῗὴᾶῥ,
861 3571 1088 3670 ὓῑξζξζβξῑ
1236 3599 1304 3654 12)
1331 3598 1413 3644 cfr.
1445 3614 1568 3656 supra
1600 3600 1650 3642 aa
1681 3599 1782 3654 Eph.
1813 3612 1846 3641 e.
1875 3598 1917 3643 4.

140 3678 359 3723 adnitatur
390 3682 433 3725 8.
462 3681 660 3737 lantino,
703 3685 771 3739 qui
799 3696 846 3727 se
875 3685 1010 3727 mitem
1042 3697 1088 3726 ac
1235 3684 1309 3737 13)
1350 3685 1526 3731 τέλειον
1585 3685 1614 3727 C
1636 3686 1688 3738 L,
1747 3685 1932 3732 τελείαν
1990 3679 2103 3729 editt.
2169 3666 2172 3670 Ι

139 3745 388 3783 mansuetum
421 3751 516 3794 erg·
549 3739 830 3797 immorigeros
860 3741 1004 3797 gessit,
1049 3749 1090 3784 et
1146 3749 1237 3785 ante
1266 3742 1343 3786 lac.
