2340 3900
1024 156 1301 215 CLEMENS.
2091 177 2168 215 XV

179 298 550 371 vnxtivwoxot,
599 291 726 350 οὐδὲ
771 291 833 349 τὸ
883 294 1135 365 καθεξῆς·
1187 292 1298 350 ἀλλ’
1340 294 1556 358 ἕκαστος
1593 293 1651 350 έν
1684 295 1759 368 τῷ
1795 295 1911 368 ἰδίῳ
1947 293 2167 365 τάγματι

177 372 242 425 τὰ
275 364 655 436 ἐπιτασσόμενα
689 362 797 419 ὑπὸ
831 367 929 419 τοῦ
964 363 1217 434 βασιλέως
1251 367 1341 420 καὶ
1374 369 1482 420 τῶν
1518 362 1827 436 ἡγουμένων
1851 363 2067 420 ἐπιτελεῖ
2098 371 2163 437 (c.

180 441 271 506 37)
307 456 408 491 non
445 441 650 490 obscure
687 445 938 489 auctorem
975 454 1089 488 esse
1124 439 1397 489 Romanum
1434 440 1662 490 indicant.

317 511 386 560 Ea
418 511 520 560 fere
555 526 612 559 ex
645 508 748 575 ipsa
769 507 987 574 Epistola
1023 508 1083 559 de
1118 515 1317 559 auctore
1352 510 1657 576 colliguntur.
1716 505 1818 559 Iam
1848 509 2163 561 traditionem

177 581 514 632 auscultemus,

316 650 513 700 Veteres
561 644 731 699 Patres
783 646 1031 713 Epistolae
1079 653 1327 698 auctorem
1376 665 1484 700 esse
1520 650 1849 711 ,Clementem‘
1893 649 2166 715 perhibent.

178 721 342 785 Neque
376 734 492 768 vero
530 718 635 768 eius
671 726 852 768 nomen
889 717 940 766 in
975 716 1136 767 fronte
1172 718 1291 778 fert,
1329 724 1383 767 ut
1417 719 1703 786 plerumque
1742 720 1820 780 fit,
1864 734 2022 786 neque
2070 720 2166 770 alio

179 789 229 838 in
275 790 384 851 loco
432 786 481 837 id
536 791 791 838 memorat.
862 785 1129 836 Eusebium
1165 787 1458 853 Epistulam,
1497 802 1616 854 quae
1653 790 1810 840 adhuc
1846 795 2021 850 exstat,
2056 793 2168 858 ante

180 857 348 908 oculos
383 857 624 918 hahuisse,
661 857 781 914 haec
812 854 1002 919 verber)
1040 862 1172 906 extra
1209 855 1407 906 dubium
1436 865 1650 922 ponunt:
1716 853 1926 910 Τούτου
1962 853 2028 922 δὴ
2066 858 2168 910 οὐν

178 926 276 977 τοῦ
316 922 620 993 Κλήμεντος
655 919 1050 992 ὁμολογουμένη
1087 925 1180 992 μία
1213 921 1456 992 ἐπιστολὴ
1494 922 1725 994 φέρεται,
1763 923 1958 995 μεγάλη
1993 945 2046 980 τε
2081 925 2170 981 καὶ

176 996 477 1063 θαυμαῦία,
515 991 586 1063 ἣν
621 987 692 1056 ὡς
728 989 834 1047 ’ἀπὸ
869 995 963 1063 τῆς
990 989 1267 1063 Ῥωμαίων
1304 990 1575 1063 ἐκκλησίας
1619 998 1685 1065 τῇ
1720 998 2031 1064 Κορινθίων
2066 999 2168 1051 διε-

176 1062 482 1131 maffia-co,
533 1061 763 1126 στάσεως
810 1059 1055 1133 τηνικάδε
1101 1061 1235 1117 κατὰ
1278 1061 1377 1134 τὴν
1415 1062 1697 1134 Κόρινθον
1740 1064 2034 1136 γενομένης.
2106 1070 2170 1120 At

178 1137 308 1188 enim
343 1151 459 1188 vero
480 1136 691 1187 Eusebio
729 1135 974 1203 antiquior
999 1136 1303 1204 Hegesippus
1337 1151 1444 1188 eam
1481 1138 1722 1204 cognovit.
1795 1139 1841 1189 ls
1879 1140 2024 1202 enim,
2062 1157 2168 1190 me*-

175 1207 378 1257 moratis
415 1206 783 1258 Corinthiorum
829 1205 1073 1269 dissidiis,
1124 1208 1245 1258 haec
1283 1206 1612 1275 subiungit15)
1671 1203 1780 1259 Καὶ
1816 1203 1897 1259 ὅτι
1945 1226 2002 1275 γε
2037 1205 2169 1260 κατὰ

174 1271 270 1326 τὸν
305 1273 632 1343 ’δηλούμενον
668 1272 995 1343 (Κλήμεντά)
1031 1271 1097 1327 τὰ
1132 1275 1240 1329 τῶν
1280 1276 1593 1345 Κορινθίων
1640 1277 1879 1344 κεκίνητο
1924 1273 2167 1344 στάσεως,

176 1339 454 1430 ’ἀξιόχρεως
487 1341 687 1413 μάρτυς
723 1340 753 1396 ὁ
783 1342 1126 1415 Ἡγήσιππος.
1200 1348 1363 1398 Addas
1381 1346 1449 1413 εδ)
1483 1341 1733 1400 Ἀκοῦσαί
1768 1343 1825 1416 γέ
1849 1365 1931 1400 τοι
1956 1344 2169 1416 πάρεστι

174 1428 300 1483 μετα
335 1435 454 1468 τινα
487 1412 605 1483 περὶ
640 1415 735 1482 τῆς
762 1414 1067 1485 Κλήμεντος
1102 1411 1234 1486 πρὸς
1257 1415 1589 1484 Κορινθίους
1625 1415 1897 1486 ἐπιστολῆς
1930 1412 2077 1490 αὐτῷ
2114 1420 2169 1486 (i.

176 1504 217 1537 e.
255 1486 554 1554 Hegesippo)
592 1481 859 1554 εἰρημένα,
899 1483 1226 1555 ἐπιλέγοντος
1260 1484 1382 1539 τάδε
1418 1490 1524 1540 κτλ.
1598 1490 1823 1542 Attamen
1859 1507 1915 1540 ex
1954 1490 2032 1540 his
2069 1506 2169 1540 non

175 1557 350 1623 liquet,
395 1574 514 1607 num
549 1557 788 1608 Eusebius
827 1575 964 1610 suam
1006 1576 1067 1609 an
1103 1558 1367 1625 Hegesippi
1404 1559 1463 1609 de
1497 1558 1746 1626 Epistolae
1784 1567 1982 1611 auctore
2027 1559 2169 1610 testi-

174 1627 395 1676 monium
434 1633 706 1692 proponat,
745 1629 965 1694 quamvis
1001 1627 1305 1695 Hegesippus
1339 1635 1587 1695 tempore,
1627 1646 1722 1697 quo
1760 1630 1981 1695 Epistola
2017 1630 2170 1681 missa

178 1696 288 1756 fuit,
326 1697 625 1746 Clementem
660 1697 844 1749 Romae
882 1699 1075 1764 degisse
1113 1699 1341 1749 distincte
1380 1699 1634 1764 significet.

317 1765 545 1815 Ireaneus
557 1765 601 1830 ⁷)
640 1782 750 1816 cum
786 1766 1064 1834 Hegesippo
1104 1768 1245 1819 testis
1285 1775 1373 1831 est,
1413 1769 1738 1831 Clementem,
1796 1785 1893 1837 quo
1943 1776 2167 1836 tempore

175 1834 392 1901 Epistola
429 1835 720 1886 Corinthum
756 1837 908 1893 missa
942 1838 1034 1888 fuit
1070 1837 1370 1904 (Domitiano
1393 1838 1732 1905 Imperatore),
1758 1841 1941 1890 Romae
1977 1840 2169 1890 vixisse.

175 1905 226 1955 Id
266 1905 513 1971 quomodo
546 1912 784 1967 narratur,
819 1923 915 1957 nos
952 1906 1172 1958 dubitare
1197 1924 1298 1958 non
1323 1908 1453 1969 sinit,
1480 1909 1598 1974 quin
1621 1910 1726 1976 ipse
1752 1911 1978 1960 Clemens
2002 1915 2169 1959 aucto-

173 1976 317 2024 ritate
353 1974 478 2040 apud
514 1974 763 2025 Romanos
796 1977 1043 2037 floruerit,
1092 1983 1258 2042 utpote
1306 1977 1387 2043 qui
1435 1978 1656 2042 ipsorum
1704 1980 1882 2029 mentis
1926 1980 2170 2045 interpres

176 2045 224 2093 in
263 2043 614 2094 conscribenda
650 2043 870 2110 Epistola
908 2046 1163 2097 exstiterit.
1698 2061 1701 2064 ’

315 2113 576 2180 Dionysius
614 2111 901 2165 Corinthius
938 2115 1139 2165 nomine
1163 2116 1532 2166 Corinthiorum
1559 2116 1790 2167 ecclesiae
1826 2118 1886 2168 ad
1922 2118 2170 2168 Romanos

176 2184 373 2249 scripsit
407 2183 654 2248 octoginta
690 2184 791 2235 fere
829 2199 1012 2245 annOS,
1051 2191 1312 2252 postquam
1350 2186 1556 2236 Romani
1594 2186 1760 2236 literas
1791 2187 1886 2238 illis
1923 2187 2171 2238 miserant.

175 2253 294 2303 Eius
330 2252 472 2302 verba
509 2253 634 2318 apud
660 2252 968 2318 Eusebium⁸)
994 2255 1233 2305 Clementi
1273 2271 1379 2304 eam
1416 2255 1604 2305 auctori
1632 2255 1899 2306 luculenter
1935 2257 2169 2307 tribuunt.

315 2323 437 2372 Cum
454 2322 686 2389 Dionysio
711 2323 839 2374 idem
859 2330 1084 2374 asserunt
1106 2324 1330 2374 Clemens
1353 2323 1752 2389 Alexandrinus9)
1782 2333 1830 2376 et
1855 2324 2169 2392 OrigeneS.¹⁰)

313 2392 406 2453 Qui
456 2387 516 2441 de
564 2394 892 2443 successionis
931 2394 1103 2443 ordine
1139 2395 1473 2444 Romanorum
1511 2394 1855 2460 episcoporum
1904 2397 2170 2447 memoriae

174 2460 499 2521 tradiderunt,
537 2462 839 2513 Clementem
875 2464 1152 2513 Domitiano
1200 2471 1434 2530 regnante
1467 2465 1651 2515 Romae
1702 2465 1892 2531 degisse
1929 2472 2170 2516 enarrant.

175 2531 359 2580 Eorum
395 2532 598 2581 chorum
636 2532 768 2582 ducit
793 2531 1094 2597 irenaeuS,¹¹)
1133 2534 1270 2583 cuius
1296 2534 1522 2584 notitiam
1543 2534 1783 2584 Eusebius
1798 2533 1861 2600 ¹²)
1891 2535 2046 2586 fusius
2085 2553 2169 2586 ex-

172 2600 345 2665 planat.
414 2601 586 2667 Neque,
616 2600 676 2650 ab
711 2601 772 2650 iis
810 2601 1087 2668 discrepant
1106 2602 1485 2669 Epiphani11S,¹³)
1519 2604 1917 2671 Hieronymus¹⁴)
1956 2611 2003 2655 et
2038 2606 2168 2656 Mar-

173 2670 464 2737 tyrologium
501 2669 782 2720 Clementis,

313 2737 373 2789 Hi
421 2739 537 2789 dum
585 2739 886 2790 Clementem
942 2747 1055 2806 post
1103 2743 1302 2793 Petrum
1341 2744 1508 2793 dicunt
1559 2751 1781 2811 quartum
1831 2745 2167 2797 Romanorum

177 2809 461 2874 episcopum
502 2808 767 2874 (siquidem
807 2810 1048 2860 secundus
1086 2812 1237 2862 Linus
1276 2813 1365 2862 fuit
1414 2820 1461 2862 et
1511 2815 1685 2864 tertius
1722 2815 2008 2881 Anacletus)
2059 2833 2165 2867 ma-

174 2893 389 2944 gnopere
437 2878 664 2928 dissentit
696 2879 786 2929 alia
833 2880 1029 2930 traditio
1082 2882 1329 2946 Epistolae
1367 2884 1631 2933 Clementis
1668 2885 1727 2934 ad
1765 2884 2016 2946 Iacobum,
2057 2886 2167 2936 Cle—

173 2947 404 2997 mentinis
441 2946 667 2997 Homiliis
714 2950 965 3013 praefixae.
1038 2951 1231 3000 Etenim
1267 2953 1442 3002 Petrus
1489 2953 1556 3003 ihi
1570 2951 1630 3016 ¹⁶)
1667 2954 1828 3019 ipsum
1866 2955 2166 3005 Clementem

176 3016 265 3066 sibi
306 3031 642 3067 successorem
680 3017 882 3068 suffecit.
959 3017 1015 3069 Ei
1067 3021 1399 3071 assentiuntur
1437 3021 1838 3086 Tertullianusffl)
1877 3030 1950 3085 et,
1989 3020 2166 3073 Hiero-

174 3084 397 3150 nymo¹'¹)
433 3092 579 3146 teste,
616 3085 900 3138 Latinorum
938 3088 1171 3155 plerique.

180 3205 532 3212 ——-——..—-.——.

259 3265 305 3318 4)
339 3267 386 3307 11.
418 3268 460 3307 E.
492 3268 555 3316 111,
591 3267 654 3309 16.
1293 3270 1361 3323 11)
1395 3273 1514 3312 naor.
1548 3272 1610 3321 111,
1643 3272 1681 3311 3.
1715 3272 1753 3310 3.

261 3324 305 3374 5)
336 3325 406 3375 Ap.
440 3324 584 3364 Euseb.
615 3324 662 3365 ll.
693 3324 737 3365 E.
772 3323 836 3374 111,
870 3323 933 3365 16.
1287 3341 1356 3392 12)
1389 3342 1437 3381 H,
1472 3342 1514 3381 Ε,
1549 3342 1611 3389 lll,
1651 3342 1714 3390 13,
1752 3341 1814 3381 15.

261 3380 306 3429 6)
340 3380 387 3420 H·
420 3380 463 3419 E·
497 3381 556 3430 lv,
589 3380 656 3421 22-
1288 3398 1356 3449 13)
1390 3398 1508 3437 naar.
1540 3397 1682 3446 xxvn,
1716 3398 1752 3436 ο.

263 3435 308 3542 3
347 3436 558 3532 2⁸03¹1¹V¹2
588 3437 656 3533 {3
1283 3467 1352 3518 14)
1389 3468 1443 3506 ne
1475 3467 1544 3506 vir.
1577 3467 1722 3506 muso.
1760 3467 1821 3507 15.

262 3546 311 3594 9)
341 3547 488 3587 strom.
520 3523 559 3596 1‚'
580 3548 686 3600 3393
718 3549 778 3597 iv,
809 3549 923 3600 6093
955 3550 1014 3599 vi,
1042 3550 1139 3591 τῖε.
1291 3535 1359 3605 ¹⁵.)
1395 3552 1427 3575 ⁰·
1463 3537 1500 3576 2·
1537 3537 1599 3611 ¹⁹1
1641 3604 1647 3611 ¹
1785 3604 1792 3612 ,

266 3602 336 3654 10)
363 3602 421 3643 oe
451 3603 581 3655 princ.
612 3603 658 3654 ιι,
690 3605 714 3645 3
745 3605 870 3656 (1,82
891 3606 954 3645 ed.
976 3606 1139 3658 aunem
1292 3593 1362 3643 1ὓ)
1396 3594 1450 3631 ⁰⁰
1482 3604 1658 3642 vfflffiffl·
1695 3590 1804 3631 Μ’·
1836 3606 1869 3632 ⁰·
1904 3593 1972 3633 32·

179 3658 219 3694 in
253 3656 396 3696 Ezech.
429 3672 463 3699 c.
493 3659 531 3700 8.
562 3661 645 3713 (111,
677 3661 796 3715 422.)
1289 3660 1360 3712 17)
1395 3661 1436 3698 l..
1472 3673 1503 3698 c.
