2340 3900
657 102 945 151 ΒΑΒΝΑΒΑΕ
977 101 1260 148 EPISTULA.
1316 99 1410 149 ΧΠ.
1447 98 1560 147 xul.
2016 94 2075 144 31

123 246 251 293 vobis
284 259 469 291 morsus
504 243 670 299 fuerit,
715 241 865 287 veniat
900 239 957 285 ad
1005 248 1264 300 serpentem
1303 241 1348 286 in
1399 238 1530 300 ligno,
1561 237 1782 300 positum,
1837 243 1885 284 et
1929 237 2088 284 credat

123 322 256 376 atque
289 319 474 376 speret,
509 312 660 374 quod,
696 310 805 356 licet
838 307 912 354 ille
947 322 1038 354 non
1075 309 1213 366 vivat,
1249 315 1402 371 potest
1436 309 1571 354 vitam
1606 312 1864 369 praestare3
1901 312 1948 353 et
1979 320 2086 353 con-

124 384 275 433 festim
319 378 603 430 servabitur}
670 381 819 440 Atque
863 378 924 423 ita
974 376 1215 425 faciebant,
1287 378 1436 424 Habes
1474 378 1611 424 etiam
1658 378 1705 424 in
1753 376 1844 423 hoc
1897 375 2087 438 gloriam

124 455 250 510 lesu3
299 451 426 514 quod
461 452 508 498 in
544 452 648 512 ipso
686 454 794 496 sunt
840 447 990 494 omnia
1025 453 1072 493 et
1104 447 1150 492 in
1189 448 1349 508 ipsum.
1419 446 1534 503 Quid
1582 448 1746 494 iterum
1793 446 1906 493 dicit
1935 445 2088 493 Moses

122 522 180 570 ad
212 516 362 577 losue,
398 519 542 567 filium
573 520 747 575 Navae,
785 531 890 563 cum
926 515 1015 571 illi,
1054 516 1332 576 prophetae,
1370 516 1417 562 id
1453 517 1650 563 nominis
1688 513 2087 573 [losue=1esus]

124 594 402 653 imponeret,
450 590 555 636 ideo
591 588 765 645 solum,
812 592 865 633 ut
908 585 1057 631 omnis
1093 586 1290 646 populus
1328 585 1627 646 intelligeret,
1659 586 1838 633 Patrem
1887 585 1944 633 de
1994 583 2089 631 filio

123 674 207 708 suo
242 659 346 707 lesu
395 665 560 706 cuncta
609 657 926 705 manifestasse
975 653 1069 701 filio
1105 654 1280 700 Navae?
1345 653 1560 715 Imposito
1613 657 1750 717 igitur
1796 669 1852 702 eo
1889 655 2090 711 nomine,

122 729 303 792 quando
337 730 463 776 misit
497 742 600 775 eum
634 728 683 774 in
717 724 1051 788 exploratorem
1085 730 1234 771 terrae
1275 717 1509 784 [canaan],
1546 725 1680 771 dixit:
1717 726 1889 787 ,accipe
1926 723 2091 771 librum

124 801 170 847 in
202 813 364 846 manus
400 803 515 855 tuas,
552 804 600 844 et
634 795 787 843 scribe
811 808 928 856 quae
967 794 1079 840 dicit
1113 793 1355 839 Dominus:
1389 792 1622 840 radicibus
1647 795 1957 841 exscissurum
1986 807 2091 842 esse

124 868 264 916 mium
295 868 377 915 Dei
412 868 457 914 in
493 866 752 914 novissimis
787 863 949 912 diebus
994 877 1175 910 omnem
1210 863 1394 909 domum
1427 861 1659 913 Amaleci.‘
1728 863 1847 911 Ecce
1884 877 2093 911 rursum:

122 952 215 986 non
247 936 367 984 filius
403 937 629 993 hominis,
682 935 767 982 sed
801 934 880 980 Dei
918 932 1037 979 filius
1076 932 1229 989 lesuS,
1279 933 1358 993 qui
1411 932 1456 977 in
1497 930 1642 992 figura
1678 939 1725 979 et
1760 934 1805 978 in
1844 948 1981 981 carne
2018 948 2094 995 ap·

122 1008 285 1070 paruit.
353 1005 574 1064 Quoniam
608 1018 717 1052 vero
755 1003 922 1051 dicturi
957 1008 1102 1058 erant,
1138 1002 1367 1048 Christum
1404 1014 1508 1047 esse
1548 999 1689 1048 filium
1719 1002 1912 1059 DavidiS‚
1951 1003 2095 1050 resor-

121 1076 298 1124 midans
349 1082 396 1123 et
445 1074 701 1136 intelligens
750 1085 957 1121 errorem
1005 1070 1360 1128 sceleratorum,
1405 1071 1467 1117 ait
1501 1070 1662 1117 David:
1715 1071 1844 1128 ,dicit
1878 1072 2095 1119 Dominus

126 1146 314 1194 Domino
350 1158 480 1191 meo:
516 1145 626 1191 sede
662 1159 688 1190 a
726 1143 897 1191 dextris
930 1141 1059 1199 meis,
1097 1141 1245 1188 donec
1279 1155 1446 1202 ponam
1467 1140 1678 1186 inimicos
1712 1147 1816 1187 tuos
1850 1141 2098 1188 scabellum

123 1215 290 1278 pedum
332 1211 547 1262 monm‘
619 1213 675 1260 Et
707 1213 848 1260 lsaias
898 1226 1040 1273 porro
1090 1211 1151 1257 ita
1205 1210 1434 1271 loquitur:
1485 1210 1615 1267 ,dixit
1655 1211 1877 1258 'Dominus
1915 1211 2096 1257 Christo

122 1282 477 1341 meo‘Domino,
521 1284 651 1331 cuius
689 1282 974 1345 apprehendi
1011 1281 1263 1337 dexteram,
1299 1286 1351 1326 ut
1383 1279 1600 1327 obediant
1635 1281 1677 1327 ei
1715 1287 1887 1342 genteS,
1925 1286 1971 1326 et
2006 1280 2098 1326 for-

123 1354 359 1402 titudinem
394 1367 554 1415 regum
590 1351 903 1415 disrumpam.‘
976 1349 1114 1407 Ecce,
1151 1350 1382 1412 quomodo
1407 1349 1547 1397 David
1581 1364 1684 1397 eum
1706 1350 1944 1397 Dominum
1968 1356 2103 1395 vocet

124 1431 172 1472 et
198 1424 280 1472 Dei
325 1422 483 1471 mium.

781 1574 895 1623 x111.
954 1575 1027 1622 De
1051 1575 1228 1636 populo
1265 1574 1478 1621 haerede.

261 1702 355 1750 Sed
401 1702 660 1760 videamus,
703 1707 858 1748 utrum
905 1700 981 1747 hic
1027 1701 1225 1763 populus
1267 1701 1431 1747 haeres
1470 1700 1556 1755 sit,
1608 1712 1664 1744 an
1710 1711 1819 1745 vero
1856 1697 2009 1758 prior3
2058 1706 2104 1746 et

132 1779 283 1820 utum
328 1778 647 1820 testamentum
684 1771 743 1819 ad
777 1785 892 1826 uos,
938 1785 995 1818 an
1044 1770 1102 1817 ad
1136 1770 1237 1817 illos
1286 1770 1525 1831 pertineat.
1592 1767 1753 1815 Audite
1799 1781 1944 1825 nunc,
1995 1769 2107 1829 quid

133 1843 360 1904 scriptura
394 1843 518 1890 dicat
562 1841 619 1888 de
666 1839 852 1903 populo.
919 1839 1089 1887 Orabat
1123 1839 1304 1886 isaacus
1340 1839 1575 1887 Rebeccae
1612 1839 1769 1884 uxoris
1806 1852 1915 1884 suae
1954 1852 2106 1895 causa,

134 1911 260 1974 quod
292 1919 420 1960 esset
464 1910 666 1967 sterilis;
713 1917 761 1958 et
807 1909 883 1956 illa
926 1909 1119 1971 posthac
1160 1909 1388 1970 concepit.
1457 1910 1513 1954 At
1544 1907 1753 1954 Rebecca
1797 1921 1989 1968 egressa
2037 1914 2109 1954 est

136 1981 195 2029 ad
228 1980 598 2043 interrogandum
634 1979 888 2035 Dominum,
925 1986 972 2025 et
1007 1979 1119 2025 dixit
1153 1978 1369 2024 Dominus
1405 1978 1463 2023 ad
1499 1977 1645 2022 illam:
1692 1977 1825 2034 ,duae
1862 1983 2022 2037 gentes
2059 1977 2105 2022 in

138 2056 270 2098 utero
305 2057 384 2098 tuo
419 2056 542 2111 sunt,
579 2063 632 2096 ac
657 2050 748 2097 duo
785 2047 940 2110 populi
979 2048 1024 2094 in
1059 2054 1216 2094 ventre
1254 2054 1346 2103 tuo,
1382 2053 1517 2108 atque
1544 2061 1661 2093 unus
1683 2045 1880 2107 populus
1917 2045 2107 2093 alterum

139 2119 388 2181 superabit,
423 2127 472 2167 et
499 2117 661 2167 maior‘
698 2111 847 2182 [natu]
883 2118 1066 2174 ,serviet
1101 2118 1295 2164 minori.‘
1365 2116 1548 2163 Debetis
1587 2115 1870 2177 intelligere,
1908 2117 2011 2176 quis
2050 2116 2110 2162 sit

141 2188 336 2246 bueus,
374 2202 491 2250 quae
527 2187 758 2245 Rebecca,
794 2194 843 2235 et
878 2188 935 2235 de
972 2187 1242 2249 quibusnam
1279 2185 1597 2243 declaraverit,
1635 2185 1760 2245 quod
1797 2185 1994 2246 populus
2032 2185 2108 2231 hic

140 2258 198 2304 sit
234 2258 381 2304 maior
415 2272 551 2319 quam
589 2257 682 2305 ille.
753 2258 808 2305 Et
839 2258 882 2304 in
937 2256 1023 2303 alia
1075 2256 1316 2318 prophetia
1354 2255 1637 2302 manifestius
1675 2253 1880 2315 loquitur
1915 2253 2109 2301 Iacobus

138 2325 197 2373 ad
235 2326 378 2373 fllium
414 2341 547 2373 suum
584 2327 844 2389 losephum,
882 2326 1068 2373 dicens:
1104 2339 1247 2382 ‚ecce,
1286 2325 1502 2371 Dominus
1543 2338 1632 2370 non
1657 2324 1847 2384 privavit
1883 2337 1955 2370 me
1992 2323 2108 2371 facie

140 2402 245 2450 ωας
282 2395 430 2442 adduc
468 2396 578 2443 mihi
614 2395 735 2444 filios
773 2404 904 2452 tuos,
942 2402 992 2442 ut
1026 2394 1295 2442 benedicam
1333 2391 1429 2441 eis.‘
1499 2393 1554 2439 Et
1600 2394 1784 2440 adduxit
1818 2393 2112 2455 Ephraimum

135 2471 185 2512 et
217 2463 481 2521 Nanassen,
526 2466 720 2527 cupiens
756 2472 808 2512 ut
842 2464 1224 2522 benediceretur,
1276 2465 1383 2526 quia
1432 2469 1531 2511 erat
1578 2470 1685 2511 natu
1724 2464 1881 2511 maior.
1954 2463 2112 2526 Itaque

137 2655 275 2705 David,
305 2655 440 2697 ludaei
471 2662 511 2697 et
534 2668 623 2697 mm
655 2656 704 2697 iis
727 2655 976 2697 tudaizantes
1011 2656 1098 2697 dic-
1240 2654 1285 2705 4)
1317 2654 1616 2707 Itainterpunxi
1637 2655 1726 2695 exB
1751 2654 1779 2694 C
1801 2654 1846 2704 Ο,
1879 2667 1968 2695 cum
1996 2652 2110 2706 εἶτα,

138 2714 216 2755 turi
240 2719 366 2754 erant.
409 2712 472 2753 Ps.
498 2713 592 2763 109,
616 2711 653 2755 1.
673 2713 807 2754 nauh.
828 2713 1094 2763 22,43—15.
1151 2712 1176 2752 i.
1208 2725 1242 2752 e.
1274 2708 1464 2764 ἔπειτα,
1505 2711 1617 2764 prius
1647 2712 1876 2752 traheretur
1906 2712 1957 2751 ad
1986 2724 2112 2752 mem-

224 2768 301 2818 38)
336 2768 416 2812 ἵνα
443 2781 525 2810 var.
555 2769 647 2810 lect.
678 2781 743 2822 ap.
774 2769 887 2810 Voss.
1153 2768 1268 2809 brum
1305 2781 1502 2821 sequens3
1551 2767 1822 2821 συνέλαβεν·
1872 2765 1994 2810 εἶτα·
2037 2767 2115 2809 καὶ

223 2825 299 2879 39)
327 2812 465 2874 οὗτος
490 2826 519 2866 v
537 2825 585 2876 o,
613 2826 654 2867 in
676 2826 754 2867 noc
775 2826 936 2880 quidem
958 2838 1095 2867 emen·
1153 2826 1197 2877 V,
1230 2825 1503 2878 συνέλαβεν·
1538 2822 1653 2877 stra,
1685 2823 1763 2866 καὶ
1796 2824 1836 2865 in
1860 2824 1889 2865 F
1922 2824 2113 2876 distingui

141 2881 290 2931 datum,
319 2887 365 2923 nt
393 2881 472 2923 iam
502 2882 557 2923 sit
585 2877 745 2931 οὕτως.
810 2882 854 2924 ln
884 2882 914 2924 B
947 2889 1033 2924 erat
1067 2879 1096 2937 ἡ

138 2938 381 2994 βασιλείας
407 2951 447 2992 p.
477 2934 690 2987 Ἡσαΐας.
739 2938 830 2981 lsai.
861 2939 930 2990 45,
966 2939 1001 2981 1.

221 2995 298 3048 40)
326 2994 369 3035 ln
401 2994 431 3035 Β
458 2990 611 3052 κὺρφ,
647 3007 771 3048 supra
801 3009 857 3038 ιω
897 2995 983 3037 sine
1028 3009 1096 3037 ac-

142 3058 259 3094 centu
290 3057 332 3092 et
375 3051 458 3093 iota
487 3051 734 3106 σαῦροι-ἥρω.
792 3051 891 3094 Lxx
934 3065 1097 3107 quoque

143 3104 300 3164 Κύρῳ,
334 3107 468 3160 Cyro.
521 3109 578 3150 lta
599 3109 705 3151 sorte
734 3120 781 3150 ex
799 3109 1099 3163 paronomasia.

225 3166 300 3214 ⁴1)
342 3161 603 3224 δεισρῥήξω
658 3166 761 3207 Uen.
820 3165 936 3207 Voss.
995 3166 1098 3217 Cot.,

143 3216 378 3281 διαρρἧω
406 3221 527 3273 Cleua,
556 3227 602 3263 ut
634 3221 822 3263 exhibent
855 3222 884 3263 B
907 3221 936 3262 C
962 3221 995 3263 Ο
1017 3222 1059 3263 V.

227 3289 325 3343 Cap.
347 3289 444 3332 xm.
477 3290 519 3342 1)
545 3288 573 3334 ὁ
598 3290 692 3333 add.
711 3291 825 3344 Cot.;
854 3298 961 3334 extat
996 3305 1101 3346 quo-

144 3360 223 3399 que
251 3347 291 3387 in
322 3347 352 3388 Β
373 3346 403 3387 C
426 3347 459 3387 0
481 3347 524 3388 V.

229 3403 276 3456 2)
305 3402 388 3444 cfr.
415 3414 540 3457 supra
569 3416 605 3445 e.
635 3403 662 3446 5
694 3409 736 3446 et
763 3404 804 3447 6.

229 3472 278 3524 3)
307 3473 414 3515 luter
442 3472 553 3529 περὶ
579 3478 621 3515 et
646 3469 883 3529 Ῥεβέκκας
910 3480 1101 3527 repetun-

146 3536 210 3569 tur
248 3529 288 3569 in
326 3528 356 3570 Β
394 3540 506 3571 voce.
555 3529 639 3572 τοῦ
674 3529 804 3582 λαοῦ,
879 3538 991 3573 osten
1035 3543 1102 3571 ex-

146 3591 332 3637 punctae.
387 3584 487 3628 Gen.
513 3584 584 3637 25,
605 3585 675 3630 21.
705 3585 819 3629 Rom.
848 3543 890 3639 g,
925 3587 1104 3631 10-12.

1154 2881 1204 2922 ad
1235 2894 1298 2923 me
1328 2881 1498 2922 relatum
1530 2887 1592 2922 est

1237 2950 1283 3006 5)
1315 2951 1412 2993 Gen.
1444 2951 1512 3002 25,
1545 2951 1611 2992 23.

1241 3008 1287 3119 63
1318 3003 1617 3051 αἰσθάνεσθε
1636 3007 1677 3058 V,
1709 3007 1821 3061 prius
1855 3006 1974 3049 etiam
2004 3006 2043 3048 in
2067 3007 2114 3051 Ο.

1240 3066 1264 3106 7
1317 3064 1414 3106 Gen.
1448 3065 1516 3115 48,
1553 3065 1616 3107 11.
1648 3065 1686 3107 9.

1241 3133 1287 3188 8)
1319 3135 1420 3176 Dedi
1456 3134 1535 3176 καὶ
1574 3131 1875 3192 προσήγαγεν
1900 3131 2114 3194 Ἐφραὶμ

1156 3191 1235 3233 καὶ
1266 3189 1350 3234 τὸν
1382 3194 1654 3244 Μανασσῆ,
1691 3190 1847 3234 θέλων
1878 3190 1956 3232 ἵνα
1987 3188 2116 3233 εὐλο-

1154 3249 1281 3306 γηθῇ
1294 3248 1395 3290 duce
1414 3247 1513 3289 Cod.
1535 3248 1577 3298 V,
1602 3248 1640 3288 in
1662 3259 1741 3300 quo
1762 3247 1886 3287 habes
1904 3246 1997 3289 καὶ
2025 3260 2114 3289 cum

1155 3304 1316 3358 punctis
1334 3312 1374 3345 et
1395 3302 1478 3347 τὸν
1495 3307 1586 3345 zmte
1603 3304 1839 3362 μανασσῆ.
1886 3303 1927 3344 ln
1958 3303 1986 3345 Β
1999 3303 2027 3344 C
2041 3303 2070 3345 F
2081 3303 2114 3345 0

1156 3361 1235 3402 καὶ
1252 3356 1554 3419 προσήγαγεν
1569 3358 1748 3417 ἔφραῖμ
1769 3357 1853 3402 τὸν
1909 3361 2092 3412 ανασσῆ
2105 3370 2115 3381 ·

1159 3417 1314 3460 θέλων
1353 3417 1431 3460 ἵνα
1470 3414 1723 3473 εὐλογηθῇ,
1769 3422 1812 3456 ut
1881 3415 1965 3457 edit
2002 3415 2117 3466 Men„

1158 3474 1379 3514 coniiciens
1410 3473 1569 3526 quidem
1607 3472 1685 3513 καὶ
1727 3467 1998 3529 προσήγαγε
2035 3471 2120 3515 τὸν

1161 3531 1422 3582 Μανασσῆ,
1470 3529 1548 3570 καὶ
1581 3526 1813 3586 Ἐφραίμ·
1862 3528 2018 3574 θέλων
2064 3525 2118 3571 δὲ

1161 3587 1423 3640 Μανασσῆ,
1454 3585 1509 3627 uti
1543 3591 1605 3627 est
1635 3597 1699 3638 ap.
1729 3585 1804 3628 lnt.
1841 3590 1918 3628 vet.
