2340 3900
777 118 1064 166 BARNABAE
1102 118 1388 168 EPISTULA.
1435 120 1507 167 xl.
2055 114 2123 166 27

163 265 300 314 tritis
320 262 441 310 enim
461 258 585 306 velut
611 258 705 305 avis
728 257 841 320 pulli
861 257 1104 314 avolantes,
1141 259 1250 306 nido
1284 257 1463 307 ablato.‘
1530 259 1585 306 Et
1608 273 1768 307 rursus
1791 257 1853 305 ait
1875 257 2122 320 propheta:

165 347 269 394 ,ego
304 331 382 378 ibo
417 334 522 376 ante
555 333 617 384 te,
652 333 700 374 et
731 333 911 374 montes
946 326 1271 388 complanabo,
1310 337 1356 376 et
1388 336 1543 391 portas
1580 343 1747 376 aeneas
1785 333 2040 383 conteram,
2079 334 2125 373 et

162 407 314 449 vectes
348 398 525 445 ferreos
561 396 871 458 confringam3
911 402 957 442 et
993 395 1110 442 dabo
1149 397 1232 443 tibi
1268 399 1507 446 thesauros
1546 399 1774 456 occultoS,
1812 396 2124 452 absconditos,

159 467 437 524 invisibiles,
472 471 525 513 ut
558 466 707 512 sciant
740 466 848 527 quia
882 479 969 527 ego
1006 465 1223 511 Dominus
1258 464 1408 514 Deus.‘
1478 468 1556 514 Et:
1594 467 1830 525 ,habitabit
1862 467 1909 513 in
1945 465 2125 513 excelsa

160 537 375 601 spelunca
408 541 565 598 petrae
598 532 905 582 fortissimae.‘
965 534 1134 581 Deinde
1172 536 1282 595 quid
1319 537 1380 582 ait
1416 537 1471 584 de
1492 537 1637 584 Filio?
1690 538 1832 598 ,Aqua
1868 535 1988 583 illius
2014 533 2123 582 fide-

158 604 233 655 lis‘
271 602 558 667 [perennish
594 617 768 666 ,regem
803 618 904 651 cum
942 603 1089 666 gloria
1123 603 1348 661 videbitis,
1386 613 1432 651 et
1467 608 1615 653 anima
1651 614 1801 654 vestra
1836 604 2126 653 meditabitur

159 677 369 723 timorem
404 671 610 720 Domini.‘
678 673 733 720 Et
768 673 933 720 iterum
969 673 1015 719 in
1052 673 1140 720 alio
1191 674 1417 734 propheta
1465 675 1598 722 dicit:
1645 676 1750 733 ‚erit
1794 676 1872 737 qui
1909 675 2024 722 haec
2060 674 2124 720 fe-

161 745 289 800 uerit,
324 750 538 804 tanquam
576 743 749 805 lignum
786 743 910 804 quod
944 742 1191 804 plantatum
1222 750 1294 790 est
1316 757 1451 790 secus
1477 745 1700 791 decursus
1726 759 1961 806 aquarum,
1999 743 2124 805 quod

158 814 356 862 fmctum
392 826 524 859 suum
558 811 684 860 dabit
717 813 764 859 in
799 818 1006 874 tempore
1044 826 1152 869 suo;
1189 818 1235 859 et
1268 812 1425 859 folium
1463 814 1562 860 eius
1600 828 1691 860 non
1728 814 1913 871 defluet,
1950 818 1996 861 et
2031 826 2123 860 orn-

157 884 246 939 nia,
281 895 583 943 quaecunque
616 881 776 938 faciet,
820 881 1228 943 prosperabuntur.
1299 882 1398 928 Non
1445 883 1511 928 sic
1549 883 1701 944 impii,
1756 898 1848 930 non
1897 884 1990 940 sic;
2041 882 2123 929 sed

156 959 372 1014 tanquam
406 951 557 1013 palea,
605 965 741 1014 qnam
783 957 944 998 ventus
992 950 1193 1013 dispellit
1227 965 1252 997 a
1287 951 1404 998 facie
1442 958 1608 998 terrae.
1673 952 1780 999 ldeo
1817 967 1908 999 non
1945 951 2128 999 stabunt

159 1022 287 1084 impii
322 1021 369 1068 in
405 1020 598 1078 iudicio,
642 1034 795 1082 neque
842 1027 1111 1083 peccatores
1145 1021 1190 1067 in
1229 1020 1422 1067 consilio
1461 1021 1711 1078 iustorum;
1756 1022 1967 1082 quoniam
2005 1021 2129 1068 novit

157 1090 373 1139 Dominus
408 1091 525 1137 viam
561 1091 801 1146 iustorum,
837 1096 885 1138 et
918 1091 1007 1137 iter
1041 1091 1284 1152 impiorum
1321 1088 1523 1151 peribit.‘
1595 1091 1976 1148 Animadvertite,
2016 1105 2124 1152 quo·

158 1160 297 1208 modo
347 1174 509 1221 aquam
559 1167 608 1207 et
651 1174 835 1208 crucem
890 1159 1022 1207 simul
1061 1161 1320 1222 descripsit,
1392 1160 1506 1207 lllud
1543 1161 1664 1206 enim
1702 1160 1945 1222 significat:
1991 1160 2125 1216 beati,

158 1231 252 1292 qui,
287 1243 393 1277 cum
427 1236 694 1292 sperassent
726 1231 774 1277 in
802 1243 1002 1284 crucem,
1040 1230 1379 1277 descenderunt
1414 1230 1461 1276 in
1497 1244 1685 1291 aquam3
1721 1231 1828 1292 quia
1853 1230 2126 1284 mercedem,

159 1300 321 1361 inquit,
355 1300 402 1346 in
437 1305 645 1362 tempore
679 1314 766 1348 suo
803 1299 1049 1353 habebunt,
1084 1300 1130 1347 id
1167 1306 1252 1357 est,
1290 1307 1399 1346 tunc
1426 1300 1687 1347 retribuam.
1743 1300 1873 1347 Nunc
1894 1313 2003 1346 vero
2040 1299 2125 1344 ait:

157 1369 284 1427 ,folia
317 1382 410 1416 non
447 1367 680 1416 defluent!
746 1369 846 1417 Hoc
891 1369 1147 1432 significat:
1197 1370 1344 1416 omnis
1401 1383 1580 1427 sermo,
1631 1370 1708 1431 qui
1759 1383 1812 1416 ex
1856 1383 1938 1415 ore
1973 1374 2126 1415 vestro

158 1439 319 1486 exierit
353 1438 399 1485 in
434 1453 518 1501 spe
553 1446 601 1486 et
635 1440 843 1498 caritate,
895 1440 986 1487 erit
1032 1440 1078 1486 in
1124 1440 1469 1487 conversionem
1521 1453 1574 1486 ac
1619 1453 1747 1501 spem
1783 1439 1949 1485 multiS.
2017 1437 2127 1484 Rur-

158 1522 261 1555 sum
295 1507 411 1555 alins
443 1509 667 1571 propheta
698 1509 835 1557 dicit:
869 1516 932 1566 ,et
967 1516 1066 1556 erat
1098 1516 1223 1557 terra
1243 1508 1394 1556 lacobi
1427 1509 1608 1556 laudata
1644 1523 1785 1571 super
1823 1522 2003 1555 omnem
2041 1516 2128 1554 ter-

157 1574 286 1625 ram.‘
353 1577 474 1624 Haec
506 1578 762 1640 significant
796 1593 874 1627 vas
910 1579 1099 1641 spiritus
1136 1581 1249 1637 eius,
1289 1580 1414 1641 quod
1451 1579 1738 1641 glorificabit.
1812 1578 1981 1626 Deinde
2020 1577 2130 1638 quid

160 1647 305 1695 dicit?
370 1646 442 1704 ,Et
476 1655 575 1695 erat
612 1647 777 1696 fluvius
826 1664 852 1696 a
898 1650 1053 1696 dextra
1102 1649 1277 1706 fluens,
1334 1656 1380 1696 et
1427 1663 1479 1696 ex
1512 1664 1567 1696 eo
1601 1648 1892 1711 emergebant
1940 1647 2129 1694 arbores

158 1716 403 1779 pulchrae:
449 1723 496 1764 et
532 1718 795 1781 quicunque
838 1734 895 1767 ex
931 1719 1019 1766 illis
1055 1719 1416 1777 manducaverit,
1459 1720 1578 1766 vivet
1621 1720 1667 1766 in
1713 1715 1975 1766 aeternum.‘
2033 1716 2131 1763 Hoc

158 1787 235 1843 ait,
269 1787 395 1849 quod
430 1801 517 1835 nos
552 1788 874 1837 descendimus
910 1790 1092 1852 quidem
1131 1791 1178 1836 in
1214 1805 1376 1852 aquam
1410 1790 1534 1852 pleni
1554 1791 1756 1851 peccatis
1794 1803 1847 1835 ac
1885 1787 2128 1842 sordibus3

160 1857 267 1904 inde
300 1863 452 1904 autem
484 1858 760 1920 emergimus
795 1859 994 1907 fructum
1031 1860 1300 1916 afferenteS,
1353 1860 1398 1906 in
1453 1860 1593 1907 corde
1629 1860 1839 1906 timorem
1875 1866 1921 1906 et
1958 1859 2002 1905 in
2041 1858 2130 1918 spi·

162 1927 253 1973 ritu
273 1940 404 1988 spem
440 1926 659 1975 inlesum
691 1929 929 1976 babentes.
998 1929 1070 1986 ,Et
1106 1930 1368 1991 quicunque
1403 1943 1458 1976 ex
1496 1929 1584 1975 illis
1622 1929 1976 1982 manducaverit,
2013 1929 2130 1974 vivet

162 1996 209 2042 in
244 1993 511 2043 aeternum!
578 1995 630 2043 ld
666 1997 798 2045 dicit:
835 1999 1111 2060 quicumque
1149 2013 1229 2046 eos
1266 1999 1460 2046 audierit
1494 1998 1849 2060 prophetantes,
1904 2005 1951 2044 et
1985 1997 2128 2044 credi-

164 2064 299 2122 derit,
333 2065 451 2112 vivet
482 2065 530 2113 in
564 2074 850 2130 perpetuum.

245 2359 322 2414 21)
351 2357 496 2418 ὅριοι
527 2361 559 2403 Β
580 2360 611 2402 C
639 2360 744 2412 vulg.

246 2415 323 2466 22)
351 2416 400 2459 οἳ
428 2430 508 2459 on.
539 2418 570 2459 C
601 2418 703 2459 neu.

248 2471 324 2526 2³)
351 2474 447 2516 Dav.
479 2473 556 2527 leg.
590 2479 705 2527 putat
732 2471 836 2522 ἕξει.

244 2527 319 2580 24)
348 2530 451 2571 Dedi
477 2526 826 2589 ὰποῤῥυὴσεῐαι
849 2543 883 2571 c.
902 2530 931 2571 B
946 2531 975 2570 C
995 2531 1022 2571 F
1039 2532 1070 2571 Ο
1087 2531 1115 2570 V

161 2596 242 2627 vat.
261 2585 342 2627 leet
359 2598 425 2639 sp.
446 2586 562 2636 Voss,
581 2586 651 2630 ἀπ
708 2581 997 2645 &my-‘hiaena
1011 2587 1114 2638 vulg.

243 2641 321 2690 251
347 2640 456 2686 ἐστὶ
485 2643 515 2683 V
535 2643 583 2695 0,
612 2643 654 2685 in
711 2656 762 2686 oc
792 2642 955 2697 quidem
984 2651 1115 2685 muta-

161 2704 244 2740 tu·
274 2698 315 2740 in
344 2699 450 2751 vulg.

158 2810 190 2852 B
211 2754 318 2854 c22)
345 2753 644 2817 ζπισῐροᾳιὴν
706 2753 762 2800 δὲ
814 2756 895 2799 καὶ
941 2755 1116 2799 ἐλπίδα

314 2825 378 2854 en.
733 2849 736 2852 Α

249 2871 324 2925 27)
356 2873 542 2927 sophon.
571 2874 612 2925 3,
647 2875 712 2918 19.

246 2929 321 2980 28)
349 2930 474 2972 Cleua.
489 2930 597 2973 Alex.
614 2931 763 2974 Strom.
786 2931 851 2982 111,
872 2931 934 2974 12.
966 2946 1005 2986 p.
1022 2933 1116 2975 550.

160 2985 239 3027 καὶ
265 2976 323 3039 ἦν
350 2985 378 3041 ἡ
406 2988 465 3043 γῆ
494 2988 578 3030 τοῦ
606 2985 775 3043 Ἰακὼβ
800 2986 1116 3047 ἐπαινουμένη

160 3055 210 3083 π.
241 3055 291 3084 π.
320 3056 359 3085 τ.
386 3058 456 3099 y.‚
493 3043 644 3101 φησὶν
681 3041 707 3087 ὀ
749 3040 1018 3102 προαιὴτης,
1061 3045 1114 3088 τὸ

159 3099 325 3147 σκεῦος
356 3095 627 3158 πνεύματος
656 3098 801 3150 αὐτὸς
860 3097 1037 3152 οξάζων
1057 3120 1115 3140 =

158 3156 244 3209 ipse
274 3156 446 3198 laudans
470 3170 613 3211 eorpus
631 3158 853 3200 humanum.
909 3158 1114 3200 Barnabas

160 3211 281 3253 dixit:
312 3212 414 3256 Haec
426 3214 542 3255 verba
557 3215 782 3267 significant
791 3228 930 3269 corpus
949 3214 1110 3267 Christi,

158 3269 260 3322 quod
285 3270 475 3323 propheta
503 3270 687 3312 laudibus
718 3273 839 3325 effert.
893 3271 1000 3313 Alias
1033 3270 1117 3323 τὴν

157 3324 248 3379 γῆν
271 3322 440 3379 Ἰακώβ
466 3327 515 3367 de
540 3339 642 3369 novo
675 3328 825 3382 populo
855 3328 930 3369 Dei
960 3341 1029 3370 seu
1064 3330 1113 3370 de

158 3386 276 3422 coetu
320 3380 639 3424 Christianorum
677 3383 965 3438 interpretatus
1012 3398 1112 3426 sum.

156 3434 239 3477 Cir.
270 3436 451 3480 libellum
478 3450 636 3482 meum:
678 3440 758 3482 Das
789 3441 1111 3483 Sendscbreiben

159 3491 231 3532 des
251 3494 323 3547 Ap.
334 3493 550 3538 Barnabas.
593 3495 763 3549 Tflbing.
782 3497 901 3540 1840.
932 3510 972 3551 p.
984 3499 1051 3539 95.
1067 3498 1111 3539 H.

241 3547 315 3602 29)
344 3550 439 3592 Voc.
470 3554 636 3601 σκεῦος
663 3552 929 3605 glorificatum
962 3554 1110 3595 Christi

160 3616 311 3658 corpus
337 3605 389 3648 nd
417 3607 658 3652 uaiflcinm
696 3609 737 3651 in
781 3622 902 3652 cruce
932 3610 1110 3651 oblatum

1170 2362 1375 2415 respicere
1418 2359 1539 2415 (ἐπεὶ
1576 2361 1655 2403 καὶ
1695 2359 1836 2409 αὐτὸς
1885 2358 2004 2419 ὑπὲρ
2035 2363 2132 2405 τῶν

1167 2416 1409 2476 ἡμετέρων
1431 2417 1681 2477 ἁμαρτιῶν
1700 2413 1870 2476 ἤμελλε
1890 2415 1941 2460 τὸ
1965 2420 2132 2466 σκεῦος

1169 2477 1252 2517 τοῦ
1297 2472 1567 2534 πνεύματος
1621 2475 1911 2534 προσφέρειν
1955 2477 2133 2518 θυσίαν

1170 2546 1204 2573 c.
1236 2531 1309 2585 7.)‚
1340 2532 1400 2573 vix
1432 2533 1699 2583 crediderim3
1743 2533 1876 2573 obstat
1905 2532 2007 2572 enim
2039 2545 2130 2573 ver-

1170 2589 1288 2637 bum,
1318 2589 1401 2630 sive
1435 2590 1535 2640 legis
1571 2584 1787 2639 δοξάσει,
1818 2589 1901 2629 sive
1933 2583 2128 2638 δοξάζει.

1170 2646 1303 2686 Locus
1343 2646 1478 2698 potius
1518 2646 1569 2686 ad
1615 2646 1655 2686 id
1705 2645 1904 2698 prospicit
1958 2651 2127 2698 tempus,

1172 2715 1253 2754 quo
1275 2702 1457 2743 Christus
1489 2715 1577 2743 cum
1603 2702 1732 2754 gloria
1764 2702 1813 2742 ad
1844 2702 2034 2743 mundum
2067 2702 2129 2742 iu-

1174 2758 1388 2799 dicandum
1419 2759 1641 2811 adparebit.

1259 2815 1333 2867 30)
1363 2816 1553 2866 Evutgavi
1588 2810 1775 2863 δοξάσει
1809 2829 1842 2856 c.
1877 2815 1904 2855 C
1931 2816 1959 2856 F
1983 2816 2014 2857 Ο
2033 2815 2060 2855 V
2092 2821 2131 2855 ct

1173 2872 1274 2912 Men.
1306 2884 1351 2912 ex
1385 2873 1640 2922 coniectura,
1677 2866 1862 2921 δοξάζει.
1892 2872 1920 2912 Β
1953 2873 2053 2913 Men.
2090 2871 2128 2911 in

1173 2934 1277 2969 textu
1311 2941 1343 2969 c.
1374 2930 1446 2969 lnt.
1480 2936 1554 2970 vet.

1257 2985 1329 3037 31)
1360 2986 1503 3027 Ezecli.
1537 2986 1605 3035 47,
1642 2985 1702 3027 12.

1258 3042 1331 3095 32)
1363 3039 1558 3089 δεξειῶν
1588 3046 1633 3083 0.

1256 3098 1330 3151 33)
1359 3093 1537 3156 ῥύπους
1567 3099 1644 3147 legi
1677 3097 1758 3138 vult
1790 3099 1889 3139 Meu.
1927 3097 2040 3138 Male.

1257 3159 1332 3212 34)
1364 3161 1432 3207 εἰς
1473 3158 1555 3203 τὸν
1585 3158 1633 3202 ἱῖ]
1676 3161 1717 3200 (2.
1753 3160 1880 3200 Vossii
1922 3172 2001 3201 var.
2036 3160 2126 3203 lect.

1172 3214 1276 3258 υἱὸν
1314 3229 1352 3269 p.
1381 3214 1565 3270 Ἰησοῦν
1594 3231 1637 3259 ex
1683 3229 1850 3261 erronea
1883 3216 2125 3268 interpreta-

1177 3272 1285 3313 tione
1328 3273 1419 3324 sigli
1452 3275 1498 3318 Γν
1543 3287 1580 3325 p.
1627 3275 1684 3319 v—it
1714 3273 1898 3326 (ἰησοῦν
1931 3285 1969 3325 p.
2001 3270 2123 3328 υἱὸν)

1173 3338 1259 3372 orta
1298 3345 1387 3372 esse
1422 3332 1589 3373 videtur.

1252 3387 1326 3440 35)
1361 3385 1423 3435 ὠς
1457 3389 1555 3428 Meri.

1252 3443 1327 3496 36)
1359 3439 1548 3486 ἀκούσει,
1579 3447 1611 3483 ί)
1629 3445 1667 3485 V.
1729 3444 1827 3485 Dein
1859 3445 2006 3499 scripsi
2040 3445 2125 3488 λα·

1168 3500 1407 3557 λουμένων
1436 3515 1469 3540 c.
1501 3501 1528 3540 D
1552 3500 1712 3553 (marg.)
1746 3501 1774 3541 F
1796 3501 1828 3541 0
1851 3501 1879 3542 V
1914 3514 1995 3544 var.
2031 3502 2122 3544 lect.

1166 3569 1230 3608 ap.
1261 3556 1388 3606 voss„
1419 3557 1719 3613 καλουμένων
1748 3557 1777 3597 B
1798 3557 1928 3609 (text.)
1958 3559 1987 3599 C
2018 3559 2123 3610 vulg.

1167 3612 1265 3652 Tum
1298 3608 1546 3655 πιστεύσει
1589 3626 1628 3666 p.
1660 3608 1891 3668 πιστεύσῃ
1922 3615 1952 3657 Β
1974 3615 2002 3656 C
2026 3617 2057 3657 0
2081 3616 2122 3658 V.
