2340 3900
599 161 636 213 Ι.
669 158 984 208 emamus
1017 159 1089 205 An
1124 158 1246 207 COR.
1295 159 1424 208 XXX.
1467 158 1618 208 XXXI.
1653 159 1823 207 xxxn.
2118 160 2182 210 77

263 330 389 377 XXX.
458 328 712 377 Faciam
754 337 878 386 quae
917 323 1128 386 placent,
1166 326 1409 386 sufflamus
1452 304 1576 391 quae
1611 327 1854 390 displicent
1899 326 2025 382 Deo,
2081 333 2132 374 ut

1028 409 1370 456 benedicamur.

354 512 468 559 Cum
503 509 643 571 igitur
677 505 831 568 portio
868 503 1022 553 Sancti
1059 506 1229 573 simus,
1283 506 1499 554 faciamus
1537 509 1688 556 omnia
1733 522 1848 570 quae
1883 506 1938 554 ad
1977 508 2184 557 sanctita·

215 590 307 630 tem
343 581 601 644 pertinent,
640 574 995 624 obtrectationes
1033 574 1310 630 devitanteS,
1352 577 1555 638 impuros
1593 591 1645 624 ac
1684 578 1936 639 impudicos
1989 578 2184 639 comple-

215 668 322 710 xus,
377 649 645 702 ebrietates,
692 657 910 692 novarum
960 658 1114 691 rerum
1166 644 1336 700 studia,
1399 648 1793 708 concupiscentias
1845 646 2185 706 abominandas,

214 719 533 769 detestandum
579 714 881 777 adulterium,
928 713 1255 761 exsecrabilem
1307 714 1581 775 superbiam.
1651 717 1785 774 ,Deus
1834 717 1979 773 enim,
2026 717 2186 778 inquit,

215 788 428 852 superbis
464 787 660 842 resistit,
695 782 942 831 humilibus
979 789 1128 830 autem
1165 784 1242 830 dat
1279 782 1499 844 gratiam.‘
1562 785 1907 846 Adglutinemur
1942 787 2080 848 igitur
2115 787 2186 844 iis,

216 858 383 921 quibus
419 857 563 920 gratia
597 870 624 902 a
658 854 751 901 Deo
789 866 1013 900 concessa
1045 859 1129 900 est.
1199 853 1443 899 luduamus
1482 855 1797 912 concordiam,
1835 856 2042 909 humileS,
2081 871 2186 903 con·

215 930 439 983 tinenteS,
475 926 533 973 ab
569 923 694 972 omni
728 936 922 970 susurro
960 929 1007 969 et
1042 922 1374 969 obtrectatione
1411 922 1572 983 procul
1618 925 1914 980 recedentcS‚
1954 926 2187 986 operibuS‚

215 1012 311 1045 non
358 1003 511 1043 autem
556 993 711 1041 verbis
749 1006 837 1039 nos
874 991 1187 1039 iustificantes·
1258 992 1374 1038 Dicit
1417 992 1563 1038 enim:
1622 994 1716 1052 ,qui
1771 994 1908 1040 multa
1957 994 2093 1051 dicit,
2143 1003 2190 1042 et

213 1067 415 1114 vicissim
451 1064 632 1120 an'diet3
683 1068 762 1109 aut
791 1061 862 1109 vir
894 1061 1118 1109 verbosus
1155 1067 1282 1123 putat
1318 1076 1368 1108 se
1403 1075 1506 1107 esse
1542 1062 1744 1107 iustum?
1803 1062 2075 1111 Benedictus
2113 1079 2188 1112 na-

215 1144 292 1184 tus
325 1134 555 1190 mulieris,
585 1132 738 1180 brevis
774 1131 919 1188 vitae3
974 1145 1033 1178 ne
1069 1131 1239 1178 multus
1277 1131 1341 1177 sis
1374 1132 1419 1177 in
1455 1129 1637 1178 verbis.‘
1710 1130 1778 1177 Sit
1813 1131 1909 1178 laus
1948 1141 2103 1180 nostra
2145 1135 2190 1181 in

218 1206 334 1262 Deo,
368 1211 416 1252 et
449 1217 544 1250 non
578 1216 605 1249 a
633 1201 769 1248 nohis
807 1201 951 1263 ipsis3
1009 1200 1106 1248 odit
1140 1201 1262 1248 enim
1294 1200 1413 1248 Deus
1449 1214 1530 1248 eos
1569 1201 1647 1261 qui
1676 1202 1955 1263 ,semetipsos
1992 1202 2192 1251 laudant.

214 1273 541 1323 Testimonium
589 1271 814 1319 bonarum
864 1277 1126 1318 nostrarum
1183 1271 1413 1317 actionum
1461 1269 1516 1317 ab
1565 1270 1663 1317 aliis
1714 1270 1845 1317 nobis
1908 1271 2189 1330 exhibeatur,

216 1346 338 1392 sicut
373 1342 580 1406 patribus
617 1340 818 1398 nostris,
855 1341 936 1402 qui
971 1341 1081 1387 iusti
1117 1347 1273 1398 erant,
1307 1339 1555 1387 exhibitum
1592 1346 1677 1387 est.
1750 1339 2029 1397 Temeritas,
2067 1357 2191 1388 arro—

217 1415 370 1477 gantia
404 1419 451 1461 et
484 1411 674 1460 audacia
706 1410 961 1459 maledictis
997 1424 1025 1457 a
1059 1411 1176 1469 Deo;
1227 1410 1481 1458 moderatio
1514 1424 1651 1468 vero,
1700 1409 1927 1456 humilitas
1976 1417 2022 1457 et
2068 1425 2191 1458 man·

215 1483 411 1533 suetudo
443 1482 533 1530 illis
578 1482 659 1543 qui
694 1495 721 1528 a
752 1480 847 1528 Deo
880 1479 1114 1528 benedicti
1150 1487 1269 1528 sunt.

265 1622 417 1672 xm.
490 1623 763 1675 Videamus,
800 1633 899 1682 qua
929 1621 1112 1669 ratione
1149 1621 1508 1682 benedictionem
1544 1620 1755 1668 divinam
1790 1633 2142 1682 consequamur.

356 1735 465 1783 Eius
502 1734 643 1796 igitur
676 1732 988 1780 benedictioni
1038 1730 1233 1779 firmiter
1268 1731 1609 1789 adhaereamuS,
1646 1738 1692 1778 et
1729 1746 1948 1793 quaenam
1990 1733 2082 1779 sint
2116 1732 2192 1780 hc·

219 1804 493 1853 nedictionis
526 1804 640 1860 viae,
674 1803 922 1850 videamus.
992 1802 1153 1848 Animo
1191 1808 1467 1863 repetamus,
1506 1815 1622 1863 quae
1661 1803 1716 1849 ab
1752 1802 1882 1849 initio
1920 1802 2038 1849 sacta
2074 1810 2194 1849 sunt.

219 1874 360 1922 euius
395 1873 540 1936 gratia
574 1872 802 1920 Abraham
831 1878 963 1935 pater
997 1879 1157 1918 noster
1194 1871 1466 1918 benedictus
1504 1871 1624 1918 fuit?
1691 1872 1877 1928 Nonne,
1917 1873 2025 1932 quia
2067 1872 2192 1919 iusti·
2220 1863 2225 1867 ’

221 1945 330 1991 tiam
361 1951 410 1991 et
443 1943 679 1991 veritatem
713 1956 799 2004 per
835 1941 973 1989 fidem
1009 1947 1225 2003 operatus
1262 1940 1363 1987 est?
1436 1941 1562 1987 Isaac
1597 1955 1699 1989 cum
1738 1940 2029 1998 confidentia,
2064 1943 2193 2002 quasi

221 2013 422 2061 futurum
457 2025 757 2073 cognoscens,
792 2009 990 2058 libenter
1026 2010 1171 2057 sactus
1208 2017 1281 2056 est
1317 2009 1607 2056 sacrificium.
1678 2010 1813 2057 Iacob
1861 2011 1907 2055 in
1943 2010 2193 2057 humilitate

224 2082 286 2129 ob
323 2081 510 2129 tratrem
543 2081 741 2128 secessit
777 2093 804 2127 e
841 2086 965 2126 terra
1004 2093 1111 2136 sua,
1149 2085 1195 2126 et
1231 2078 1466 2140 profectus
1503 2085 1574 2126 est
1610 2080 1667 2127 ad
1703 2078 1868 2137 Laban,
1907 2085 1953 2126 et
1988 2080 2195 2139 servivit3

221 2158 269 2198 et
303 2150 407 2199 data
440 2156 549 2198 sunt
581 2151 625 2197 ei
660 2148 903 2197 duodecim
939 2155 1122 2211 sceptra
1156 2148 1350 2195 lsraelis.

327 2289 495 2338 mn.
563 2290 669 2339 Non
696 2305 785 2353 per
814 2302 899 2335 noa
932 2289 1055 2349 ipsos
1090 2301 1173 2334 nec
1204 2301 1293 2348 per
1328 2302 1470 2348 opera
1504 2294 1690 2345 nostra,
1726 2289 1809 2335 sed
1834 2302 1925 2349 per
1958 2288 2097 2348 tidem

1041 2370 1365 2430 iustificamur.

363 2469 410 2516 Si
447 2469 551 2531 quis
593 2468 744 2515 animo
782 2466 964 2513 sincero
1002 2465 1178 2527 singula
1229 2465 1550 2528 perpenderit,
1598 2467 1846 2524 donorum,
1886 2482 2000 2528 quae
2039 2483 2065 2514 a
2101 2468 2193 2515 Deo

226 2539 393 2588 tributa
431 2546 565 2595 sunt,
603 2534 983 2599 magnificentiam
1021 2535 1254 2597 intelliget.
1329 2536 1397 2582 Ab
1436 2536 1512 2583 illo
1550 2537 1669 2583 enim
1709 2538 1797 2584 orti
1838 2544 1944 2583 sunt
1980 2539 2197 2585 sacerdo-

221 2617 292 2658 tes
327 2622 486 2656 omnes
522 2614 571 2655 et
604 2606 811 2663 Levitae,
850 2605 930 2667 qui
966 2604 1096 2651 altari
1132 2605 1212 2652 Dei
1248 2604 1523 2664 inserviunt3
1583 2605 1639 2653 ab
1688 2606 1764 2654 illo
1802 2606 2018 2654 Dominus
2067 2608 2196 2655 Iesus

221 2678 475 2727 secundum
510 2690 722 2734 carnem3
765 2674 823 2722 ab
859 2674 938 2721 illo
979 2689 1138 2737 reges,
1187 2676 1422 2738 principes
1470 2683 1516 2723 et
1561 2676 1702 2724 duces
1748 2690 1833 2738 per
1880 2677 2091 2724 familiam
2130 2678 2196 2724 lu·

221 2748 320 2797 dae.
389 2747 486 2795 Nec
519 2747 724 2809 reliquae
759 2745 860 2792 eius
897 2744 1044 2791 tribus
1084 2744 1129 2791 in
1163 2759 1303 2806 parvo
1346 2746 1521 2793 honore
1560 2752 1690 2803 sunt,
1728 2747 2020 2808 promittente
2077 2748 2195 2794 scili-

221 2826 298 2866 cet
331 2818 546 2866 Domino:
603 2816 710 2875 ,erit
741 2828 899 2863 semen
937 2820 1062 2862 tuum
1095 2821 1311 2875 tanquam
1359 2816 1517 2865 stellae
1570 2814 1715 2863 coell.‘
1789 2816 1823 2862 li
1873 2830 1984 2878 ergo
2036 2831 2194 2864 omnes

221 2888 411 2950 gloriam
450 2893 499 2936 et
530 2884 873 2949 amplitudinem
922 2885 1159 2931 consecuti
1209 2893 1342 2943 sunt,
1393 2900 1486 2933 non
1532 2901 1617 2947 per
1670 2886 1878 2947 seipsoS,
1930 2893 2008 2933 aut
2055 2901 2195 2949 opera

222 2971 333 3015 sua,
368 2964 445 3005 aut
480 2958 624 3004 iustas
658 2955 887 3012 actiones,
927 2968 1041 3016 quas
1080 2954 1314 3013 lecerunt,
1369 2957 1452 3004 sed
1500 2971 1584 3018 per
1633 2955 1906 3002 voluntatem
1955 2956 2071 3002 ciuS.
2144 2956 2198 3003 Et

221 3098 377 3146 promto
405 3096 619 3145 paratoque
649 3090 784 3131 animo
818 3086 1014 3130 voluntati
1035 3087 1107 3130 Dei
1137 3102 1181 3131 se
1238 3090 1431 3140 sumitur,
1487 3097 1530 3131 ut
1570 3090 1585 3131 l
1630 3089 1723 3141 Reg.
1771 3089 1843 3139 11,
1886 3089 1934 3130 31
1969 3087 2074 3142 (35).
2129 3088 2195 3130 Iu-

220 3148 457 3191 subiecisse.
504 3147 558 3189 Fr
604 3177 617 3189 .
1238 3148 1343 3188 nius.

306 3205 356 3259 3)
385 3202 452 3252 ὥς
468 3201 819 3261 ytrwoxmlegl
844 3200 930 3244 vult
943 3201 1181 3244 Wocherus.
1325 3202 1421 3256 Cap.
1454 3203 1601 3244 xxxn.
1664 3200 1706 3255 1)
1739 3199 1811 3243 Τὰ
1880 3200 2069 3255 fraleta
2100 3202 2197 3245 τῶν

307 3262 355 3315 4)
385 3260 484 3303 Gen.
515 3261 585 3312 28,
617 3260 685 3303 29.
1237 3256 1327 3303 ὑπ’
1364 3259 1508 3303 αὐτοῦ
1538 3215 1874 3316 δεδομῌνωνςι
1894 3255 2088 3314 δωρεῶν
2115 3270 2195 3299 non

305 3318 352 3370 5)
381 3317 484 3360 edd.
531 3316 719 3359 exhibent
766 3313 934 3368 αὖίτοῦ
986 3311 1181 3374 φεύγων
1239 3316 1289 3357 de
1321 3316 1440 3357 donis
1471 3314 1730 3365 intelligenda
1761 3321 1854 3354 sunt
1881 3326 1902 3353 a
1934 3314 2018 3354 Deo
2046 3313 2194 3355 Iacobo

225 3369 472 3431 ἀδεΠφόν.
534 3372 869 3427 Supplementum
902 3372 1062 3415 scilicet
1094 3380 1179 3415 tre·
1238 3372 1416 3423 tributis,
1456 3372 1528 3413 sed
1568 3371 1617 3412 de
1657 3370 1862 3411 beneflciis
1909 3383 1930 3410 a
1959 3368 2107 3411 l'acobo
2154 3372 2195 3411 in

225 3430 354 3472 decim
390 3429 610 3473 literarum.
666 3431 716 3471 At
744 3429 887 3471 lacuna
919 3428 1019 3471 haec
1046 3430 1180 3470 minor
1237 3431 1352 3470 nobie
1373 3428 1598 3470 collocatis.
1632 3427 1791 3479 Lipsius
1813 3426 1838 3467 l.
1860 3439 1893 3467 c.
1915 3438 1954 3479 p.
1974 3427 2039 3468 55.
2059 3433 2141 3468 not.
2157 3427 2195 3467 2.

224 3493 287 3527 eet
323 3498 443 3539 qnam
482 3498 530 3530 ea
579 3499 684 3542 qnae
732 3486 914 3540 proxime
965 3486 1179 3537 antecedit,
1322 3486 1367 3537 2)
1399 3484 1576 3527 Sulnaud.
1603 3477 1781 3536 Ἰακώβ.
1832 3481 1971 3523 Lectio
2003 3481 2102 3523 Cod.
2125 3483 2194 3523 Ms.

223 3542 292 3583 nbi
322 3553 393 3584 aex
425 3547 580 3585 tantum
606 3542 901 3585 desiderantur.
943 3542 1026 3585 lac.
1238 3540 1397 3585 αὐτῶν
1426 3539 1637 3582 reserenda
1668 3539 1718 3579 ml
1748 3535 1952 3597 δωρεῶν.

312 3597 360 3650 6)
391 3595 461 3641 Τὸ
491 3593 1052 3656 δωδαάσκηπτρονετὸ
1083 3596 1179 3641 dm·
1321 3599 1367 3652 3)
1398 3598 1510 3639 ltom.
1545 3598 1583 3645 9,
1617 3597 1657 3638 5.

224 3650 507 3712 δεκάφυλον,
537 3655 779 3714 σκῆπτρον
808 3654 913 3698 enlm
946 3667 1023 3709 pro
1053 3656 1179 3713 φυλῇ
1320 3653 1366 3706 4)
1398 3654 1495 3696 Gen.
1526 3652 1594 3702 22,
1629 3651 1694 3694 17.
1729 3650 1798 3703 28,
1828 3651 1869 3694 4.
