2340 3900
234 177 333 228 222

338 342 387 386 V.
458 334 557 384 Καὶ
592 332 827 395 ἐπιλείψει
849 350 906 397 με
940 327 969 382 ὅ
993 329 1180 398 χρόνος,

235 407 278 457 εἰ
333 402 517 463 πάντας
577 398 845 466 ἀνιχνεύειν
914 402 1182 467 βουλοίμην

232 472 345 533 τοὺς
381 470 562 536 νεότητι
599 467 1023 555 εὐαρεστησαντας1
1056 473 1180 560 Θεῷ,

233 542 544 629 προφητείαν(
566 559 614 590 τε
662 539 743 589 καὶ
788 535 1054 606 ἱερωσύνην
1099 540 1182 591 καὶ

234 611 479 693 βασιλείαν
513 605 610 659 ύπὸ
641 610 767 658 Θεοῦ
761 607 1178 695 ἐγχειρισθέντας.

231 676 609 764 Τπομνησεως
643 675 696 727 δὲ
759 675 900 729 ἕνεκα
965 675 1180 765 αὐτάρκη

235 750 318 802 καὶ
354 746 411 799 τὰ
448 745 684 814 εἰρημένοι.
748 743 896 797 Ἀλλά
920 763 971 799 σε
996 745 1181 814 ἀντιβο-

235 825 318 881 λῶ,
355 839 418 883 μη
457 818 534 868 σοι’
553 815 644 875 τις2
666 812 884 902 περιττὸς
907 811 1030 868 εἶναι
1057 815 1182 879 δόξω

237 889 319 940 καὶ
339 891 643 971 φανητιῶσα·
681 881 742 936 οὗ
771 882 862 953 γὰρ
885 883 1182 938 διδάσκουσα

237 974 303 1020 σε,
341 954 443 1007 ἀλλ’
486 951 921 1020 ὑπομιμνήσκουσα
949 952 1034 1007 τὸν
1065 953 1182 1022 ἐμὸν

235 1027 286 1078 ἐν
327 1029 442 1111 Θεῷ
481 1023 686 1110 πατέρα,
732 1021 933 1085 τούτους
976 1025 1182 1112 παρεθέ-

235 1117 330 1163 μην
365 1115 478 1155 τους
511 1090 711 1162 λόγους·
749 1091 966 1181 γινώσκω
999 1092 1089 1163 γὰρ
1123 1091 1182 1145 τὰ

238 1166 412 1231 ἑαυτῆς
458 1163 629 1251 μέτρα,
678 1183 758 1213 και
805 1161 864 1215 οὐ
913 1178 1181 1251 συμπαρεκ-

234 1237 374 1286 τείνω
400 1230 594 1298 ἑαυτὴν3
617 1238 718 1293 τοῖς
738 1230 1034 1298 τηλικούτοις
1052 1231 1181 1299 ύμῖν.

228 1301 526 1389 Ἀσπαζομαί
560 1317 649 1353 σου
683 1298 769 1353 τὸν
804 1322 944 1369 αγιον
966 1301 1182 1371 κλῆρον,4

235 1372 319 1426 τὸν
343 1369 438 1424 ύπὸ
461 1369 550 1439 τὴν
570 1369 661 1436 σὴν
679 1372 970 1438 κηδεμονίαν
982 1392 1182 1458 ποιμαι-

236 1441 452 1508 νόμενον.
527 1437 717 1501 Πάντες
750 1441 800 1491 οἷ
819 1439 937 1536 δπαρ’
963 1438 1080 1528 ημῖν
1105 1461 1181 1492 πι-

237 1513 339 1564 στοὶ
374 1507 836 1596 προσαγορεύουσίνδ
873 1526 937 1562 σε.
1007 1508 1182 1580 Ὑγιαί-

236 1602 338 1633 νειν
372 1601 428 1648 με
463 1577 584 1631 κατὰ
623 1576 751 1631 Θεὸν
783 1577 1065 1647 προσεύχου,
1095 1601 1181 1646 μα-

238 1671 374 1720 καριε
408 1670 603 1717 ποιμην.

468 177 670 225 ΜΑΡιΙΑΕ
709 173 1113 221 CASSOBOLITAE
1149 174 1414 224 EPISTOLA
1451 178 1519 225 An
1558 180 1839 226 IGNATIUM.
1891 179 1938 228 V.

1340 344 1386 390 V.
1456 343 1509 389 Et
1546 343 1727 390 desiciet
1762 343 1868 390 mihi
1910 349 2100 403 tempuS,
2139 345 2177 390 si

1238 426 1394 458 omnes
1444 413 1712 473 investigare
1761 413 1968 467 voluero,
2019 412 2178 471 quiin

1238 484 1462 529 iuventute
1500 482 1616 527 hene
1654 482 1920 541 placuerunt
1945 481 2052 535 Deo,
2074 495 2177 540 pro·

1236 552 1386 614 phetia
1425 558 1469 596 et
1504 551 1760 596 sacerdotio
1784 556 1830 595 et
1856 562 1998 609 regno
2035 562 2059 593 a
2085 548 2178 594 Deo

1239 620 1406 667 donati.
1477 619 1876 664 Rememorationis
1905 623 2050 662 autem
2081 631 2181 676 gra-

1240 691 1295 735 tia
1321 686 1552 733 sufficiunt
1589 694 1633 732 et
1672 687 1783 731 haee
1816 687 1948 731 dicta.
2019 684 2110 731 Sed
2135 693 2179 732 te

1239 759 1475 819 deprecor,
1513 769 1568 801 ne
1604 755 1685 802 tibi
1723 754 1941 814 quaedam
1985 754 2180 814 superba

1238 841 1340 873 esse
1361 825 1512 870 videar
1537 831 1581 869 et
1610 823 1886 869 ostentatrix.
1934 822 2034 867 Non
2063 824 2181 868 enim

1240 897 1409 941 docens
1445 899 1503 948 te,
1544 892 1623 937 sed
1662 891 2003 937 submemorans
2033 905 2180 938 meum

1240 965 1282 1009 in
1320 964 1410 1007 Deo
1447 968 1619 1021 patrem
1657 961 1740 1005 hos
1777 961 1968 1020 apposui
2012 973 2181 1006 sermo-

1239 1047 1335 1078 nes.
1375 1031 1612 1090 Cognoseo
1636 1029 1753 1075 enim
1780 1029 1866 1073 mei
1893 1028 2033 1090 ipsius
2063 1043 2182 1075 men-

1240 1115 1390 1154 suras,
1446 1106 1490 1143 et
1526 1112 1615 1144 non
1670 1097 1918 1143 coextendo
1963 1098 2182 1158 meipsam

1240 1170 1372 1214 tantis
1408 1167 1547 1213 vobis.
1620 1166 1772 1212 Saluto
1810 1172 1934 1211 tuum
1978 1172 2179 1212 sanctum

1240 1237 1429 1293 Clerum,
1457 1236 1539 1281 sub
1567 1243 1638 1280 tua
1662 1249 1770 1280 cura
1790 1241 1981 1295 pastum.
2018 1235 2181 1281 Omnes

1239 1307 1355 1366 apud
1406 1320 1488 1351 nos
1535 1304 1697 1349 fideles
1747 1304 1940 1349 salutant
1975 1311 2032 1349 te.
2106 1303 2182 1349 Sa-

1239 1390 1338 1420 nam
1376 1389 1446 1420 me
1485 1388 1585 1420 esse
1623 1373 1872 1419 secundum
1913 1373 2050 1419 Deum
2089 1387 2183 1429 ora,

1238 1444 1369 1490 beate
1407 1444 1579 1489 Pastor.

1535 1515 1543 1532 Ι

377 1775 462 1826 *V.
533 1781 586 1825 Et
623 1787 797 1840 tempus
834 1793 904 1825 me
942 1777 1172 1835 deficeret,
1208 1780 1244 1825 si
1272 1793 1427 1824 omnes
1460 1778 1559 1824 illos
1598 1780 1903 1839 pervestigare
1930 1778 2074 1835 velim,
2108 1779 2184 1840 qui

240 1852 283 1896 in
321 1851 547 1895 iuventute
581 1848 674 1893 Deo
714 1848 1006 1908 placuerunt,
1045 1854 1090 1893 et
1126 1847 1290 1907 quibus
1326 1848 1642 1908 propheticum
1680 1863 1842 1894 munus
1879 1854 1924 1893 et
1975 1848 2184 1894 sacerdo-

237 1920 346 1965 tium
385 1931 436 1963 ac
473 1930 660 1977 regnum
710 1930 735 1960 a
766 1916 856 1962 Deo
910 1916 1200 1961 commissum
1255 1916 1350 1961 suit.
1420 1916 1660 1962 Memoriae
1707 1924 1853 1963 autem
1903 1917 2185 1962 renovandae

239 2002 305 2043 ea,
344 2000 458 2047 quae
497 1986 599 2041 dixi,
638 1983 886 2030 sufficiunt.

239 2064 314 2102 aut
343 2055 658 2101 ostentationis
694 2053 855 2114 cupida
889 2053 1056 2100 videar.

243 2331 404 2376 fideles
458 2337 502 2375 te
554 2329 838 2390 compellant.

238 2398 452 2460 precibus
491 2412 639 2454 exora,
675 2398 806 2444 beate
843 2404 1014 2459 pastor.

327 2587 422 2639 Cap.
452 2587 494 2626 V.
557 2586 598 2639 1)
628 2586 684 2625 Ita
718 2584 760 2635 C,
792 2580 1189 2642 εὖαριστήσαντας

244 2644 274 2684 D
306 2644 478 2754 γ21ἑ8μιή
538 2697 604 2743 τίς
648 2707 700 2738 σε
739 2697 801 2736 ed.
844 2696 1017 2736 Cureton
1059 2695 1190 2734 invitis

246 2755 373 2795 Codd.
405 2755 432 2794 C
460 2755 505 2794 D.

331 2811 376 2862 3)
407 2809 571 2862 ἑαυτῆς
590 2831 647 2838 -
670 2805 838 2859 ἑαυτὴν
872 2808 958 2857 CD,
990 2805 1192 2864 ἐμαυτῆς

243 2890 300 2896 -—
328 2864 534 2923 ἐμαυτὴν
567 2865 679 2904 Voss.

959 1984 1050 2030 Sed
1090 1998 1202 2044 rogo
1230 1991 1288 2041 te,
1327 1998 1382 2030 ne
1421 1999 1507 2044 qua
1542 1986 1622 2030 tibi
1658 1985 1774 2031 ultra
1810 1986 1995 2031 modum
2024 1985 2186 2045 loquax

1129 2053 1284 2113 Neque
1325 2054 1442 2098 enim
1478 2059 1528 2098 ut
1552 2060 1593 2099 te
1624 2054 1825 2110 doceam,
1861 2053 1942 2099 sed
1964 2059 2014 2099 ut
2036 2067 2187 2099 meum

240 2126 285 2170 in
322 2125 414 2170 Deo
436 2124 612 2169 Patrem
639 2123 692 2168 de
719 2123 790 2168 his
814 2121 1239 2179 commonefaceam,
1266 2123 1406 2168 hosce
1434 2136 1667 2168 sermones
1692 2116 1892 2183 protuli.⁴

241 2195 358 2240 enim
396 2207 544 2238 meum
581 2191 837 2246 modulum,
882 2204 968 2238 nec
1005 2191 1222 2250 meipsam
1261 2191 1386 2237 vohis
1426 2193 1560 2237 tantis
1596 2192 1704 2237 viris
1743 2205 1960 2252 exaequo.

242 2268 446 2308 sanctum
482 2269 608 2306 tuum
646 2260 846 2316 clerum,
897 2261 974 2320 qui
1013 2259 1096 2306 sub
1147 2266 1223 2305 tua
1273 2274 1380 2306 cura
1433 2261 1648 2320 pascitur.

922 2328 1195 2390 Prosperam
1241 2330 1350 2375 mihi
1398 2329 1696 2376 valetudinem
1748 2331 1835 2376 tuis
1883 2330 1999 2391 apud
2048 2329 2186 2376 Deum

1947 2121 2185 2182 Cognosco

2033 2190 2186 2238 Saluto

1721 2261 1884 2306 Omnes
1932 2260 2052 2322 apud
2101 2274 2185 2306 nos

1333 2581 1378 2649 4)
1410 2583 1572 2623 Vossius
1598 2585 1686 2624 heic
1708 2585 1848 2625 inserit
1881 2598 1992 2626 voce.
2007 2584 2084 2626 καὶ
2108 2582 2191 2629 τὸν

1246 2634 1553 2695 (ριλόχριστόν
1585 2653 1667 2681 σου
1699 2639 1812 2683 λαὸν
1833 2655 1853 2680 a
1871 2648 2011 2681 neutro
2027 2641 2189 2692 Codice,

1249 2707 1320 2733 nee
1354 2694 1402 2733 ab
1431 2695 1503 2734 lnt.
1534 2703 1608 2737 vet.
1639 2697 1781 2748 agnita.

1332 2777 1375 2830 5)
1407 2779 1462 2817 Ita
1497 2777 1523 2817 C
1547 2781 1593 2829 Ι),
1626 2777 2030 2837 προσαγορεύουσί
2055 2782 2159 2833 vulg.
