2340 3900
212 213 311 264 338
569 213 771 260 IGNATII
811 210 1080 258 EPISTOLA
1113 211 1183 258 AD
1217 211 1506 260 EPHESIOS.
1557 212 1645 258 XX.
1681 211 1790 256 XXI.

210 344 432 402 κτίσεως,
469 338 590 392 κατὰ
632 337 805 423 σάρκα
842 340 894 392 δὲ
934 341 987 392 ἐκ
1034 340 1204 409 γένους
1238 343 1423 428 Δαβὶδ,
1472 337 1875 409 ἐφοδηγούμενοι2
1919 333 2018 388 ὑπὸ
2066 341 2153 388 τοῦ

213 404 559 475 Παρακλήτου·
615 405 940 469 ὑπακούοντες
986 415 1053 479 τῷ
1098 409 1341 498 ἐπισκόπῳ
1382 411 1464 462 καὶ
1511 416 1577 478 τῷ
1613 406 1945 494 πρεσβυτερίῳ
1991 402 2154 491 ἀπερι-

211 477 404 547 σπάστῳ
428 477 642 546 ὃιανοία·
680 476 764 528 ἕνα
797 475 961 564 ἄρτον
975 484 1189 542 κλῶντες,
1214 477 1241 531 ό
1280 463 1376 531 ἐστι
1409 476 1665 565 φάρμακον
1701 475 1988 536 ἀθανασίας,
2023 470 2152 524 ἀντί-

208 548 346 604 δοτος
385 551 470 596 τοῦ
507 543 572 610 μὴ
592 528 896 611 ἀποθανεῖν,
934 544 1054 598 ἀλλά
1079 551 1164 614 ζῆν
1200 548 1251 599 ἐν
1280 551 1385 619 Θεῷ
1423 545 1503 598 διὰ
1518 545 1678 612 Ἰησοῦ
1703 548 1932 610 Χριστοῦ,
1967 548 2154 610 καθαρ-

208 633 374 680 τηριον
410 612 701 675 ἀλεξίκακον.

345 737 645 822 ΧΧ1.Εἰἠν
692 733 829 804 ὖμῶν
877 735 1167 823 ἀντίψυχον,
1219 738 1302 789 καὶ
1338 759 1406 789 ων
1441 738 1681 802 ἐπέμψατε
1735 735 1802 794 εἷς
1845 736 1974 785 Θεοῦ
2009 731 2152 800 τιμὴν

208 805 275 864 εἷς
311 802 560 889 Σμύρναν,
609 803 732 856 όθεν
775 806 857 857 καὶ
901 827 1072 875 γραφω
1105 804 1250 872 ὑμῖν,
1278 805 1594 891 εὐχαριστῶν
1615 810 1681 876 τῷ
1718 804 1913 891 Κυρίῳ,
1951 799 2152 890 ἀγαπῶν

209 871 546 959 Πολύκαρπον
581 871 646 934 ὥς
680 874 763 926 καὶ
790 872 945 961 υμᾶς.
1019 873 1365 941 Μνημονεύετέ
1397 895 1514 940 μου,
1555 895 1621 934 ως
1667 873 1749 924 καὶ
1794 869 1933 938 ὑμῶν
1958 869 2153 938 Ἰησοῦς

207 939 236 992 6
274 940 481 1029 Χριστὸς
517 940 546 994 6
582 941 837 1012 ευλογητὸς
871 945 939 1005 εἰς
963 942 1077 1005 τοὺς
1101 946 1293 1004 αἰῶνας
1371 941 1708 1031 Προσεύχεσθε
1727 938 1848 1025 ὐπὲρ
1870 945 1957 1006 τῆς
1979 939 2152 1022 ἔκκλη-

205 1012 313 1071 σίας
340 1007 622 1097 Ἀντιοχέων
663 1016 750 1079 τῆς
785 1012 837 1064 ἓν
886 1015 1071 1098 Συρίαό
1105 1010 1227 1064 ὅθεν
1278 1014 1526 1077 δεδεμενος
1573 1013 1640 1071 εἰς
1674 1007 1876 1095 Ῥώμην
1894 1005 2150 1077 ἀπάγομαι,

206 1079 398 1144 ἔσχατος
432 1077 500 1131 ὧν
549 1085 645 1131 τῶν
679 1081 782 1132 ἐκεῖ
809 1086 1005 1145 πιστῶν,
1044 1079 1205 1147 όσπερ1
1241 1078 1463 1147 ἠξιώθην
1497 1081 1565 1141 εἰς
1609 1082 1735 1130 Θεοῦ
1770 1075 1913 1144 τιμὴν
1948 1077 2152 1147 φορέσαι

205 1149 404 1199 ταυτασὶ
421 1145 505 1210 τὰς
523 1146 727 1210 ἁλύσεις.
782 1147 1063 1235 ’Έῤῥωσθε
1064 1149 1115 1200 ἐν
1150 1151 1256 1218 Θεῷ
1279 1149 1436 1214 Πατρι
1460 1150 1542 1200 καὶ
1561 1150 1729 1240 Κυρίω
1750 1145 1915 1234 Ἰησοῦ
1934 1150 2152 1241 Χριστῷ,

197 1221 261 1302 τῇ
296 1222 436 1287 κοινῇ
478 1216 688 1268 ἒλπίδι”
653 1222 810 1284 ημῶν,
850 1220 902 1271 ἐν
929 1216 1177 1284 Πνεύματι
1191 1201 1357 1288 Ἁγίῳ·
1392 1217 1622 1307 ἔρρωσθε.
1690 1200 1874 1283 Ἆμήν·
1914 1213 1950 1281 ἦ
1980 1213 2152 1283 χάρις’

197 1268 432 1353 Ἰγνατίου
462 1283 726 1351 Ἐφεσίοις

295 1482 342 1530 2]
370 1477 739 1548 ἕποδηγούμενοι
770 1480 855 1519 BF.
1293 1480 1335 1518 In
1367 1480 1396 1518 V
1426 1480 1524 1519 haec
1566 1478 1835 1530 subscriptio:
1889 1479 1971 1520 τοῦ
2015 1477 2151 1534 ἁγίου

296 1537 390 1588 Cap.
425 1538 517 1576 xxl.
581 1538 621 1588 1)
655 1532 815 1587 ὥσπερ
848 1535 879 1574 Ο
900 1536 942 1574 V.
1210 1532 1542 1591 ἵερομάρτυρος
1590 1533 1819 1589 Ἰγιιατίου
1874 1532 1995 1592 πρὸς
2045 1535 2150 1592 ἐφε-

208 1647 238 1687 Ο
261 1592 333 1686 v2)
364 1592 478 1632 Nulla
510 1592 775 1644 interpunctio
816 1597 910 1642 post
941 1585 1082 1646 χάρις
1112 1589 1151 1628 in
1211 1593 1338 1636 σιους
1369 1592 1440 1630 ta!
