2340 3900
337 195 349 203 .
431 154 644 204 lanam
677 153 958 202 epistota
995 153 1069 200 At)
1106 151 1670 202 PHILADELPHIENSES.
1712 151 1783 199 Vl.
1818 150 1910 198 vn.
2050 146 2150 198 285

197 295 473 357 praedicans
509 294 574 342 ad·
597 293 905 356 perditionem
942 292 1198 350 hominum3
1235 295 1498 342 huiusmodi
1534 287 1710 357 pauper
1730 298 1803 340 est
1829 304 1983 347 sensu,
2022 290 2155 336 sicuti

196 372 381 413 vocatur
414 370 462 411 et
493 362 760 411 adinventor
795 362 940 423 ipsius
977 363 1151 409 erroris
1190 358 1371 410 Ebion.⁸
1442 363 1491 410 Si
1528 364 1632 425 quis
1668 363 1789 410 enim
1823 362 1940 409 haec
1969 357 2156 408 confite-

196 442 283 491 tur,
315 431 660 493 corruptionem
695 445 805 478 vero
841 438 889 478 et
924 431 1342 491 coinquinationem
1377 440 1506 479 vocat
1533 433 1780 494 legitimam
1814 430 2079 478 mixtionem
2113 435 2159 475 et

193 503 391 550 tiliorum
425 501 806 562 procreationem,
842 507 921 547 aut
953 500 1149 561 aliquam
1186 515 1338 558 escam
1375 502 1674 549 execrabilem
1706 507 1857 563 putat,
1895 498 2157 548 huiusmodi

191 569 550 618 cohabitatorem
586 568 726 617 habet
759 569 1013 618 Draconem
1049 576 1313 630 apostatam.
1387 570 1434 616 Si
1476 572 1579 631 quis
1617 572 1739 618 enim
1764 563 1966 618 Patrem⁹
2002 575 2050 616 et
2088 567 2156 615 Fi-

190 640 299 685 lium
335 645 384 686 et
418 636 639 701 Spiritum
675 638 891 687 Sanctum
929 637 1200 695 confitetur,
1236 646 1283 685 et
1319 647 1575 687 creaturam
1610 640 1785 697 laudat,
1823 639 2158 687 simulationem

188 722 295 755 vero
332 708 444 755 dicit
494 709 879 768 incarnationem,
929 715 977 755 et
1021 708 1283 770 passionem
1331 708 1564 755 erubescit
1610 709 1847 766 confiteri,
1897 704 2158 756 huiusmodi

190 777 324 824 iidem
368 777 585 839 abnegat,
634 777 808 827 nichilo
856 779 1007 825 minus
1062 770 1236 838 quam¹⁰
1282 777 1604 825 interfectores
1654 778 1823 825 Christi
1873 778 2040 825 ludaei.
2112 774 2157 822 Si

189 847 293 907 quis
325 854 476 894 autem
507 848 625 895 haec
659 846 902 895 confessus
939 847 1089 903 fuerit,
1129 852 1176 894 et
1212 846 1318 907 quia
1354 846 1473 893 Deus
1516 847 1711 894 Verbum
1749 849 1793 894 in
1823 848 2019 895 humano
2058 859 2157 893 cor·

190 930 304 977 pore
340 915 570 974 habitavit
605 917 729 963 sicut
762 924 811 963 et
844 918 992 964 anima
1027 916 1074 963 in
1113 929 1334 993 corpore:
1372 924 1563 993 propter
1599 917 1724 977 quod
1762 916 2012 963 inhabitare
2050 915 2158 963 dici·

190 999 292 1031 mus
330 985 471 1032 Deum
506 987 555 1032 in
600 1000 824 1048 corpore,
826 980 859 1006 ¹¹
894 986 979 1034 sed
1015 1000 1106 1032 non
1145 986 1190 1031 in
1226 985 1422 1031 humana
1458 986 1633 1036 animaz
1683 986 1795 1031 dicit
1842 993 1990 1033 autem
2027 999 2159 1046 quas·

190 1045 334 1101 dam¹¹
385 1054 564 1117 iniquas
610 1056 852 1103 mixtiones
889 1055 1064 1117 aliquid
1099 1054 1210 1101 boni
1247 1068 1376 1111 esse,
1428 1062 1475 1101 et
1513 1037 1649 1101 linem
1697 1055 1988 1102 beatitudinis
2036 1053 2159 1102 volu·

189 1131 361 1186 ptatem
395 1125 539 1186 ponit,
578 1124 725 1186 qualis
762 1125 838 1173 ille
874 1125 990 1172 salso
1027 1125 1212 1171 nomine
1239 1116 1512 1182 Nicolaita,¹³
1552 1118 1665 1172 hic¹⁴
1688 1138 1838 1185 neque
1863 1124 1943 1171 Dei
1973 1124 2160 1181 amicuS,

192 1207 345 1255 neque
393 1194 565 1241 Christi
609 1201 785 1242 amator
829 1210 935 1244 esse
971 1201 1152 1257 potest,
1201 1194 1285 1241 sed
1333 1201 1578 1256 corruptor
1627 1195 1843 1256 propriae
1897 1195 2074 1251 carnis;
2117 1200 2162 1240 et

190 1269 435 1325 propterea
468 1257 533 1310 a¹⁵
568 1263 743 1327 Spiritu
775 1263 946 1313 Sancto
983 1256 1236 1312 desertus¹⁶
1274 1270 1359 1320 est,
1395 1270 1442 1310 et
1476 1279 1502 1310 a
1527 1263 1707 1310 Christo
1730 1262 2160 1311 alienuS.1{uius-

191 1331 313 1379 modi
358 1347 519 1380 omnes
569 1340 743 1381 statuae
794 1342 902 1382 sunt
946 1333 1174 1382 exanimes
1225 1340 1270 1379 et
1322 1333 1534 1395 sepulcra
1575 1340 1876 1390 mortuorum,
1911 1334 1954 1379 in
1992 1331 2158 1393 quibus

197 1402 371 1464 scripta
401 1410 512 1450 sunt
558 1404 872 1452 tantummodo
922 1403 1107 1452 nomina
1155 1402 1389 1450 hominum
1439 1403 1776 1451 defunctorum.
1848 1402 2009 1463 Fugite
2048 1414 2158 1461 ergo

191 1470 332 1519 malas
366 1479 491 1519 artes
527 1479 576 1519 et
610 1473 799 1522 insidias
838 1474 1052 1552 Spiritus,
1090 1473 1169 1534 qui
1207 1479 1426 1534 operatur
1467 1474 1511 1518 in
1549 1472 1657 1518 filiis
1697 1471 1840 1519 seculi
1877 1463 2065 1527 huiusss'
2103 1484 2160 1515 nc

190 1541 374 1601 quando
409 1540 614 1589 tribulati
653 1542 946 1632 infirmemilni
983 1545 1027 1591 in
1052 1542 1324 1589 dilectione.
1361 1543 1442 1589 sed
1474 1556 1632 1588 omnes
1668 1542 1712 1587 in
1735 1534 1974 1602 idipsum²⁸
2011 1546 2159 1587 estote

191 1610 521 1671 inseparabiles
557 1611 725 1670 corde,
761 1619 809 1660 et
844 1607 930 1660 in¹⁹
966 1613 1259 1660 unanimitate
1293 1626 1435 1659 unum
1474 1625 1659 1672 semper
1696 1611 1945 1658 sentientes
1984 1609 2028 1656 in
2080 1609 2161 1655 idi·

189 1692 337 1740 psum,
362 1681 420 1728 de
445 1681 536 1727 hoc
565 1682 667 1743 ipso
704 1681 1033 1744 glorificantes,
1071 1682 1117 1728 in
1155 1683 1331 1744 requio,
1356 1688 1403 1728 et
1438 1682 1484 1728 in
1521 1681 1755 1743 periculis,
1795 1687 1842 1727 et
1877 1681 1923 1727 in
1947 1679 2160 1734 tristitiis,

189 1755 237 1796 et
269 1750 317 1796 in
353 1750 546 1812 gaudiis.
621 1752 797 1800 Gratias
832 1767 918 1814 ago
956 1753 1050 1800 Deo
1088 1767 1172 1814 per
1208 1744 1403 1798 1esum²⁰
1437 1751 1683 1808 Christum,
1724 1750 1831 1811 quia
1867 1750 1984 1797 bene
2009 1741 2158 1795 mihim

189 1820 408 1867 conscius
442 1835 544 1868 sum
580 1821 626 1868 in
662 1820 809 1879 vobis,
847 1829 894 1870 et
920 1837 1012 1869 non
1042 1822 1180 1868 habet
1202 1822 1320 1884 quiS,
1357 1822 1480 1868 unde
1518 1820 1719 1883 gloriari,
1741 1834 1894 1881 neque
1919 1819 2161 1875 absconse,

190 1902 341 1950 neque
377 1888 580 1952 publice,
617 1892 743 1952 qnod
779 1884 1080 1954 gravaverim²
1085 1884 1335 1953 ²aliquem
1372 1898 1450 1938 aut
1485 1891 1530 1937 in
1566 1890 1748 1938 modico
1786 1896 1864 1935 aut
1899 1890 1944 1936 in
1985 1901 2162 1948 magno.

190 1957 244 2003 Et
278 1973 438 2006 omnm
473 1959 641 2021 quibus
678 1960 863 2010 locutus
911 1975 1016 2009 snm
1061 1962 1313 2023 deprecor,
1365 1968 1417 2008 ut
1458 1974 1551 2007 non
1598 1960 1642 2006 in
1693 1959 2001 2007 testimonium
2052 1957 2160 2004 illud

188 2027 471 2089 possideant.

329 2145 421 2193 vn.
494 2145 543 2193 Si
581 2147 703 2195 enim
754 2149 1008 2197 secundum
1058 2162 1241 2196 carnem
1288 2162 1362 2195 me
1409 2146 1653 2194 voluerunt
1699 2145 1882 2207 quidam
1927 2142 2162 2202 oberrare,

190 2216 273 2263 sed
310 2216 500 2279 spiritns
535 2231 665 2264 meus
702 2231 794 2265 non
834 2218 1046 2275 oberrat3
1091 2234 1115 2265 a
1153 2217 1246 2264 Deo
1284 2218 1452 2265 etenim
1490 2231 1593 2264 eum
1633 2217 1815 2277 accepi:
1859 2208 2002 2261 novit¹
2039 2214 2159 2261 enim

191 2285 313 2333 unde
350 2286 525 2334 venerit
559 2293 607 2334 et
642 2300 735 2348 quo
772 2295 860 2345 eat,
895 2296 942 2336 et
978 2287 1158 2336 occulta
1194 2281 1394 2349 arguet!
1467 2286 1661 2332 Clamavi
1701 2286 1821 2331 enim
1856 2297 1967 2331 voce
2000 2296 2160 2345 magna

189 2355 311 2403 inter
345 2370 450 2412 eos,
501 2355 669 2418 quibus
706 2356 956 2419 loquebar,
1006 2372 1097 2404 non
1135 2370 1285 2403 meum
1321 2370 1603 2412 sermonem,
1655 2354 1738 2402 scd
1776 2354 1854 2400 Dei
1893 2352 2163 2414 proferens:

190 2417 443 2487 Episcopo'
478 2424 727 2482 intendite,
779 2434 824 2474 ct
861 2418 1177 2489 Presbyteri&
1215 2432 1262 2472 et
1305 2424 1534 2472 Diaconis.
1602 2417 1679 2470 111⁶
1715 2436 1822 2470 vero
1860 2422 2165 2484 despexerunt

190 2507 278 2550 me,
316 2499 528 2555 tanquam
565 2494 889 2556 prohibentem
924 2497 1195 2543 divisionem
1233 2495 1521 2556 quorundam
1569 2493 1683 2541 lieri.
1754 2491 1877 2539 Haec
1914 2498 2060 2538 autem
2100 2491 2162 2538 di-

190 2563 313 2610 centi
349 2563 480 2610 testis
515 2571 589 2611 est
623 2563 736 2612 mihi
779 2572 971 2628 propter
1014 2579 1151 2627 quem
1189 2565 1366 2612 vinctus
1399 2578 1526 2620 sum,
1576 2564 1683 2625 quia
1731 2562 1787 2610 de
1833 2575 1915 2609 ore
1963 2563 2160 2609 humano

186 2631 275 2679 hoc
311 2646 405 2679 non
442 2633 661 2695 cognovi,
697 2635 780 2682 sed
805 2634 1001 2698 Spiritus
1023 2635 1133 2682 mihi
1167 2626 1539 2696 praeconisavit‚⁶
1577 2633 1737 2680 dicens
1774 2625 1935 2679 haec?
1972 2631 2162 2679 Praeter

186 2700 462 2763 Episcopum
509 2715 567 2750 ne
623 2702 846 2751 feceritis.
917 2705 1109 2752 Carnem
1158 2711 1356 2751 vestram
1404 2704 1524 2751 sicut
1569 2701 1790 2764 templum
1839 2702 1916 2748 Dei
1965 2707 2160 2748 servate.

187 2768 411 2818 Unitatem
448 2770 636 2832 diligite,
674 2772 944 2822 divisionem
981 2774 1137 2837 sugite.
1210 2767 1485 2822 imitatores⁸
1523 2779 1670 2821 estote
1707 2772 1835 2820 Pauli
1871 2778 1918 2819 et
1954 2777 2158 2819 caetero-

187 2853 287 2886 rum
321 2838 658 2901 Apostolorum,
696 2844 927 2904 qnomodo
966 2851 1013 2893 et
1049 2845 1133 2906 ipsi
1171 2844 1353 2892 Christi.

283 2973 353 3024 12)
381 2974 577 3027 quondan
604 2974 714 3026 rat,
769 2978 905 3019 uidam
937 2959 1067 3028 Regis
1287 2978 1361 3032 22)
1393 2981 1640 3031 qravimerim
1668 2979 1762 3029 llcg.

282 3029 353 3083 ¹³)
381 3031 596 3072 nieman·
626 3030 710 3073 rat.
822 3063 833 3072 .

278 3087 348 3138 14)
376 3087 439 3127 liic
471 3091 601 3129 anun·
636 3087 721 3130 rot.
752 3088 847 3140 neg.
1290 3091 1388 3143 Cap.
1420 3091 1496 3132 Vll.
1562 3088 1602 3142 1)
1636 3091 1723 3130 novi
1754 3089 1847 3139 ltcg.

281 3142 351 3196 15)
381 3143 431 3184 ab
462 3142 545 3184 rat.
1290 3147 1316 3187 2
1365 3153 1542 3200 arquerct
1572 3147 1666 3196 neg.

278 3199 349 3250 16)
379 3201 558 3241 desertor
589 3201 683 3254 lte-g.
1289 3148 1335 3255 3)
1365 3205 1577 3257 episcopus
1602 3204 1707 3254 ch„
1739 3204 1923 3255 episcopo
1946 3199 1997 3241 ad
2033 3211 2157 3242 oram

276 3255 348 3307 17)
382 3256 482 3308 pr.
515 3258 554 3306 2,
585 3258 624 3299 2.
1288 3259 1334 3311 4)
1362 3258 1500 3311 praem
1503 3262 1602 3302 derio
1635 3274 1668 3300 c.
1691 3259 1774 3300 Pal.
1798 3258 1890 3309 Reg.
1923 3256 1987 3299 ed.
2010 3256 2155 3299 veneta

277 3311 348 3364 18)
376 3313 419 3351 in
435 3314 565 3365 ipsum
587 3325 627 3366 p.
647 3326 781 3355 muer
806 3317 845 3354 in
864 3315 1037 3367 idipsum
1051 3313 1143 3365 tte-g.
1206 3259 1334 3365 1546,
1357 3314 1598 3367 Presbyter-ix
1632 3315 1735 3367 vulg

273 3367 343 3421 19)
373 3371 412 3410 in
457 3381 535 3410 om.
580 3369 675 3422 Bcg.
735 3371 879 3412 Totum
921 3370 1142 3411 membrum
1290 3372 1335 3423 ἰ)
1363 3370 1421 3411 Ma·
1453 3371 1547 3423 neg.

185 3430 311 3465 estote
344 3426 632 3479 §uenerabiles
663 3429 802 3479 corde,·
837 3433 873 3466 et
915 3430 956 3467 in
996 3430 1142 3468 unani-
1286 3428 1313 3468 6
1359 3430 1614 3479 praeconavit
1650 3427 1734 3468 l’al.
1765 3427 1859 3478 ltess.

182 3484 318 3521 mieate
347 3494 467 3523 υκαι
495 3494 647 3537 semper
678 3488 891 3526 sentientes
913 3485 954 3525 in
971 3484 1055 3538 idi!
1060 3498 1143 3524 sum
1286 3483 1309 3523 7
1365 3483 1460 3524 haee:
1490 3483 1689 3536 adscripsi
1720 3495 1764 3525 ex
1784 3483 1867 3524 l’al.
1886 3481 2063 3536 (dioenu
2091 3484 2159 3526 hec

186 3538 270 3578 des.
301 3537 341 3578 in
371 3536 457 3579 Pal.
1198 3541 1368 3593 prm-ter)
1402 3539 1495 3589 neg.
1525 3540 1691 3592 (dicens.
1726 3541 1794 3583 hec
1820 3539 1996 3595 praeter)
2026 3546 2066 3582 et
2096 3540 2160 3582 ed.

270 3593 345 3647 20)
376 3595 492 3635 aem
521 3594 606 3639 Pal.
1200 3596 1227 3634 1
1232 3603 1346 3637 encta
1383 3596 1502 3637 ¹5⁴6.

207 3642 209 3648 ’
269 3650 344 3705 21)
374 3651 471 3704 quia
499 3652 595 3694 milio·
621 3653 716 3695 benc
744 3653 838 3705 fleg.
1287 3653 1332 3705 8)
1363 3651 1491 3693 lCor.
1528 3652 1595 3706 11,
1633 3654 1668 3695 1.
