2340 3900
271 170 368 209 xvi
1036 150 1459 200 PROLEGOMENA.

408 291 607 356 Utrique
644 285 886 336 traditioni
923 284 1268 348 interpretandi
1303 291 1403 335 arte
1427 282 1754 333 conciliandae
1783 282 1877 330 iam
1901 286 2087 330 veteres
2114 296 2234 346 ope-

271 377 374 412 ram
409 364 650 410 navarunt.
711 352 1008 418 Epiphanius
1019 352 1081 416 ¹⁸)
1118 360 1166 404 et
1185 354 1383 404 Rufinus
1412 353 1586 401 Linum
1624 357 1671 399 et
1704 350 1985 399 Anacletum
2020 349 2234 414 Aposto-

270 431 330 480 lis
366 431 507 479 Petro
557 434 603 475 et
638 423 781 473 Paulo
831 422 1168 485 superstitibus
1216 423 1443 472 ecclesiae
1478 422 1719 470 Romanae
1768 417 1988 482 regimen
2038 417 2232 483 quidem

270 499 505 557 tenuisse,
544 494 625 543 sed
664 491 959 539 Clementem
996 505 1023 540 a
1053 491 1210 552 Petro,
1247 506 1355 541 cum
1390 491 1432 540 is
1468 494 1677 538 mortem
1715 486 1824 550 sihi,
1843 485 2234 552 appropinquare

273 568 496 625 sentiret,
534 562 812 626 episcopum
848 558 997 609 fuisse
1033 560 1229 610 factum:
1282 560 1456 621 „Cuius
1505 557 1574 606 rei
1627 557 1751 605 banc
1798 555 2072 620 accepimus
2124 570 2234 604 esse

270 636 520 691 rationem,
557 628 683 694 quod
720 626 870 677 Linus
907 634 956 677 et
993 628 1151 678 Cletus
1187 629 1378 678 fuerunt
1415 626 1607 692 quidem
1644 630 1754 674 ante
1793 624 2090 673 Clementem
2126 623 2232 688 epi-

272 703 406 767 scopi
455 702 505 749 in
557 697 674 746 urbe
726 695 901 758 Roma,
961 697 1045 746 sed
1095 698 1354 761 superstite
1412 697 1580 752 Petr0‚
1638 692 1859 742 videlicet
1914 698 1967 742 ut
2010 691 2078 741 illi
2130 691 2234 756 epi-

270 776 493 835 scopatus
531 780 695 815 curam
728 770 962 829 gererent,
999 765 1105 829 ipse
1139 781 1253 815 vero
1291 764 1586 829 apostolatus
1622 760 1846 826 impleret
1882 760 2095 811 officium
2113 799 2127 820 ‚
2164 761 2232 809 si-

271 846 350 888 cut
386 835 622 886 invenitur
657 832 802 884 etiam
828 833 960 900 >apud
997 833 1276 885 Caesaream
1316 833 1500 890 fecisse,
1529 830 1609 879 uhi
1648 845 1756 879 cum
1794 829 1899 894 ipse
1937 836 2067 880 esset
2091 835 2234 895 prae-

270 923 404 965 senS,
442 904 709 953 Zachaeum
753 909 915 952 tamen
948 918 974 951 a
1012 918 1064 953 se
1102 902 1376 952 ordinatum
1426 899 1630 950 habebat
1675 898 1973 963 episcopum.
2045 898 2109 948 Et
2139 898 2234 947 hoc

267 975 414 1024 modo
450 979 706 1037 utrumque
739 986 905 1020 verum
939 970 1191 1030 videbitur,
1227 976 1279 1019 ut
1315 977 1362 1020 et
1397 969 1462 1018 illi
1499 974 1609 1017 ante
1638 967 1936 1017 Clementem
1972 981 2233 1017 numeren-

266 1051 345 1092 tur
379 1040 609 1107 episcopi,
643 1045 692 1090 et
727 1039 948 1089 Clemens
991 1045 1152 1089 tamen
1187 1046 1300 1103 post
1337 1038 1520 1087 obitum
1551 1036 1683 1086 Petri
1720 1035 1927 1085 docendi
1966 1035 2235 1101 susceperit

267 1107 544 1173 sedem.“¹⁹)
595 1109 680 1173 Ep.
713 1107 883 1172 Ignatii
917 1108 977 1158 ad
999 1107 1198 1157 Mariam
1224 1104 1491 1169 Cassob.²⁰)
1529 1112 1575 1154 et
1611 1111 1779 1154 auctor
1812 1104 1993 1169 prioris
2026 1104 2234 1156 Pontifi-

266 1195 376 1231 cum
423 1177 623 1242 catalogi
659 1175 723 1241 (a.
761 1175 885 1239 354)
935 1177 1154 1226 ordinem
1201 1177 1265 1225 ita
1316 1175 1606 1224 costituunt:
1664 1174 1859 1235 Petrus,
1895 1173 2072 1233 Linus,
2123 1173 2233 1224 Cle-

265 1263 418 1307 menS,
453 1246 723 1303 Anacletus.
792 1245 863 1294 Ita
898 1242 1279 1310 AugustinUS‚²¹)
1318 1245 1518 1309 Optatus
1555 1243 1722 1302 Milev,
1739 1239 1807 1306 ²⁹)
1847 1242 2234 1294 constitutiones

264 1313 514 1382 Apost.2³)
587 1314 711 1363 Tum
760 1313 886 1364 circa
928 1329 1106 1363 annum
1152 1315 1216 1363 67
1252 1313 1478 1363 ecclesiae
1512 1314 1756 1362 Romanae
1806 1327 1917 1362 eum
1963 1311 2233 1377 praefuisse

266 1383 571 1435 statuendum
606 1389 750 1432 esset.
821 1383 953 1432 Alius
990 1382 1130 1431 aliam
1165 1382 1288 1431 viam
1324 1381 1569 1447 ingressus
1607 1387 1681 1430 est
1715 1380 1772 1429 ad
1812 1380 1994 1431 hancce
2047 1380 2233 1431 discre-

264 1452 475 1519 pantiam
524 1452 923 1516 componendam.
995 1451 1088 1500 Sed
1113 1450 1374 1501 coniectari
1396 1466 1544 1515 pauca
1570 1449 1800 1515 quaedam
1829 1456 2038 1514 possunt
2062 1465 2233 1515 reapse

264 1520 568 1580 verisimilia,
604 1520 653 1569 id
692 1519 883 1586 quidem
918 1514 1379 1584 παχυμερέστερον,
1415 1520 1546 1569 nullo
1584 1517 1892 1568 scientiarum
1928 1518 2077 1568 fundo
2112 1533 2233 1569 con-

266 1596 426 1655 cepta,
474 1589 624 1638 immo
671 1590 801 1649 fusa,
854 1596 902 1639 et
947 1604 1082 1654 vaga,
1128 1595 1175 1638 et
1226 1588 1498 1649 arbitraria,
1551 1586 1703 1653 qualis
1748 1587 2007 1654 longinqua
2055 1587 2233 1638 mentis

268 1659 516 1709 oculorum
554 1657 679 1708 acies
717 1663 812 1719 est,
848 1674 936 1722 per
971 1658 1215 1707 intervalla
1251 1658 1407 1707 media
1446 1656 1765 1722 caligantium.

403 1727 465 1776 At
508 1742 622 1776 vero
674 1742 782 1776 cum
831 1727 961 1777 illam
1007 1726 1345 1786 traditionem,
1395 1727 1694 1776 Clementem
1743 1725 1888 1774 Petro
1937 1724 2232 1775 successisse
2294 1777 2297 1782 ,

266 1812 367 1846 non
402 1804 538 1856 ante,
576 1811 718 1861 quam
753 1795 990 1845 Homiliae
1026 1800 1106 1844 aut
1136 1795 1513 1859 Recognitiones
1561 1794 1801 1858 evulgatae
1854 1793 2056 1854 fuerint,
2104 1793 2235 1844 inter

264 1871 453 1915 veteres
502 1864 802 1914 Christianos
849 1864 1093 1913 exstitisse
1142 1864 1309 1913 solidis
1359 1851 1655 1928 argumentis
1702 1862 2027 1912 demonstrari
2079 1868 2234 1928 queat,

267 1933 528 1983 cavendum
563 1948 624 1981 ne
663 1932 984 1997 antiquiorem
1020 1932 1149 1981 illam
1186 1932 1354 1981 leviter
1387 1932 1789 1997 derelinquamus
1858 1930 2098 1982 Nimirum
2129 1931 2233 1981 Ho-

266 2003 505 2051 miliarum
552 2007 633 2049 aut
677 2000 1079 2063 Recognitionum
1127 2006 1295 2049 auctor
1346 2000 1408 2050 ob
1456 2000 1635 2049 nullam
1689 1999 1830 2049 aliam
1883 1999 2123 2050 rationem
2177 2016 2234 2049 ex

266 2071 497 2120 Caesarea
543 2068 768 2133 prosapia
783 2065 845 2129 2⁴)
885 2067 1184 2117 Clementem
1222 2069 1417 2118 finxisse
1452 2069 1662 2128 videtur,
1700 2083 1843 2133 quam
1878 2075 1932 2118 ut
1965 2073 2126 2118 tantus
2162 2067 2235 2118 vir

267 2139 487 2188 credatur
535 2138 585 2186 in
620 2137 750 2186 Petri
799 2136 1047 2186 consortio
1103 2137 1267 2186 fuisse.
1351 2137 1590 2186 Credibile
1638 2143 1798 2186 autem
1842 2142 1941 2197 est,
1989 2137 2040 2186 in
2089 2152 2232 2188 usum

269 2223 406 2256 suum
447 2205 744 2255 convertisse
779 2221 890 2254 eum
925 2204 1071 2254 Flavii
1109 2205 1370 2255 Clementis
1395 2205 1620 2256 Consulis
1656 2221 1850 2266 nomen,
1882 2221 2027 2271 quem
2061 2205 2232 2256 Domi-

267 2276 423 2324 tianus
459 2274 719 2333 interemit,
756 2274 980 2322 fortassis
1004 2273 1066 2322 ob
1102 2273 1303 2324 nimium
1329 2275 1398 2324 rei
1436 2274 1726 2324 christianae
1765 2271 2058 2339 studium.²⁶)
2123 2274 2232 2324 Sive

268 2350 426 2393 autem
474 2359 530 2392 ex
574 2342 859 2401 traditione,
909 2342 1006 2391 sive
1057 2359 1112 2392 ex
1160 2344 1364 2393 historia
1420 2345 1604 2393 huncce
1654 2342 1866 2392 Flavium
1930 2341 2230 2392 Clementem

266 2413 415 2461 fuisse
451 2411 585 2460 illum
620 2411 820 2459 heroem
854 2411 1251 2475 Recognitionum
1290 2412 1541 2478 comperit,
1578 2412 1704 2461 haud
1738 2411 1827 2460 levi
1863 2418 2147 2475 argumento
2183 2411 2229 2461 id

268 2479 564 2544 comprobat,
601 2479 898 2528 Clementem
935 2480 1214 2545 episcopum
1252 2481 1526 2531 Domitiano
1563 2486 1790 2545 regnante
1825 2479 2013 2529 vixisse.
2082 2479 2230 2530 Indo-

268 2549 339 2611 les
375 2555 533 2598 autem
570 2547 703 2606 eiuS,
739 2547 818 2612 qui
853 2547 1117 2612 Epistolam
1153 2550 1210 2598 ad
1250 2550 1531 2599 Corinthios
1566 2548 1764 2598 nomine
1795 2549 2039 2598 Romanae
2075 2548 2230 2598 eccle-

271 2618 369 2667 siae
410 2616 674 2681 scripserit,
701 2616 960 2664 Clementis
998 2616 1150 2675 istius
1188 2619 1374 2683 qualem
1405 2617 1558 2666 literis
1594 2617 1779 2681 graecis
1814 2617 2055 2667 eruditum
2090 2633 2229 2682 spar-

272 2687 364 2736 sim
411 2692 459 2735 et
501 2683 725 2733 intercise
776 2701 831 2733 ex
877 2684 1100 2734 Homiliis
1146 2694 1193 2736 et
1238 2685 1664 2751 Recognitionibus
1714 2685 1919 2745 scimuS‚
1967 2685 2229 2751 persimilis

271 2760 358 2805 est.
426 2754 495 2803 Ita
546 2769 659 2802 sane
704 2752 864 2817 primo
911 2753 1076 2802 obtutu
1121 2755 1319 2804 videtin:
1393 2756 1455 2805 Et
1488 2762 1543 2804 ut
1578 2755 1759 2820 reliqua
1797 2754 2042 2814 omittam,
2079 2754 2138 2804 ad
2175 2769 2230 2804 ea

268 2823 510 2873 rettulisse
547 2821 762 2881 sufficiat,
799 2837 917 2886 quae
953 2822 1011 2870 de
1047 2824 1193 2872 animi
1227 2823 1587 2873 immortalitate
1624 2823 1765 2874 Hom.
1800 2822 1835 2883 Ι,
1877 2825 1897 2875 1
1937 2838 2042 2888 sqq.
2078 2822 2228 2872 rima-

269 2891 430 2952 batur,
467 2897 515 2940 et
552 2906 670 2956 quae
706 2890 928 2953 leguntur
963 2890 1012 2938 in
1048 2891 1135 2956 Ep.
1173 2893 1230 2941 ad
1268 2893 1377 2942 Cor.
1414 2910 1455 2941 c.
1478 2894 1714 2943 24—27.
1786 2891 2067 2940 Doctrinam
2105 2906 2227 2957 quo-

271 2976 361 3026 que
407 2958 640 3009 utrobivis
686 2958 987 3023 propositam
1036 2975 1143 3008 cum
1181 2961 1239 3020 ii,
1288 2961 1366 3026 qui
1418 2978 1471 3011 ex
1508 2960 1752 3018 EthniciS,
1797 2965 1899 3008 tum
1949 2975 2005 3008 ex
2040 2958 2229 3008 Iudaeis

270 3030 328 3081 ad
355 3027 777 3079 Christianismum
812 3033 1050 3086 venerant,
1085 3027 1262 3093 absque
1296 3030 1620 3080 conscientiae
1657 3027 1980 3078 sollicitudine
2003 3027 2228 3093 amplecti

270 3102 543 3162 potuerunt.
626 3094 945 3144 Paulinismus
993 3095 1211 3145 videlicet
1258 3103 1305 3146 et
1347 3098 1695 3158 PetrinismuS‚
1745 3097 1826 3162 qui
1887 3095 2083 3155 dicitur,
2138 3094 2227 3144 sub

269 3166 414 3230 primi
454 3163 628 3214 saeculi
665 3164 811 3212 finem
847 3177 1135 3227 magnopere
1172 3165 1416 3229 mitigatus
1452 3167 1655 3226 exstitit,
1687 3164 1944 3231 asperitate
1978 3163 2226 3227 utriusque

365 3327 433 3379 18)
464 3328 581 3368 Haer.
615 3323 760 3372 XXVII,
791 3323 830 3364 6.
1361 3326 1435 3379 23)
1465 3326 1543 3377 vn,
1575 3327 1641 3368 46.

365 3383 433 3433 19)
466 3383 594 3422 Praes.
617 3381 668 3419 ad
691 3380 862 3430 Recogn.
881 3377 1218 3419 Gaudentiumed.
1367 3409 1418 3449 24
1472 3411 1501 3449 R
1583 3425 1604 3442 ο
1677 3411 1739 3450 VH
1782 3410 1806 3450 8
1848 3409 1951 3448 Hom
1994 3406 2043 3447 IV
2086 3407 2109 3447 7

280 3438 486 3487 Gersdors,
518 3437 679 3489 Lipsiae
713 3435 831 3476 1838.
864 3446 903 3484 p.
926 3434 964 3474 2.
1422 3410 1440 3463 )
1506 3424 1643 3462 ‘³⁶⁰0st
1742 3442 1752 3460 ν
1811 3438 1820 3449 ·
1955 3439 1965 3448 ·
2045 3438 2055 3457 2
2115 3435 2124 3446 ·

358 3494 430 3546 20)
461 3507 492 3533 C·
523 3494 562 3533 4·
1364 3491 1434 3543 25)
1465 3492 1544 3533 Csr.
1576 3496 1739 3534 Sueton.
1769 3492 1914 3533 Domit.
1938 3491 2039 3543 15.;,
2062 3487 2223 3529 Cassius

359 3548 431 3599 21)
461 3550 533 3600 Ep.
566 3546 632 3596 43,
666 3547 728 3587 ed.
761 3547 897 3587 Venet.
929 3544 994 3596 (ΙΙ,
1034 3545 1144 3598 120).
1280 3547 1354 3586 Dio
1377 3559 1439 3597 ap.
1461 3549 1702 3599 Xiphilinum
1725 3547 1823 3594 ΞΖ.
1849 3549 1920 3597 14;
1951 3544 2096 3585 Euseb.
2115 3545 2162 3585 H.
2178 3545 2221 3584 E.

358 3604 433 3657 22)
468 3604 524 3643 De
556 3603 718 3645 schism·
746 3604 887 3643 Donat·
919 3601 964 3651 Π,
995 3603 1034 3642 3.
1272 3602 1335 3651 111,
1369 3604 1453 3653 18.;
1489 3605 1702 3656 Nicephor.
1733 3606 1780 3645 n.
1795 3605 1839 3643 E.
1870 3603 1926 3651 11,
1958 3602 2048 3652 35.;
2077 3600 2222 3652 111‚18.
