2340 3900
628 175 856 229 mm
891 176 1125 226 Pasron.
1195 177 1358 226 mam
1394 178 1428 226 1.
1495 178 1646 241 visio
1677 177 1711 226 1.
1746 173 1821 236 (B)
2097 172 2200 223 413

242 319 452 382 probato,
481 317 524 366 si
557 316 833 365 desiccavit
866 328 984 377 opus
1013 317 1231 376 iniquum,
1268 323 1314 363 et
1333 286 1528 365 maxime¹
1558 324 1625 374 tu,
1657 317 1735 379 qui
1761 313 2051 362 abstines‘ab
2077 315 2200 360 omni

242 388 477 436 desiderio
511 386 684 446 iniquo,
719 390 765 431 ot
799 380 899 442 [es]
939 385 1080 461 totius
1117 385 1420 446 simplicitatis
1456 393 1501 434 et
1538 386 1827 434 innocentiae
1861 395 2064 446 magnae.

379 549 450 611 (ι)
465 550 541 599 111.
611 550 704 598 Sed
729 564 822 598 non
846 556 1038 612 propter
1062 550 1397 597 hoc'irascitur
1421 550 1503 598 tibi
1526 551 1660 610 DeuS‚
1687 552 1771 600 sed
1794 557 1845 598 ut
1874 551 2059 599 domum
2081 556 2203 598 tuam

245 637 361 685 qnae
408 621 564 682 iniqua
610 620 705 682 egit
750 625 853 666 ante
888 619 1126 665 Dominum
1174 626 1220 666 et
1270 621 1315 664 in
1354 620 1483 666 vobis
1520 620 1785 681 parentibus
1834 620 1930 668 suis
1985 620 2202 681 corrigas.

242 692 310 738 Tu
344 696 495 737 autem
530 691 641 736 satis
677 688 871 750 diligens
907 687 1025 735 filios
1063 695 1166 735 tuos
1203 702 1297 734 non
1333 689 1551 735 monebas
1590 690 1772 736 domum
1810 697 1944 746 tuam,
1982 689 2067 736 sed
2102 687 2205 736 reli·

240 760 379 822 quisti
412 773 518 816 eos,
562 765 615 805 ut
646 756 837 805 multum
872 764 1291 818 corrumperentur.
1363 757 1558 818 Propter
1603 759 1692 805 hoc
1728 772 1839 820 ergo
1873 759 2087 806 irascitur
2122 757 2205 805 tibi

240 828 390 886 Deus3
439 828 525 875 sed
558 826 771 890 purgabit
817 840 999 873 omnem
1032 826 1322 887 >iniquitatem
1359 840 1513 883 suam,
1564 841 1678 887 quae
1725 834 1827 874 ante
1875 828 1991 875 sacta
2038 833 2110 875 cst
2156 828 2201 874 in

242 897 380 946 domo
411 903 504 944 tua.
573 897 768 960 Propter
818 895 1001 943 illorum
1048 902 1200 942 autem
1250 902 1438 956 peccata
1474 902 1521 942 et
1555 896 1816 957 iniquitates
1863 904 1911 942 tu
1959 903 2202 959 corruptus

241 981 292 1014 es
329 980 356 1013 a
390 964 672 1013 secularibus
720 964 912 1012 actibus.
985 963 1077 1011 Sed
1113 965 1156 1010 in
1195 964 1336 1011 multa
1389 965 1682 1012 miseratione
1720 965 1937 1012 Dominus
1987 966 2202 1013 misertus

241 1043 314 1082 est
345 1035 429 1083 tibi
463 1041 511 1082 et
557 1035 712 1082 domui
749 1040 876 1090 tuae,
920 1040 968 1081 et
1003 1034 1283 1080 conservavit
1331 1033 1514 1080 domum
1553 1040 1686 1080 tuam.
1759 1034 1886 1080 Sicut
1921 1036 2040 1081 enim
2076 1034 2206 1081 faber

238 1104 463 1152 ferrarius
497 1104 709 1152 molliens
744 1117 862 1166 opus
884 1117 1017 1150 suum
1041 1110 1090 1150 et
1113 1102 1345 1164 quomodo
1371 1103 1566 1150 voluerit
1588 1098 1831 1164 perficiet:¹
1878 1105 1937 1150 ita
1973 1111 2017 1150 et
2052 1117 2204 1150 sermo

240 1174 391 1221 iustus
410 1173 704 1236 quotidianus
721 1173 951 1220 convincit
973 1186 1155 1220 omnem
1179 1172 1476 1233 iniquitatem.
1546 1172 1646 1218 Non
1667 1171 1853 1220 deficias
1878 1186 1991 1234 ergo
2013 1186 2205 1220 monens

241 1241 364 1290 filios
398 1251 534 1299 tuos3
569 1237 668 1290 scio
702 1248 870 1299 autem,
905 1242 1031 1304 quod
1066 1242 1153 1288 iam
1174 1242 1497 1303 poenitentiam
1527 1248 1663 1303 agent
1697 1256 1750 1289 ex
1774 1243 1897 1289 omni
1922 1242 2060 1289 corde
2083 1233 2205 1299 suo,'

244 1318 293 1359 et
326 1312 590 1360 scribentur
623 1312 671 1358 in
705 1310 835 1359 iibris
883 1312 1002 1359 vitae
1049 1318 1330 1359 sanctorum.
1401 1311 1455 1358 Et
1491 1318 1731 1373 postquam
1776 1311 1928 1358 locuta
1979 1317 2050 1358 est
2093 1311 2207 1357 haec

243 1380 399 1438 verba,
436 1380 549 1429 dixit
581 1380 715 1428 mibi:
749 1381 817 1427 vis
852 1380 1010 1428 audire
1041 1394 1114 1427 me
1149 1380 1407 1440 legentem?
1473 1380 1527 1426 Et
1562 1394 1647 1441 ego
1685 1379 1798 1426 dixi:
1837 1380 1971 1426 etiam
2009 1378 2206 1425 domina.

244 1448 302 1497 Bt
334 1450 398 1498 ait
431 1450 567 1498 mibi:
607 1453 711 1497 esto
757 1449 974 1497 audiens:
1021 1448 1127 1495 audi
1172 1447 1331 1494 laudes
1368 1448 1461 1494 Dei.
1526 1447 1582 1493 Et
1618 1461 1721 1494 cum
1765 1447 1997 1494 audissem
2045 1461 2207 1508 magna

245 1526 294 1567 et
328 1518 575 1575 mirabilia,
611 1531 704 1565 non
740 1518 870 1580 potui
905 1532 959 1565 ea
993 1518 1040 1564 in
1076 1523 1226 1564 mente
1266 1514 1459 1562 habere:
1509 1516 1662 1562 omnia
1693 1522 1843 1563 autem
1892 1515 2030 1563 verba
2076 1517 2208 1563 terri-

243 1587 377 1644 bilia,
424 1601 540 1650 qme
574 1600 669 1634 non
701 1593 860 1649 potest
893 1587 1031 1634 bomo
1067 1591 1263 1647 portare.
1336 1584 1588 1631 Novissima
1622 1591 1773 1632 autem
1806 1585 1943 1632 verba
1976 1585 2020 1632 in
2056 1592 2208 1633 mente

244 1655 411 1716 babui3
447 1662 580 1704 erant
613 1662 763 1704 autem
796 1655 933 1704 nobis
969 1661 1278 1704 consentanea
1315 1661 1361 1702 et
1395 1660 1653 1703 mansueta:
1689 1654 1807 1702 Ecce
1832 1654 1951 1702 Deus
1979 1655 2207 1714 virtutum,

244 1725 327 1788 qui
376 1725 530 1774 omnia
573 1725 741 1774 virtute
786 1725 1074 1773 sustentabili
1121 1731 1169 1771 et
1204 1738 1345 1771 sensu
1392 1739 1479 1771 suo
1517 1738 1680 1786 magno
1718 1723 1967 1772 aedificans
2003 1725 2209 1773 seculum

244 1801 294 1842 et
330 1809 495 1857 magno
532 1794 726 1843 consilio
762 1809 941 1858 ponens
975 1796 1191 1843 decorem
1228 1800 1463 1841 creaturae
1511 1808 1621 1841 suae
1669 1800 1715 1841 et
1758 1794 2009 1841 fortissimo
2046 1788 2207 1842 verbo⁸

244 1877 332 1911 suo
370 1863 607 1926 configens
643 1862 823 1927 caelum
857 1871 906 1912 et
938 1864 1134 1912 fundans
1169 1870 1337 1910 terram
1372 1877 1516 1924 super
1551 1874 1729 1925 aquam,
1766 1870 1812 1909 et
1845 1864 2020 1924 potenti
2044 1863 2207 1911 virtute

242 1932 491 1981 aedificans
527 1939 730 1981 sanctam
765 1933 1008 1981 ecclesiam
1045 1947 1187 1988 suam,
1225 1946 1361 1992 quam
1395 1940 1442 1980 et
1469 1931 1794 1979 benedixit—
1815 1945 1925 1979 ecce
1962 1932 2210 1980 transferet

241 2001 395 2049 caelos
430 2009 479 2049 et
509 2009 690 2049 montes
726 2009 773 2049 et
808 2001 950 2050 colles
987 2009 1035 2050 et
1067 2001 1222 2056 maria,
1260 2008 1306 2047 et
1343 2001 1492 2047 omnia
1519 2001 1652 2062 plana
1688 1999 1800 2048 fient
1822 2001 1982 2048 electis
2006 2002 2120 2058 eius,
2158 2009 2208 2048 ut

241 2070 405 2118 reddat
438 2072 508 2119 eis
544 2071 918 2132 promissionem,
956 2085 1089 2132 quam
1121 2071 1355 2132 promisit,
1395 2084 1497 2117 cum
1534 2070 1674 2117 multa
1710 2069 1878 2131 gloria3
1914 2076 1960 2117 et
1995 2071 2207 2132 gaudium

241 2134 357 2198 [erit
388 2135 652 2202 magnumst
701 2141 743 2188 si
776 2142 1055 2188 servaverint
1099 2140 1299 2201 legitima
1334 2139 1412 2187 Dei
1449 2140 1546 2197 sui,
1598 2153 1733 2200 quam
1781 2146 2060 2201 acceperunt
2104 2154 2205 2187 cum

239 2222 400 2271 magna
436 2207 545 2258 fide.

377 2373 444 2434 (ι)
471 2374 540 2423 w.
589 2374 700 2423 Cum
723 2388 837 2438 ergo
859 2375 1039 2422 finisset
1064 2376 1221 2438 legens
1248 2382 1365 2422 etse
1402 2375 1598 2422 levasset
1634 2374 1690 2421 de
1721 2374 1948 2430 cathedra,
1985 2382 2206 2423 venerunt

238 2451 460 2506 quattuor
493 2443 681 2491 iuvenes
717 2451 766 2491 et
798 2444 1004 2491 tulerunt
1041 2444 1300 2491 cathedram
1335 2451 1382 2490 et
1418 2444 1570 2490 ierunt
1615 2443 1671 2490 ad
1716 2444 1955 2491 orientem.
2027 2444 2207 2491 Vocans

236 2520 391 2561 antem
425 2525 500 2560 me
535 2512 683 2575 tetigit
715 2520 877 2575 pectus
913 2527 1063 2561 meum
1102 2521 1148 2560 et
1184 2514 1246 2560 ait
1281 2514 1414 2560 mihi:
1451 2513 1622 2575 piacuit
1658 2512 1738 2559 tibi
1777 2512 1915 2559 lectio
1948 2513 2081 2559 mea2
2156 2513 2209 2559 Et

246 2761 291 2800 ia
318 2760 432 2800 libris
460 2761 565 2801 vitae
592 2762 829 2800 sudorum.
857 2756 941 2798 Cir.
965 2758 1067 2800 Phil.
1089 2759 1129 2809 4,
1153 2758 1194 2801 3.
1253 2770 1314 2811 pr.
1344 2763 1390 2798 et
1419 2756 1507 2798 Cot.
1534 2758 1656 2810 plena
1680 2770 1720 2810 p.
1738 2758 1874 2811 plana,
1906 2757 2016 2811 quod
2047 2755 2208 2811 quidem

239 2817 364 2867 Apoe.
386 2814 457 2864 20,
488 2815 555 2857 1⁶.
1254 2813 1441 2854 distincte
1472 2813 1632 2854 exhibet
1662 2813 1746 2854 Pal.
1787 2814 1873 2854 Vid.
1903 2814 1935 2854 11
1957 2814 2062 2855 Petr.
2092 2814 2131 2863 3,
2164 2815 2205 2855 5.

328 2870 400 2923 11)
426 2871 467 2911 ei
496 2881 578 2911 on.
604 2868 692 2911 Vnt.
1253 2869 1452 2922 Loquitur
1495 2869 1545 2909 de
1584 2870 1720 2910 electis
1761 2868 1862 2922 (Cir.
1894 2869 2006 2910 Rom.
2049 2869 2096 2919 8,
2139 2868 2208 2910 33.

329 2925 403 3031 ¹²3
455 2925 586 2966 lot-iu
610 2924 698 2966 Vnt.
1253 2926 1387 2967 Matth.
1416 2925 1484 2989 22,
1522 2925 1585 2966 16.
1618 2925 1733 2990 ioan·
1754 2925 1818 2990 13,
1854 2923 1917 2965 18.
1952 2924 2052 2976 pr.
2078 2924 2207 2989 J,4.)‚

327 2980 378 3023 ¹³
513 2979 622 3021 libro
662 2979 902 3033 :poa-„tio
949 2981 1103 3023 Esdrae
1134 2982 1194 3023 lv.
1253 2982 1407 3022 docens
1435 2980 1551 3020 simut
1584 2980 1756 3020 hominis
1789 2979 2013 3020 libertatem
2046 2980 2141 3021 Sim.
2167 2979 2208 3030 8,

239 3037 295 3086 6,
329 3035 393 3078 1⁴1.
425 3035 588 3077 auditur
629 3047 753 3076 som
802 3037 891 3076 eiua
936 3039 1035 3078 sient
1077 3050 1195 3079 nonus
1252 3038 1292 3079 6.
1327 3036 1391 3079 11.
1419 3036 1517 3076 Vide
1547 3036 1760 3076 lachmann
1791 3047 1829 3087 p.
1859 3036 1926 3077 78.

239 3089 793 3147 Μυσίην-..ΡΜ
807 3091 1029 3143 persii-itta
1043 3092 1196 3134 Esdrae
1340 3092 1414 3144 20)
1446 3094 1481 3133 si
1514 3093 1705 3132 servarint
1739 3091 1846 3140 Van,
1893 3093 1927 3131 n·
1965 3093 2204 3133 servaverint

237 3154 279 3244 ῗι
318 3147 490 3246 nmo-3
519 3145 700 3188 Pastorb
750 3147 956 3198 engenii
983 3147 1195 3189 lachmann
1254 3147 1353 3244 Υέοὲ
1375 3159 1439 3244 atp.
1471 3147 1561 3189 Cot.
1591 3154 1630 3188 et
1662 3146 1759 3196 Pal„
1791 3149 2027 3188 servaverint
2053 3147 2206 3202 absque

256 3234 269 3245 .
295 3216 332 3245 c.
361 3215 403 3257 p.
1256 3215 1274 3243 ι
1357 3215 1381 3244 o

333 3260 405 3312 14)
433 3258 662 3301 neotum·
702 3263 830 3300 tenea
857 3259 975 3299 verba
1008 3260 1050 3299 in
1076 3259 1193 3299 verbo
1341 3257 1439 3311 Cap.
1470 3258 1529 3300 tv.
1595 3258 1635 3312 1)
1668 3261 1807 3300 tritum
1839 3257 1953 3314 (sic)
1982 3260 2204 3302 cathedram

234 3317 422 3357 mot-ia
449 3315 636 3357 nudavi
665 3313 751 3356 Vct.
1257 3325 1295 3366 p.
1325 3314 1545 3356 catharam
1575 3315 1660 3355 vat.

330 3371 388 3413 n
434 3371 591 3413 'odiu
620 3369 707 3411 Vnt.

328 3371 408 3479 103
429 3426 551 3469 Voce.
577 3426 831 3468 dra-dedit
861 3427 1030 3467 decorem
1070 3439 1182 3467 crea-
1328 3425 1425 3478 Cap.
1454 3426 1519 3468 tn.
1582 3425 1623 3479 1)
1653 3427 1828 3479 perficiet
1870 3437 1955 3467 eum
1986 3425 2094 3478 Pal„
2134 3425 2202 3468 ubi

249 3486 362 3524 tura
388 3493 502 3533 nu,
530 3487 573 3525 et
600 3483 821 3535 fortissimo
854 3482 940 3524 des.
973 3482 1013 3523 in
1044 3482 1127 3523 Vnt.
1244 3481 1501 3534 postmodnm
1531 3483 1725 3523 convincit
1756 3493 1866 3523 omne
1898 3483 2159 3537 iniquitatem.

324 3538 344 3580 1
425 3542 553 3580 unu
585 3537 672 3581 Vnt.
1328 3538 1375 3589 2)
1406 3538 1618 3590 quodiam
1673 3538 1903 3579 nitentium
1946 3539 2112 3590 anetum!
2143 3551 2196 3580 em

324 3593 344 3635 1
426 3603 542 3636 om
571 3604 652 3636 o..
681 3593 766 3636 Vat-
1248 3595 1354 3633 omni
1384 3594 1500 3635 conte
1529 3597 1598 3634 tuo
1661 3591 1713 3635 ιΙ.

324 3649 399 3703 10)
424 3649 548 3694 utba
573 3658 658 3692 οι
686 3648 792 3701 Vnt»,
836 3648 907 3691 ubi
934 3660 1026 3691 mox
1057 3663 1092 3691 c.
1123 3648 1188 3690 ed.
1332 3649 1378 3702 3)
1406 3661 1497 3691 uro
1527 3647 1610 3691 1²11.
