2340 3900
30 2187 71 2227 b

1260 157 1314 169 ινι-

500 143 1001 245 wasme.
1070 163 1254 225 tmen
1259 168 1358 224 ιιι.
1384 172 1638 225 metuitur
1677 169 1858 233 1x.(n)
2069 170 2171 222 565

194 299 422 370 ”culmi
448 311 465 376 g
580 308 589 314 “
644 309 788 362 'tcum
828 311 923 360 illis
961 314 1234 363 vanitatibus
1271 329 1411 378 opum
1451 306 1686 372 suarum3¹
1718 320 1766 363 et
1799 312 1868 362 sic
1896 314 2170 377 convenient

195 388 246 436 in
294 386 378 437 uei
534 372 590 434 o.'
591 378 851 447 ,Necesse
882 387 958 432 est
1002 384 1123 431 enim
1179 398 1264 432 eos
1310 386 1484 432 intrare
1531 386 1579 431 in
1627 397 1819 447 regnum
1868 381 1976 431 Dei.
2020 396 2168 446 genus

196 458 316 505 enim
350 456 442 504 hoc
477 451 690 516 probavit
721 451 957 499 Dominus.
1027 445 1112 498 Ex²
1150 454 1242 501 hoc
1278 468 1391 516 ergo
1428 467 1598 517 genere
1634 467 1728 501 non
1763 451 2008 501 intercidet
2043 454 2167 515 quis·

198 541 350 589 quam.
434 521 608 570 Etenim
665 519 777 568 licet
821 527 1067 582 temptatus
1124 522 1289 584 aliquis
1338 538 1497 571 eorum
1546 523 1601 570 ab
1639 523 1939 584 iniquissimo
1984 522 2166 571 diabolo

196 595 364 657 aliquid
400 590 664 653 deliquerit,
702 590 793 646 cito
828 591 1027 637 recurrit
1062 591 1119 638 ad
1155 592 1394 640 Dominum
1432 606 1582 640 suum.
1653 591 1750 653 Ego
1788 592 1975 639 nuntius
2010 592 2167 654 poeni-

196 665 363 712 tentiae
396 661 555 709 felices
589 673 672 707 vos
707 658 889 716 indico,
935 661 1202 723 quicunque
1251 662 1363 709 estis
1401 662 1585 709 innocui
1631 661 1752 708 sicut
1795 661 2020 719 infantes,
2059 662 2168 724 quia

191 747 301 795 pars
347 737 502 778 vestra
545 729 668 777 bona
717 734 791 776 est
833 735 881 776 et
925 729 1150 777 honorata
1196 731 1318 808 apud
1363 731 1520 779 Deum.
1594 730 1814 778 Omnibus
1862 737 2012 778 autem
2061 731 2166 778 dico

187 801 345 857 vohis,
382 800 461 862 qui
497 799 589 846 hoc
625 796 824 861 sigillum
859 796 944 846 filii
978 799 1060 846 Dei
1094 800 1279 861 accepis
1258 801 1365 846 tiS.
1414 801 1748 863 simplicitatem
1784 800 1974 858 habete,
2011 813 2165 863 neque

190 869 476 918 offensorum
511 869 613 916 sitis
645 880 891 924 memores,
927 881 1080 929 neque
1113 868 1160 915 in
1195 869 1400 930 nequitia
1421 869 1740 931 permaneatis.
1811 868 2030 931 Deponite
2052 882 2163 932 ergo

187 938 456 1000 memoriam
499 936 784 985 offensarum
831 930 926 995 [et]
971 936 1322 984 amaritudinum
1372 946 1652 996 vestrarum,
1690 945 1737 986 et
1788 937 1833 984 in
1868 951 1961 985 uno
1999 938 2166 1001 spiritu

188 997 461 1057 efficiemini.
531 1006 633 1054 Illas
669 1012 822 1054 autem
854 1005 997 1053 malas
1035 1007 1262 1054 scissuras
1300 1007 1548 1055 remediate
1595 1022 1647 1054 ac
1687 1007 1828 1054 tollite
1863 1021 1889 1054 a
1924 1006 2077 1065 vobis,
2115 1013 2167 1055 ut

185 1078 229 1126 si
264 1077 479 1126 dominus
526 1090 751 1139 pecorum
797 1076 1000 1134 venerit,
1036 1076 1257 1138 gaudeat,
1294 1077 1335 1123 si
1370 1091 1543 1139 pecora
1580 1090 1662 1124 sua
1708 1076 1889 1138 integra
1925 1076 2162 1127 invenerit.

187 1146 239 1195 Si
285 1146 408 1195 enim
450 1153 530 1193 aut
574 1145 726 1208 aliqua
770 1157 945 1208 pecora
989 1159 1016 1192 a
1050 1144 1316 1208 pastoribus
1364 1146 1607 1208 dissipata,
1654 1152 1732 1194 aut
1777 1147 1906 1208 ipsos
1953 1152 2164 1207 pastores

185 1222 432 1279 comptos
469 1216 694 1263 invenerit
730 1213 972 1273 dominus,
1010 1214 1122 1276 quid
1159 1215 1202 1262 ei
1250 1215 1642 1276 respondebitur?
1701 1214 1917 1276 Nunquid
1950 1219 2163 1294 pastores

185 1284 355 1334 dicturi
386 1291 511 1342 sunt,
549 1299 576 1332 a
611 1282 860 1347 pecoribus
897 1297 949 1331 se
984 1297 1090 1331 esse
1126 1285 1344 1332 vexatos?
1381 1284 1513 1342 Quod
1549 1299 1634 1332 nec
1673 1283 1878 1331 creditur
1912 1282 2015 1338 illis,
2056 1284 2164 1345 quia

183 1352 455 1402 incredibile
477 1359 563 1408 est,
586 1360 822 1417 pastorem
844 1351 1015 1415 aliquid
1038 1353 1131 1415 pati
1158 1367 1298 1415 posse
1324 1368 1349 1400 a
1368 1367 1568 1415 pecore;
1607 1354 1750 1414 magis
1775 1360 1925 1399 autem
1949 1353 2164 1413 punietur

182 1431 381 1486 propter
421 1422 727 1473 mendacium.
800 1422 894 1484 Ego
942 1436 1045 1469 sum
1081 1429 1261 1484 pastor3
1315 1428 1500 1484 oportet
1548 1437 1618 1468 me
1669 1422 1725 1468 de
1761 1420 1890 1467 vobis
1940 1420 2161 1468 altissimo

183 1494 379 1541 reddere
416 1493 654 1540 rationem.

321 1628 386 1689 (κ)
420 1629 591 1677 xxxn.
662 1628 926 1678 Remediate
963 1642 1060 1686 vos,
1098 1626 1204 1676 dum
1241 1629 1390 1676 adhuc
1418 1629 1559 1675 turris
1591 1625 1872 1676 aedificatur.
1943 1629 2162 1678 Dominus

178 1700 353 1750 habitat
382 1700 429 1747 in
465 1699 538 1746 his
572 1699 683 1746 viris
719 1699 799 1760 qui
849 1712 1010 1762 pacem
1047 1698 1254 1787 diligunt?
1294 1698 1509 1760 quoniam
1545 1711 1708 1761 pacem
1739 1699 1912 1746 amavit.
1985 1699 2021 1745 A
2053 1700 2163 1746 viris

112 1767 129 1786 '⁵
164 1772 330 1819 ‘autem
364 1769 535 1829 iniquis
572 1776 619 1816 et
667 1768 903 1816 seditiosis
940 1760 1248 1830 perditisque¹
1286 1767 1516 1828 nequitiae
1565 1767 1793 1825 recedite,
1843 1774 1890 1815 et
1934 1768 2162 1815 habebitis

177 1837 357 1888 Domini
401 1838 639 1899 spiritum,
686 1839 809 1886 sicut
852 1837 1096 1899 accepistis
1145 1837 1389 1897 integrum
1460 1836 1570 1882 Nam
1617 1845 1720 1882 cum
1769 1803 1929 1883 f’ulloni
1978 1833 2162 1884 dederis

178 1908 495 1956 vestimentum
544 1921 739 1963 novum,
770 1907 931 1967 utique
964 1906 1032 1952 vis
1070 1920 1174 1952 eum
1211 1906 1439 1966 integrum
1477 1906 1704 1966 recipere.
1779 1903 1827 1951 Si
1864 1908 2013 1952 autem
2051 1905 2161 1952 fullo

177 1977 376 2026 scissum
410 1976 727 2023 vestimentum
763 1975 846 2022 tibi
883 1973 1071 2031 reddat,
1109 1974 1318 2035 nunquid
1354 1974 1553 2036 accipies
1590 1972 1727 2030 iliud,
1765 1980 1844 2020 aut
1878 1987 1970 2021 non
2006 1976 2160 2036 potius

177 2045 393 2095 irasceris
428 2051 477 2091 et
511 2058 616 2092 eum
654 2037 876 2092 convitio⁸
913 2044 1227 2107 persequeris,
1258 2043 1371 2090 haec
1395 2043 1554 2090 dicens
1577 2043 1633 2089 ad
1670 2057 1800 2089 eum:
1837 2043 2159 2091 vestimentum

175 2115 261 2164 tibi
294 2113 400 2161 dedi
438 2114 694 2193 integrum?
745 2126 889 2176 qnare
925 2113 1103 2160 scidisti
1139 2112 1250 2159 illud
1286 2118 1334 2159 et
1370 2112 1531 2159 inutile
1570 2112 1718 2158 fecisti
1757 2113 1844 2170 ita,
1882 2119 1934 2160 ut
1967 2119 2159 2175 propter

144 2185 455 2250 ²„scissuranu
490 2196 626 2245 quam
676 2183 722 2230 in
758 2195 816 2230 eo
853 2181 1029 2240 fecisti,
1067 2182 1113 2228 in
1167 2195 1254 2228 usu
1303 2195 1407 2228 esse
1455 2194 1546 2228 non
1595 2181 1783 2242 possit?
1849 2181 2008 2229 Nonne
2046 2182 2160 2229 haec

176 2252 332 2319 §pitia
367 2253 496 2300 dices
533 2251 695 2300 fulloni
732 2252 791 2300 de
827 2249 1049 2308 scissura,
1083 2264 1221 2313 quam
1258 2251 1470 2298 invenisti
1508 2251 1552 2297 in
1579 2251 1846 2298 vestimento
1881 2251 1994 2298 tuo?
2032 2249 2161 2299 Unde

175 2320 221 2373 σί
252 2326 306 2371 tu
341 2321 400 2369 de
437 2322 710 2370 vestimento
745 2321 892 2370 tristis
926 2319 1128 2368 efficeris
1165 2326 1212 2367 et
1239 2320 1416 2376 rixariS,
1456 2320 1562 2381 quia
1595 2333 1687 2366 non
1722 2320 1947 2381 integrum
1974 2319 2158 2383 recipis,

167 2394 173 2398 ”
324 2397 460 2453 putas
506 2390 746 2439 Dominum
798 2403 905 2438 esse
942 2389 1194 2445 facturum,
1244 2390 1323 2451 qui
1364 2389 1444 2436 tibi
1482 2389 1694 2450 spiritum
1747 2388 1873 2436 dedit
1915 2389 2158 2450 integrum,

192 2495 207 2511 »,
348 2459 476 2516 iilum
509 2466 654 2508 totum
681 2459 744 2508 ita
778 2452 1003 2522 inutilem⁸
1044 2457 1226 2516 fecisti,
1263 2465 1316 2505 ut
1351 2458 1536 2505 domino
1586 2471 1669 2504 suo
1707 2458 1751 2504 in
1801 2471 1890 2504 usu
1926 2470 2031 2504 esse
2068 2470 2160 2504 non

232 2537 245 2553 ³
276 2531 300 2544 *⁵
346 2557 349 2559 -
400 2552 402 2566 ·
433 2530 495 2577 ia
529 2543 678 2606 unu
675 2529 692 2578 ί
753 2515 842 2584 ’ὸ
857 2528 1051 2590 spiritus
1087 2541 1113 2575 a
1149 2534 1195 2574 te
1233 2526 1402 2575 inutilis
1448 2541 1552 2574 esse
1604 2527 1758 2588 coepit
1792 2532 1838 2573 et
1876 2528 2158 2588 corruptus?

472 2582 678 2712 ug‘nul'f
755 2612 763 2638 π
924 2602 1052 2658 tunm
1101 2596 1271 2644 factum
1321 2595 1472 2644 tradet
1518 2602 1563 2643 te
1610 2596 1760 2643 morti.
1833 2595 2002 2642 Omnes
2039 2595 2160 2646 enim

843 2660 918 2725 'os
953 2665 1179 2714 invenerit
1213 2665 1259 2713 in'
1297 2665 1518 2712 memoria
1556 2665 1831 2713 delictorum
1868 2677 1988 2711 esse.
2057 2662 2159 2712 Nou

498 2799 522 2816 ⁶
549 2806 556 2810 ’
607 2818 674 2866 t.‚
732 2761 826 2858 dein
860 2817 1062 2869 peccalum
1099 2825 1141 2867 p.
1198 2811 1438 2856 Patvatet
1460 2812 1548 2855 Cot.
1577 2811 1733 2855 restitui
1751 2814 2014 2864 persequeris,
2047 2812 2156 2864 quod

525 2871 536 2897 ¹·
577 2886 584 2893 ·
1199 2869 1381 2912 nonnulli
1436 2869 1548 2911 editt.
1589 2882 1622 2908 c.
1671 2868 1802 2908 Fabro
1846 2870 1903 2907 St.
1944 2867 2030 2908 sinc
2072 2866 2155 2907 ulla

746 2946 763 2979 J
804 2926 845 2968 in
878 2927 959 2968 ssne
987 2931 1140 2980 transp.
1198 2938 1297 2967 sana
1325 2924 1481 2967 ratione
1511 2929 1715 2966 mutarunt
1739 2923 1777 2962 in
1808 2924 2068 2976 prosequeris.

701 2978 712 2988 ⁸
1282 2978 1330 3031 6)
1358 2981 1448 3022 recle
1476 2979 1548 3032 isti
1572 2978 1659 3020 Vat

785 3053 788 3058 ’
975 3034 1140 3083 nevitt-
1287 3034 1333 3086 7)
1362 3040 1399 3077 ee
1465 3041 1533 3087 at„
1563 3033 1687 3088 paulo
1722 3039 1814 3086 post
1844 3046 1916 3087 que
1948 3046 1987 3087 p.
2020 3047 2149 3088 quam,

768 3056 973 3147 affe(
1067 3092 1142 3133 κίι
1200 3090 1346 3135 deinde
1377 3093 1419 3133 in
1446 3103 1559 3133 mum
1591 3102 1630 3143 p.
1661 3091 1766 3130 nami

1255 3150 1257 3153 ’
1284 3146 1331 3201 8)
1360 3149 1489 3189 omnia
1520 3147 1586 3189 hec
1614 3145 1823 3187 ordinatur
1853 3145 1891 3186 in
1924 3146 2006 3187 Vnt.

187 3329 253 3384 Ψ
385 3293 774 3425 mmm»
818 3359 878 3400 ’
847 3284 1144 3429 ...ἐκ

1279 3202 1326 3257 9)
1355 3203 1430 3257 Erq
1433 3216 1455 3246 ο
1486 3207 1523 3243 et
1551 3202 1635 3243 Vnt.

1287 3258 1360 3317 10)
1390 3259 1571 3312 rediyim
1601 3258 1706 3307 vat„
1747 3257 1916 3298 subinde
1949 3260 2003 3299 ila
2034 3264 2077 3301 ut
2111 3260 2154 3300 in

190 3437 310 3484 qum
346 3426 521 3472 Vnt-fl
658 3401 961 3493 simpuvium
999 3438 1140 3467 nectum

1197 3314 1310 3362 nullo
1337 3325 1415 3357 esu
1445 3325 1531 3356 ene
1560 3315 1704 3367 ponit.

1284 3425 1380 3479 Cap.
1413 3426 1538 3467 ΧΧΧΙ.
1603 3426 1642 3479 1)
1674 3438 1823 3479 suaque
1855 3438 1971 3467 manu
1991 3437 2052 3479 pr.
2068 3426 2154 3469 vat.

192 3485 283 3526 itm
306 3485 368 3526 οἰκ
394 3475 712 3526 rc'··u11⁰
744 3489 871 3526 autem
893 3482 930 3523 κε’
947 3482 1019 3525 aihu·
1039 3483 1141 3522 scis·
1284 3482 1328 3532 2)
1359 3486 1395 3523 et
1428 3482 1510 3523 rat.

194 3552 276 3581 num
304 3552 344 3580 re
454 3588 459 3593 ¹
621 3540 688 3582 s?
1288 3539 1384 3590 cap.
1417 3537 1558 3580 ΧΧΧΙΙ.
1625 3537 1662 3584 i)
1692 3538 1934 3591 pri-dicisque
1967 3538 2049 3579 Pei.

280 3596 326 3647 5)
351 3609 398 3638 cc
476 3595 556 3638 κίε
600 3602 670 3647 ιι,
694 3594 764 3637 ubi
788 3602 996 3637 corrector
1019 3608 1093 3647 sup
1098 3607 1138 3635 ra
1286 3595 1330 3644 2)
1361 3594 1567 3635 corevitium
1597 3593 1679 3634 ΙίιΙ.

193 3652 349 3694 addidit
377 3664 450 3703 ez,
493 3657 537 3693 ut
564 3651 643 3694 iem
678 3651 731 3693 sit
760 3653 1029 3693 excandescis.
1088 3651 1140 3690 Ex
1287 3648 1336 3703 3)
1365 3656 1400 3689 el
1432 3657 1473 3690 tu
1516 3650 1614 3690 illud
1646 3655 1769 3691 totum
1812 3653 1869 3691 ita
1902 3651 2039 3692 inutile
2072 3651 2154 3693 t’at.
