2340 3900
180 190 315 230 'Xxx
963 177 1384 226 PROLEGOMENA.

196 315 438 365 recensuit
471 321 707 378 notasque
743 311 935 361 criticas
971 311 1146 361 adiecit
1179 311 1264 362 Iul.
1299 312 1444 361 Henr.
1483 313 1819 362 Pete1·mann.“
1890 311 2081 376 Optime
2117 309 2159 358 is

193 401 285 449 pro
321 401 374 433 re
410 384 574 433 critica
612 381 802 431 meruit.
851 381 947 430 Sed
981 379 1160 430 nimius
1195 396 1333 430 amor
1368 381 1678 431 Armeniacae
1715 380 2001 438 literaturae,
2037 393 2158 444 quae

196 454 239 502 ei
287 453 337 502 in
382 451 569 502 deliciis
614 456 711 509 est,
761 449 934 498 iudicis
977 449 1128 499 aciem
1177 449 1452 499 obfuscasse
1501 450 1713 509 videtur,
1766 448 1845 514 qui
1886 447 2004 498 tanti
2046 446 2160 496 fecit

194 522 468 571 versionem
504 519 837 569 Armeniacam
872 518 1103 568 tredecim
1139 518 1309 582 Ignatii
1334 519 1672 584 Epistolarum.
1742 518 1810 566 Ea
1844 517 2023 584 quippe
2059 530 2158 565 non

195 590 299 639 illas
349 591 502 639 solum
553 594 737 654 septem
783 587 1052 647 breviores,
1105 587 1190 636 sed
1226 587 1371 637 etiam
1411 604 1493 637 sex
1530 586 1884 652 supposititiaS‚
1924 601 2045 651 quae
2081 584 2158 634 di-

194 666 367 708 cuntur
403 658 602 723 (Mariae
638 656 955 707 Cassobolitis
989 657 1050 706 ad
1084 656 1332 722 Ignatium,
1372 657 1539 721 Ignatii
1578 657 1666 720 Ep.
1702 655 1760 704 ad
1800 654 1999 703 Mariam
2038 654 2158 704 Cas-

195 727 466 786 soholitem‚
503 725 672 790 Ignatii
708 726 767 775 ad
804 725 1081 787 Tarsenses,
1115 726 1329 775 eiusdem
1368 726 1427 774 ad
1447 725 1792 783 AntiochenOS,
1828 724 1887 772 ad
1912 723 2157 773 Heronem

193 802 243 844 et
288 797 346 845 ad
394 793 783 859 Philippenses),
831 794 882 844 id
920 801 994 844 est
1029 795 1223 844 easdem
1256 795 1468 856 exhibet,
1517 809 1634 860 quae
1671 793 1810 857 vulgo
1844 792 2158 857 interpolatas

194 865 453 929 appellant,
499 863 804 930 auserimque
846 863 1007 914 dicere
1043 865 1213 913 harum
1249 863 1545 913 simillimas:
1590 862 1636 911 id
1676 861 1803 927 quod
1841 861 1946 910 sine
1980 876 2157 926 magno

194 933 357 983 labore
394 932 561 997 capiet,
599 932 679 998 qui
713 938 892 982 attente
926 932 1194 998 perlegerit,
1234 933 1396 997 quales
1433 949 1525 982 nos
1562 947 1616 980 ex
1654 930 1805 979 Codd.
1842 945 1959 979 mss.
1988 945 2157 980 emen-

194 1001 329 1051 datas
363 1002 460 1051 iam
494 1002 782 1066 evulgamus.
827 1002 1177 1051 Petermannus
1212 1001 1357 1065 igitur
1394 1001 1558 1051 statuit
1584 1000 1651 1064 (p.
1674 997 1867 1062 XXV1):
1922 998 1975 1063 1)
2010 999 2156 1060 „Ver-

196 1071 269 1119 sio
317 1077 488 1120 nostra
541 1070 729 1120 saeculo
777 1086 823 1136 p.
874 1071 987 1120 Chr.
1022 1087 1070 1120 n.
1105 1070 1272 1136 quinto
1305 1087 1360 1119 ex
1395 1070 1470 1119 illa
1508 1068 1731 1118 versione
1769 1067 1972 1133 syriaca,
2020 1067 2158 1134 cujus

195 1140 437 1205 exemplar
473 1139 742 1190 ‘Curetonus
779 1139 943 1199 edidit,
979 1140 1099 1188 facta
1136 1146 1220 1188 est.
1293 1138 1347 1202 2)
1382 1139 1550 1188 Versio
1588 1137 1665 1186 illa
1703 1136 1885 1201 syriaca
1920 1152 2022 1187 non
2055 1145 2157 1187 tres

195 1216 404 1269 tantum,
457 1209 541 1258 sed
578 1208 813 1258 tredecim
846 1208 1075 1273 epistolas
1108 1209 1155 1257 S.
1188 1208 1372 1272 Ignatio
1410 1207 1689 1272 adscriptaS,
1724 1221 1901 1272 easque
1935 1221 2035 1256 non
2070 1206 2157 1256 de·

194 1283 432 1331 curtatas.
481 1283 533 1326 ut
581 1277 633 1326 in
668 1277 880 1327 editione
914 1277 992 1326 illa
1028 1278 1271 1342 leguntur,
1320 1278 1404 1327 sed
1439 1277 1502 1325 ita
1538 1281 1854 1340 comparatas,
1892 1282 1944 1325 ut
1976 1276 2158 1326 Noster

196 1361 276 1395 eas
312 1346 458 1406 dedit,
493 1346 552 1395 ab
583 1345 728 1395 ,initio
761 1346 1183 1410 complectebatur,
1219 1346 1285 1395 ita
1320 1353 1374 1395 ut
1409 1345 1576 1396 exinde
1614 1350 1851 1409 appareat,
1880 1344 2157 1395 conclusio·

195 1430 308 1475 neS,
349 1430 466 1481 quas
502 1414 774 1464 Bunsenius
812 1415 1074 1464 secundum
1110 1415 1240 1464 illam
1275 1415 1452 1475 fecerit,
1491 1421 1618 1464 stare
1653 1429 1752 1462 non
1787 1416 1982 1478 posse.“
2048 1414 2157 1465 Non

195 1483 473 1548 putaverim.
553 1484 745 1534 Rectius
791 1483 1014 1533 fortassis
1059 1484 1161 1534 ille:
1229 1484 1283 1547 3)
1330 1483 1627 1546 „armeniaca
1673 1482 1833 1532 versio
1875 1498 1901 1532 a
1948 1482 2159 1533 librariis

198 1551 463 1602 serioribus
500 1552 597 1617 (vel
630 1550 940 1616 lectoribus),
979 1553 1058 1619 qui
1091 1569 1314 1618 graecum
1350 1559 1530 1603 textum
1567 1567 1676 1601 cum
1714 1566 1767 1601 ea
1804 1551 2160 1617 comparabant,

195 1621 380 1686 passim
415 1622 702 1686 interpolata
737 1628 785 1671 et
820 1628 1045 1687 corrupta
1083 1630 1170 1684 est,
1206 1629 1346 1687 atque
1384 1621 1595 1672 editores
1633 1619 1786 1670 critici
1816 1620 1986 1686 judicii
2019 1620 2160 1686 plane

198 1696 416 1755 expertes
453 1692 540 1740 has
577 1690 974 1755 interpolationes
1012 1698 1059 1740 et
1096 1691 1431 1756 corruptiones
1466 1690 1613 1740 textui
1651 1689 2000 1739 inseruerimt.“

335 1759 606 1809 Bunsenius
651 1759 703 1808 in
747 1775 920 1824 opere:
976 1760 1291 1826 „Hippolytus
1340 1760 1437 1809 und
1488 1760 1620 1810 seine
1665 1757 1766 1808 Zeit
1815 1759 1977 1810 1852“
2022 1759 2077 1808 Τ.
2125 1758 2160 1807 1.

196 1844 243 1893 p.
280 1829 346 1878 46
396 1836 444 1878 et
477 1829 533 1877 T.
569 1828 613 1877 II
659 1844 706 1893 p.
742 1828 825 1877 VH
871 1844 975 1894 sqq.
1021 1829 1340 1878 Petermanno
1387 1828 1653 1894 respondit.
1743 1828 1799 1877 ln
1836 1828 2066 1878 Curetoni
2113 1834 2161 1877 et

199 1896 428 1947 Bunsenii
475 1904 640 1962 partes
690 1897 849 1947 ierunt
899 1897 1084 1947 Ritschl
1134 1897 1244 1961 (Die
1279 1898 1585 1963 Entstehung
1621 1897 1708 1947 der
1754 1897 2159 1947 altkatholiscben

198 1966 390 2027 Kirche‚
426 1967 566 2016 Bonn
594 1965 739 2026 1850,
774 1981 852 2030 pp.
889 1966 1003 2016 418.
1042 1967 1143 2016 577
1178 1967 1308 2032 sqq.)
1346 1974 1395 2016 et
1430 1966 1588 2015 Weiss
1625 1965 1700 2029 (in
1730 1965 1946 2016 Reuter’s
1977 1966 2160 2032 Reper-

200 2034 379 2083 torium
422 2032 589 2097 1852).
662 2033 782 2083 Cum
819 2034 995 2083 Baurio
1035 2032 1143 2097 (Die
1175 2035 1562 2099 ignatianischen
1598 2035 1756 2085 Briese
1789 2034 1889 2085 und
1926 2034 2005 2085 ihr
2041 2050 2162 2086 neu-

199 2110 328 2153 ester
347 2102 575 2152 Kritiker.
646 2101 766 2152 Eine
792 2102 1115 2152 Streitschrift
1139 2118 1290 2168 gegen
1315 2103 1470 2153 Herrn
1499 2104 1707 2153 Bunsen.
1765 2102 1969 2169 Tsibing.
1991 2103 2162 2168 1848),

197 2172 513 2221 doctissimus
548 2171 814 2236 Hilgenfeld
848 2171 955 2235 (Die
1004 2172 1208 2237 apostol.
1245 2172 1399 2222 Vater.
1471 2173 1604 2223 Halle
1645 2173 1776 2223 1853
1812 2189 1859 2238 p.
1899 2172 1998 2224 188
2034 2171 2161 2239 sqq.)

201 2246 301 2289 tum
336 2255 613 2305 graecarum
652 2247 754 2290 tum
793 2240 1079 2305 syriacarum
1114 2242 1438 2307 Epistolarum
1459 2282 1470 2303 ,
1509 2257 1628 2308 quae
1660 2241 1844 2307 Ignatio
1880 2240 2162 2293 adtribuim-

197 2315 280 2357 tur
313 2309 607 2358 authentiam
639 2308 899 2358 addubitat.

344 2380 387 2428 7.
423 2378 494 2426 Ex
528 2377 785 2442 EpistoliS,
837 2393 956 2442 quae
992 2378 1161 2443 Ignatii
1199 2395 1307 2429 esse
1355 2379 1604 2440 dicuntur,
1655 2379 1868 2444 primum
1905 2388 2006 2430 tres
2055 2379 2162 2430 illae

202 2445 346 2495 latine
392 2447 694 2511 conscriptae
731 2443 812 2508 (ad
847 2447 1080 2496 Joannem
1119 2448 1283 2512 Apost.
1330 2449 1450 2498 duae
1497 2454 1544 2499 et
1580 2449 1637 2499 ad
1676 2448 1728 2497 B.
1765 2448 2008 2514 Virginem
2044 2447 2161 2514 una)

203 2513 400 2564 Parisiis
435 2530 477 2563 a.
519 2516 648 2565 1495
687 2514 737 2563 in
770 2515 925 2563 lucem
961 2516 1257 2579 prodierunt.

343 2584 456 2632 Iac.
494 2583 693 2632 Faber
729 2583 1027 2647 Stapulensis
1066 2601 1104 2633 a.
1146 2586 1300 2644 1498,
1355 2586 1509 2635 tribus
1546 2586 1641 2636 illis
1678 2585 1901 2646 omissiS‚
1939 2585 2162 2636 undecim

203 2652 318 2701 alias
365 2669 390 2701 e
449 2651 669 2702 versione
731 2652 876 2700 latina
934 2659 1094 2702 vetere
1138 2654 1339 2704 Parisiis
1393 2655 1636 2720 evulgavit.
1727 2656 1867 2705 Hunc
1912 2670 2164 2706 numerum

205 2720 702 2786 symphorianus
739 2720 1158 2785 Champerius
1206 2724 1542 2788 Lugdunensis
1581 2724 1735 2775 tribus
1768 2740 1794 2774 a
1823 2724 1980 2775 Fabro
2015 2739 2162 2790 repu-

205 2789 346 2839 diatis
383 2789 524 2849 auxit,
561 2795 727 2854 quarta
763 2788 919 2837 addita
955 2790 1014 2838 ad
1052 2791 1249 2840 Mariam
1288 2793 1656 2852 Cassobolitem‚
1693 2809 1836 2860 quam
1873 2793 1916 2843 is
1951 2792 2163 2859 primum

203 2864 370 2908 notam
405 2858 627 2908 reddidit.
699 2857 982 2916 Quindecim
1016 2858 1161 2923 igitur
1195 2861 1362 2924 Ignatii
1398 2863 1594 2912 nomine
1628 2862 1871 2927 Epistolae
1905 2868 2007 2912 tum
2043 2877 2165 2912 eno-

205 2933 420 2987 tuerant,
458 2926 543 2976 sed
578 2925 723 2975 latine
768 2931 975 2985 tantum,
1014 2943 1133 2991 quae
1169 2937 1334 2992 postea
1372 2932 1560 2996 saepius
1593 2931 1826 2996 repetitae
1862 2937 1990 2980 sunt.
2060 2931 2161 2982 Nos

207 2995 398 3060 quidem
422 2995 499 3045 usi
522 3010 688 3044 sumus
712 3001 842 3044 textu
869 3009 1005 3043 rarae
1023 3002 1163 3060 atque
1189 3005 1432 3047 correctae
1463 2999 1690 3050 editionis
1714 3001 1918 3049 Venetae
1949 3015 1991 3049 a.
2019 3000 2164 3051 1546.

345 3065 415 3113 Ex
451 3063 628 3114 Codice
673 3062 997 3112 Bibliothecae
1031 3063 1331 3128 Augustanae
1377 3067 1562 3131 pri-mus
1598 3068 1971 3118 Valentinus
2005 3067 2178 3118 Har-.

211 3140 438 3198 tungus
494 3132 650 3182 Frid
717 3130 1053 3195 (Pacaeus)
1117 3149 1155 3181 a.
1211 3136 1339 3184 1557
1388 3136 1619 3202 Dillingae
1678 3137 1932 3187 duodecim
1996 3151 2161 3187 earum

207 3216 374 3265 graece
422 3201 699 3266 publicavit,
761 3199 959 3249 omissis
1002 3200 1157 3250 trihus
1206 3202 1300 3251 illis
1348 3203 1491 3252 latine
1551 3205 1758 3271 scriptiS.
1838 3205 1979 3255 Anno
2031 3204 2163 3256 1558

207 3270 408 3320 Parisiis
443 3269 729 3335 prodierunt
765 3268 892 3332 apud
927 3268 1048 3318 Guil.
1082 3269 1362 3320 Morelium:
1401 3272 1561 3322 Sancti
1596 3274 1818 3338 Martyris
1852 3273 2025 3339 Ignatii
2060 3274 2161 3324 An-

211 3337 416 3388 tiochiae
453 3337 807 3403 archiepiscopi
842 3336 1085 3401 Epistolae
1121 3335 1211 3402 (gr.
1248 3345 1295 3388 et
1330 3339 1445 3405 lat).
1499 3341 1804 3392 Morelius
1840 3342 2010 3392 lectori
2042 3342 2163 3393 dicit

208 3422 254 3470 p.
292 3408 412 3456 147:
464 3407 590 3466 „Has
632 3407 684 3455 B.
730 3405 899 3470 Ignatii
946 3405 1173 3470 epistolas
1227 3423 1336 3456 cum
1382 3409 1570 3471 primus
1618 3411 1669 3459 in
1716 3411 1872 3461 lucem
1918 3411 2161 3461 emisisset

210 3474 412 3523 Graecas
447 3475 721 3524 Valentinus
742 3475 935 3535 Paceus,
969 3474 1247 3541 nostrisque
1282 3476 1559 3526 hominibus
1593 3479 1726 3528 valde
1763 3479 2161 3540 desiderarentur,

210 3542 339 3607 quod
375 3543 714 3608 exemplarium
749 3542 885 3608 copia
921 3558 1022 3592 non
1059 3550 1354 3609 superesset,
1396 3545 1486 3594 viri
1521 3560 1630 3594 cum
1664 3546 1836 3610 primis
1873 3547 2070 3609 eruditi,
2106 3563 2162 3597 ac

209 3609 300 3677 pii,
344 3617 396 3661 ut
447 3627 527 3661 eas
563 3613 787 3663 cuderem
822 3628 849 3662 a
884 3627 962 3662 me
996 3611 1132 3664 facile
1167 3611 1510 3678 impetrarunt,
1562 3614 1642 3679 qui
1688 3620 1785 3663 tam
1833 3615 2023 3679 piorum
2072 3631 2158 3667 au-
