2340 3900
778 160 810 205 1.
848 157 1163 204 CLEMENTIS
1198 160 1268 206 AI)
1307 158 1429 206 COR.
1474 157 1619 206 XLIV.
2115 150 2176 201 91

219 367 365 414 XLIV.
436 365 759 427 Apostolorum
793 365 1042 418 institutio,
1096 380 1154 411 ne
1193 369 1249 413 de
1284 382 1476 414 munere
1510 366 1794 416 sacerdotali
1830 364 2054 411 contentio
2087 364 2184 423 fiat.

251 450 473 510 Leqitime
506 449 670 494 electos
707 462 766 494 ae
800 452 921 494 recte
953 447 1156 494 viventes
1186 451 1243 495 de
1271 464 1463 496 munere
1498 465 1583 497 suo
1614 463 1701 511 per
1734 448 1870 509 nefas
1906 445 2149 494 deiecistis.

350 571 556 634 Apostoli
593 585 779 632 quoque
814 572 961 618 nostri
997 586 1083 632 per
1117 570 1267 618 Iesu'm
1303 572 1531 619 Christum
1569 573 1806 620 Dominum
1854 577 2061 619 nostrum
2111 585 2185 618 co·

216 648 484 704 gnoverunt,
519 642 861 688 contentionem
899 641 956 687 de
993 640 1175 687 nomine
1199 640 1500 702 Episcopatus
1522 642 1826 698 oborituram3
1864 641 1923 688 ob
1945 654 2043 688 eam
2075 654 2185 701 ergo

216 725 415 768 causam,
452 710 655 772 perfecta
691 710 992 772 praescientia
1029 709 1237 771 praediti,
1281 710 1617 756 constituerunt
1652 712 1936 772 praedictoS,
1974 724 2025 756 ac
2063 709 2186 756 dein·

217 795 327 843 ceps
352 779 687 827 ordinationem
710 779 949 836 dederunt,
986 786 1049 835 ut,
1089 793 1228 839 quum
1257 778 1319 825 illi
1348 778 1667 836 decessissent,
1705 780 2007 827 ministerium
2029 792 2188 826 eorum

218 850 293 896 alii
330 850 415 896 viri
450 848 631 911 probati
668 849 942 910 exciperent.
1016 848 1299 895 Constitutos
1348 847 1501 908 itaque
1539 847 1595 894 ab
1632 848 1735 902 illis,
1774 849 1842 896 vel
1879 849 2094 910 deinceps
2132 846 2188 894 ab

217 919 316 966 aliis
353 919 461 965 viris
494 918 670 965 eximiis
708 918 1025 964 consentiente
1062 917 1274 964 universa
1310 917 1528 973 ecclesia,
1579 917 1748 977 quique
1796 918 2023 979 inculpate
2061 917 2190 979 gregi

222 988 392 1036 Christi
411 987 727 1035 deservierunt
746 1001 849 1034 cum
885 986 1150 1043 humilitate,
1189 987 1356 1047 quiete,
1393 1000 1480 1032 nec
1505 985 1801 1043 illiberaliter,
1840 993 1886 1033 et
1908 987 2045 1048 longo
2078 992 2188 1033 tem·

215 1071 331 1120 pore
380 1057 435 1103 ab
496 1055 708 1104 omnibus
758 1057 1067 1103 testimonium
1119 1056 1407 1118 praeclarum
1455 1061 1773 1115 reportarunt,
1831 1056 1915 1102 hos
1976 1063 2187 1117 putamus

217 1140 407 1174 munere
444 1139 528 1173 suo
565 1139 656 1172 non
691 1126 810 1173 iuste
849 1126 998 1172 deiici.
1067 1126 1167 1172 Non
1204 1125 1324 1172 enim
1363 1124 1459 1171 leve
1493 1124 1581 1170 erit
1615 1131 1853 1184 peccatum
1889 1131 2111 1181 nostrum,
2151 1125 2190 1170 si

215 1210 312 1253 eos,
351 1196 429 1257 qui
463 1201 619 1243 sancte
658 1202 703 1242 et
737 1196 838 1242 sine
866 1195 1228 1256 reprehensione
1249 1207 1438 1240 munera
1461 1193 1735 1250 obtulerunt,
1774 1195 2041 1255 episcopatu
2066 1194 2189 1241 eiici-

215 1279 331 1312 mus.
370 1265 494 1311 Beati
530 1264 806 1327 presbyteri,
844 1265 961 1311 viam
998 1265 1126 1327 prius
1166 1264 1367 1319 emensi,
1414 1263 1492 1324 qui
1529 1258 1810 1310 fructuosam
1846 1264 2189 1325 perfectamque

216 1334 566 1381 dissolutionem
602 1334 876 1396 consequuti
914 1341 1044 1391 sunt3
1093 1349 1186 1380 non
1225 1334 1346 1381 enim
1381 1338 1596 1379 verentur
1647 1347 1704 1379 ne
1742 1333 1844 1394 quis
1881 1347 1962 1379 eos
1998 1332 2191 1378 transfe-

216 1410 287 1451 rat
319 1404 376 1451 de
412 1404 515 1450 loco
551 1404 663 1465 ipsis
701 1405 967 1452 constituto.
1007 1404 1220 1451 Videmus
1258 1403 1393 1456 enim,
1433 1402 1558 1462 quod
1592 1416 1673 1448 vos
1711 1401 1955 1448 nonnullos
1994 1400 2187 1447 honeste

215 1474 418 1521 viventes
451 1473 508 1519 ab
538 1472 708 1528 officio,
744 1473 869 1535 quod
894 1474 1122 1536 inculpate
1143 1480 1189 1520 et
1216 1487 1318 1520 cum
1343 1473 1521 1518 honore
1547 1471 1905 1533 exequebantur,
1944 1469 2195 1518 dimovetiS.

217 1720 269 1762 ad
278 1720 491 1762 ecclesiam
500 1719 800 1771 gubernandam
811 1721 1018 1762 constituti
1029 1727 1176 1772 essent,

221 1777 273 1818 de
304 1776 614 1830 loco,deiicere
653 1783 879 1818 conaretur.
938 1779 1064 1819 Nemo
1095 1791 1176 1819 non

221 1832 410 1884 intelligit
438 1845 510 1874 eos
540 1833 608 1886 qui
647 1833 728 1873 iam
759 1830 909 1891 ἕτεροι
936 1831 1172 1891 ἐλλόγιμοι

218 1884 391 1946 ἄνδρες
429 1888 712 1942 appellantur,
755 1889 938 1931 diversos
984 1903 1074 1931 esse
1125 1891 1174 1931 ab

219 1945 269 1986 iis
309 1948 377 1999 qui
417 1945 558 1998 paullo
596 1951 688 1986 ante
730 1945 875 1986 iisdem
915 1947 999 1987 sere
1043 1947 1174 1987 verbis

219 2001 351 2042 vocati
407 2007 501 2042 sunt
558 1997 706 2056 ἕτεροι
774 1998 932 2043 &edom
978 2003 1176 2058 ασμένοι

220 2051 404 2112 ἄνδρες.
461 2057 561 2098 Nam
590 2057 750 2109 utrique
780 2069 826 2098 ex
846 2069 940 2109 pres
971 2064 1174 2110 yterorum

222 2113 384 2166 quidem
414 2119 455 2153 et
476 2113 740 2153 diaconorum
767 2126 935 2154 numero
957 2120 1071 2164 sunt;
1101 2114 1174 2154 sed

222 2169 251 2209 ii
281 2168 332 2210 de
361 2168 507 2222 quibus
526 2176 644 2210 antea
659 2181 795 2210 sermo
826 2177 925 2218 erat,
954 2177 1048 2210 sunt
1080 2183 1175 2210 suc-

223 2237 409 2266 cessores
460 2237 600 2266 eorum
645 2225 975 2278 presbyterorum
1011 2227 1079 2279 qui
1124 2226 1173 2267 ab

222 2281 423 2334 apostolis
463 2281 559 2323 olim
597 2281 803 2322 constituti
842 2289 967 2323 erant.
1029 2283 1173 2323 Postea

222 2348 318 2377 vero
369 2333 519 2391 ἕτεροι
569 2333 807 2394 ἐλλόγιμοι
860 2333 1032 2392 ἄνδρες
1073 2338 1173 2390 ipsis

221 2391 421 2444 apostolis
454 2399 736 2445 opponuntur,
778 2393 832 2434 ita
863 2401 906 2435 ut
934 2394 1068 2435 statim
1098 2406 1172 2446 ap-

220 2454 380 2501 pareat,
427 2461 568 2489 eornm
623 2449 954 2502 presbyterorum
1008 2450 1075 2503 qui
1126 2450 1175 2490 ab

221 2504 421 2557 apostolis
430 2517 561 2558 neque
575 2517 670 2546 vero
692 2518 715 2545 a
735 2505 1019 2546 decessoribus
1037 2518 1177 2547 eorum

221 2559 396 2601 ordinati
440 2560 522 2601 sint
566 2562 811 2602 mentionem
847 2562 947 2603 fieri.
1004 2562 1063 2603 Ab
1100 2563 1177 2603 hac

219 2615 552 2668 interpretatione
582 2617 703 2658 etiam
731 2617 759 2658 ii
790 2630 933 2671 parum
951 2619 1177 2669 discedunt,

222 2671 291 2726 qui
325 2684 456 2725 nuper
491 2685 632 2715 vocem
672 2671 906 2732 ἔπινομὴν
946 2675 1177 2716 mutandam

221 2740 313 2770 esse
361 2735 616 2772 censuerunt.
675 2730 733 2772 Ex
777 2743 858 2784 quo
896 2744 1062 2773 numero
1105 2731 1180 2772 suit

221 2783 407 2836 Bnnsen,
437 2785 506 2839 qui
538 2785 581 2827 in
612 2786 740 2837 libro,
769 2787 945 2839 Ignatius
976 2802 1011 2830 v.
1039 2788 1179 2829 Antio-

224 2840 342 2882 cbien
359 2854 399 2882 n.
419 2841 532 2883 seine
554 2842 653 2894 Zeit,
683 2855 724 2897 p.
747 2843 803 2886 98
818 2856 923 2898 sqq.,
955 2845 1179 2886 Turnerum

216 2896 344 2950 (apud
374 2898 580 2940 Usserium
612 2899 663 2941 de
696 2911 790 2954 epp.
810 2900 892 2953 ign.
923 2901 963 2954 s.
991 2900 1076 2954 18.)
1111 2914 1178 2942 se-

219 2959 334 2994 cutus
363 2951 597 3011 ἔπινομὴν
636 2955 678 2996 ἰιι
718 2954 953 3013 ἐπιμονὴν
980 2958 1177 3008 correxit,

217 3015 258 3050 et
286 3009 438 3051 Ritscbl
469 3010 654 3061 (altkath.
686 3013 846 3063 Kircbe,
876 3026 916 3066 p.
946 3014 1062 3060 371.)
1111 3014 1179 3068 qui

223 3064 478 3119 ἐπιστολὴν
491 3066 706 3120 legendum
723 3082 814 3110 esse
832 3070 999 3111 censuit.
1032 3072 1180 3112 Neutra

224 3128 355 3163 tamen
384 3123 666 3165 emendatione
697 3137 800 3179 opus
828 3128 916 3166 est.‘

309 3177 354 3230 6)
385 3180 519 3221 Locus
549 3180 638 3231 bic,
666 3181 701 3222 si
731 3181 821 3235 quis
853 3182 968 3233 alius,
1000 3183 1181 3235 apprime

222 3234 335 3275 utilis
364 3235 416 3275 ad
444 3236 763 3288 intelligendum,
794 3250 896 3291 quae
918 3240 1066 3281 tuerint
1086 3252 1181 3291 par-

221 3296 285 3331 tes
317 3290 425 3332 Cleri
456 3298 496 3333 et
528 3292 663 3333 Plebis
702 3294 742 3335 in
773 3294 1069 3348 episcoporum
1113 3308 1181 3335 or-

222 3346 444 3389 dinatione.
517 3343 830 3398 Κατάστασις
867 3350 917 3391 ad
959 3351 1180 3405 Apostolos

220 3409 260 3443 et
295 3404 540 3457 Episcopus,
570 3402 909 3459 συνευδόκησις
943 3408 994 3448 ad
1017 3408 1180 3449 Plebein

220 3459 444 3511 spectabat.
507 3461 603 3502 Rem
636 3463 787 3515 optime
808 3463 1012 3505 illustrant
1042 3465 1080 3504 b.
1104 3465 1181 3516 Cy-

1324 1719 1369 1772 7)
1398 1722 1429 1762 A
1460 1720 1564 1771 Tito,
1599 1718 1812 1760 Timotheo
1858 1724 1898 1759 et
1936 1717 2025 1758 aliis
2069 1717 2194 1758 coad-

1234 1777 1433 1819 iutoribus
1483 1776 1792 1830 Apostolorum,
1857 1774 2001 1827 quihus
2051 1787 2194 1814 munus

1234 1835 1489 1886 Episcopos,
1521 1833 1785 1886 Presbyteros
1826 1838 1865 1872 et
1892 1831 2094 1872 Diaconos
2132 1830 2195 1871 iu-

1232 1891 1424 1932 stituendi
1458 1890 1715 1931 commissum
1747 1895 1844 1929 erat.
1886 1888 1932 1928 H.

1319 1946 1363 1998 8)
1395 1946 1602 1987 Moraliter
1633 1959 1728 1996 ergo
1758 1944 1936 1996 populus
1974 1944 2196 1984 adsistebat

1233 2009 1272 2042 et
1315 2002 1459 2042 morali
1515 2001 1793 2054 acceptatione
1842 2000 1985 2052 populi
2034 1999 2195 2040 clericis

1232 2058 1309 2098 rite
1341 2057 1480 2098 electis
1513 2070 1615 2108 opus
1633 2063 1729 2097 erat.
1779 2055 1859 2096 cfr.
1890 2055 2077 2108 Cyprian.
2121 2056 2195 2108 Ep.

1233 2115 1300 2155 55.
1341 2126 1380 2166 p.
1413 2113 1489 2162 82,
1530 2114 1603 2165 Ep.
1636 2114 1702 2154 68.
1734 2125 1774 2164 p.
1810 2112 1900 2153 118.
1948 2112 2012 2152 ed.
2044 2111 2196 2152 Bened.

1237 2170 1369 2211 1726:
1435 2171 1614 2210 sacerdos
1676 2170 1788 2222 plebe
1846 2174 2058 2221 praesente
2124 2169 2195 2208 sub

1233 2228 1402 2267 omnium
1435 2227 1560 2266 oculis
1592 2227 1802 2277 άείἰραιαν,
1836 2230 1871 2265 et
1903 2226 2045 2277 diqnus
2077 2228 2197 2277 atquc

1232 2284 1395 2323 idoneus
1419 2283 1575 2334 publico
1595 2284 1741 2322 iudicio
1773 2295 1818 2322 ae
1840 2282 2060 2321 testimonio
2082 2291 2189 2321 com-

1225 2339 1427 2391 probetur,
1467 2368 1477 2378 .
1503 2367 1513 2378 .
1539 2368 1548 2378 .
1581 2344 1622 2378 ut
1652 2338 1763 2390 plebe
1805 2341 2010 2389 praesente
2040 2338 2101 2377 vel
2133 2338 2201 2377 de-

1234 2399 1414 2446 teyantur
1459 2395 1648 2434 malorum
1676 2395 1863 2444 erimina,
1900 2395 1961 2434 vel
2005 2394 2196 2433 bonorum

1232 2451 1375 2491 merita
1402 2450 1691 2502 praedicentur.

1321 2505 1365 2558 9)
1396 2505 1522 2546 Nimis
1553 2505 1746 2547 audacter
1771 2504 2007 2558 pronuntiat
2026 2506 2199 2546 Bernar-

1235 2563 1310 2603 dus
1356 2562 1556 2602 neminem
1598 2568 1776 2604 veterum
1815 2562 1870 2603 ita
1914 2562 2001 2602 sine
2038 2562 2197 2604 adiecto

1233 2618 1474 2671 simpliciter
1504 2617 1683 2660 locutum
1703 2632 1805 2660 esse.
1856 2619 2032 2670 Ignatius
2051 2619 2092 2659 in
2125 2620 2198 2672 Ep.

1235 2675 1286 2715 ad
1319 2675 1477 2727 Smyrn.
1512 2689 1544 2716 c.
1564 2676 1603 2716 7.
1650 2675 1944 2716 Eucharistiam
1974 2681 2092 2716 vocat
2116 2674 2199 2730 τὴν

1237 2728 1424 2786 δωρεὰν
1453 2733 1535 2774 τοῦ
1571 2732 1711 2783 Θεοῦ,
1745 2738 1785 2773 et
1815 2732 1855 2772 in
1891 2731 2028 2773 Const.
2058 2732 2199 2785 Apost.

1237 2788 1285 2838 8,
1322 2788 1385 2829 12.
1416 2788 1585 2839 legimus
1628 2788 1671 2830 οἱ
1710 2784 1919 2831 διάκονοι
1966 2789 2198 2845 προσαγέ-

1238 2855 1399 2887 τωσαν
1430 2842 1488 2886 τὰ
1520 2843 1653 2900 δῶρα
1693 2847 1756 2899 τῷ
1797 2840 2047 2899 ἑπισκόπῳ
2079 2843 2200 2903 πρὸς

1238 2899 1291 2942 τὸ
1325 2898 1680 2960 θυσιαστήριον.
1725 2901 1845 2942 Plura
1877 2901 2058 2954 exempla
2079 2902 2197 2942 huius

1238 2957 1545 3009 significationis
1579 2972 1599 2998 e
1631 2957 1902 3010 scriptoribus
1934 2970 2014 2998 non
2045 2963 2197 2998 tantum

1238 3014 1446 3055 vetustatis
1466 3014 1706 3055 habentibus
1737 3013 1941 3065 congessit
1958 3013 2197 3063 Cotclerius,

1240 3071 1307 3123 qui
1339 3077 1451 3112 notat
1482 3071 1601 3112 etiam
1632 3070 1923 3112 Eucharistiam
1955 3070 2003 3109 ab
2034 3070 2199 3110 Aethio-

1239 3126 1358 3179 pibus
1410 3127 1555 3169 Corban
1597 3127 1822 3180 appellari,
1871 3126 1896 3165 i.
1948 3139 1981 3166 e.
2029 3123 2198 3183 δῶρον.

1240 3183 1359 3224 Marc.
1380 3184 1420 3233 7,
1439 3184 1501 3225 11.
1535 3184 1615 3224 cfr.
1641 3184 1793 3224 Suicer.
1819 3182 1936 3222 Thes.
1958 3182 2065 3223 Eccl.
2089 3195 2199 3223 voce.

1240 3235 1396 3293 δωρεὰ
1452 3246 1491 3280 et
1541 3238 1709 3298 δῶρον.
1779 3240 1857 3280 Iac.
1934 3239 2197 3279 lleserendam

1240 3292 1325 3348 τὴν
1374 3294 1640 3350 ἐπισκοπὴν
1689 3309 1778 3337 csse
1827 3294 1877 3334 ad
1921 3294 2196 3348 presbyteros,

1240 3359 1386 3405 sponte
1419 3359 1599 3406 apparet.

1331 3410 1400 3461 10)
1437 3410 1520 3450 Cl'r.
1553 3410 1584 3450 ll
1604 3408 1702 3449 Tim.
1734 3408 1773 3457 4,
1807 3407 1845 3448 6.

1331 3465 1399 3518 11)
1431 3466 1528 3506 Cum
1561 3464 1742 3505 sedulam
1765 3475 1899 3504 curam
1921 3462 1969 3504 iis
1990 3469 2198 3515 praestare

225 3515 391 3568 prianus
416 3516 488 3569 Ep.
510 3517 578 3559 68.
611 3519 675 3561 ed.
695 3519 845 3561 Bened.
875 3520 945 3567 (67
975 3520 1040 3562 ed.
1067 3519 1185 3572 Feli.)
1243 3520 1354 3562 soliti
1384 3522 1529 3572 simus,
1571 3534 1672 3573 quae
1714 3520 1753 3560 in
1796 3520 1951 3560 honore
1983 3532 2029 3560 ac
2064 3518 2196 3572 pretio

226 3578 266 3611 et
304 3571 520 3624 Origenes,
575 3573 684 3617 hom.
723 3576 762 3617 6.
804 3576 842 3616 in
883 3575 1007 3618 Levit.
1060 3576 1184 3630 (Opp.
1245 3577 1462 3627 habemus,
1499 3578 1794 3630 λειτουργίαν
1822 3577 1968 3633 τιμᾷν
2000 3575 2198 3626 dicuntur,

222 3627 267 3668 Τ.
296 3627 347 3668 ΙΙ.
385 3640 426 3680 p.
461 3627 557 3671 216.
588 3630 652 3672 ed.
683 3631 865 3685 Bened.).
907 3632 1004 3673 Fen.

1246 3633 1312 3685 qui
1343 3645 1506 3675 munera
1539 3646 1610 3674 sua
1642 3633 1855 3684 diligenter
1871 3632 2032 3674 obeunt.
2063 3631 2226 3675 Dabis.-
