2340 3900
163 174 343 215 xxvm
938 166 1363 214 PROLEGOMENA.

165 300 486 366 Tubingensis
522 299 790 349 academiae
824 300 1094 359 Professor,
1130 300 1400 365 Ignatianas
1422 300 1664 366 Epistolas
1702 297 1890 347 saeculo
1918 297 2130 346 secundo

166 385 192 418 a
241 370 432 420 falsario
477 368 635 433 aliquo
684 368 742 417 ad
780 368 1110 432 episcopatum
1147 371 1391 434 praeclaro
1429 369 1599 434 Ignatii
1634 366 1831 417 nomine
1866 371 2008 430 atque
2044 381 2130 414 au-

166 438 389 489 ctoritate
425 436 861 488 commendandum
896 437 1078 486 Romae
1114 439 1342 488 confictas
1377 438 1583 503 putabat,
1620 436 1694 485 cui
1731 432 2131 499 Schweglerus⁵²)

167 512 214 556 et
237 504 569 572 Hilgenfeld53)
607 521 715 554 cum
751 505 842 554 levi
877 511 1063 555 tantum
1100 506 1381 556 discrimine
1416 505 1691 571 adstipulati
1726 509 1852 553 sunt.

300 574 643 626 Praeeuntibus
689 574 847 623 Rothe
862 571 945 638 ⁵4),
993 574 1121 624 Ioan.
1166 576 1221 625 E.
1267 577 1453 626 Huther
1466 574 1528 638 ⁵⁵)
1545 614 1556 635 ,
1607 574 1685 622 Fr.
1722 572 2038 623 Ds1sterdieck
2050 571 2130 637 ⁵⁶),

166 648 275 697 Ger.
312 645 532 695 Uhlhorn
546 641 610 706 ⁵⁷)
647 670 715 678 —
751 648 887 692 taceo
922 638 1276 709 μικρολόγους,
1315 645 1395 710 qui
1430 644 1559 693 nullo
1594 642 1810 707 pondere
1834 641 1984 691 innixi
2019 658 2130 692 ver-

165 716 240 766 bis
302 712 514 763 humidis
576 718 624 761 et
670 711 966 777 lapsantibus
1016 713 1252 775 defluunt,
1300 729 1409 763 cum
1456 728 1626 762 eorum
1678 716 1958 774 argumenta
2005 710 2130 761 bene

166 783 499 834 existimentur
546 780 597 829 in
634 795 719 830 ore
755 781 912 842 nasci,
947 797 1047 832 non
1082 782 1134 832 in
1168 790 1366 848 pectore
1402 809 1470 815 —
1505 796 1610 830 rem
1645 778 1816 844 Ignatii
1850 779 2130 845 nuperrime

163 851 372 903 Hefelius
385 848 447 914 ⁵⁸)
493 848 670 899 iterum
715 849 984 916 iterumque
1028 867 1169 916 agere
1204 851 1414 902 tentavit.
1484 851 1706 899 Attamen
1744 848 2130 899 adversariorum

162 919 377 986 partibus
424 917 613 983 saepius
658 918 836 968 bellum
883 919 1076 981 indixit,
1128 937 1270 986 quam
1314 919 1584 985 profligavit
1635 917 1787 983 ipsos.
1857 917 2130 968 Laudamus

164 987 473 1053 diligentiam,
510 1002 612 1037 non
646 987 877 1038 miramur
913 988 1077 1039 iudicii
1112 1005 1325 1039 acumen.
2027 1019 2032 1023 -

303 1057 348 1107 6.
395 1055 633 1106 Henricus
669 1056 857 1107 Tattam
888 1073 930 1107 a.
971 1058 1100 1109 1839
1136 1058 1188 1107 in
1223 1057 1402 1109 Nitriae
1440 1058 1671 1122 Syrorum
1706 1055 2006 1106 monasterio
2042 1071 2129 1107 co-

164 1126 322 1177 dicem
356 1125 552 1185 invenit,
587 1131 696 1175 ante
730 1142 853 1176 saec.
890 1127 961 1185 VI,
998 1132 1052 1176 ut
1087 1127 1311 1187 creditur,
1349 1129 1596 1191 scriptum,
1634 1124 1715 1191 qui
1740 1124 1983 1190 Syriacam
2018 1141 2128 1176 ver-

164 1195 354 1246 sionem
402 1193 572 1260 Ignatii
612 1193 858 1259 Epistolae
904 1196 963 1245 ad
997 1196 1311 1261 Polycarpum
1349 1194 1634 1244 asservabat.
1701 1194 1759 1243 In
1795 1194 2008 1244 secundo
2045 1194 2128 1245 iti-

162 1280 279 1314 nere
324 1263 480 1313 tribus
527 1263 667 1313 annis
701 1270 816 1328 post
850 1265 1028 1314 multos
1062 1265 1183 1314 alios
1212 1265 1426 1314 eiusdem
1462 1262 1744 1313 monasterii
1779 1263 1984 1314 Codices
2019 1279 2131 1314 aere

165 1331 482 1398 comparavit,
524 1331 652 1382 inter
687 1348 772 1382 eos
806 1333 952 1382 trium
987 1333 1158 1398 Ignatii
1194 1333 1524 1398 Epistolarum
1559 1333 1618 1383 ad
1653 1332 1910 1398 EphesiOS,
1944 1333 2005 1383 ad
2025 1334 2127 1384 Ro-

161 1417 358 1462 manOS,
393 1401 454 1450 ad
486 1401 803 1466 Polycarpum
833 1408 1041 1452 veterem
1079 1402 1321 1467 Syriacam
1355 1402 1643 1462 versionem,
1675 1408 1730 1451 ut
1762 1402 1916 1452 fertur
1953 1402 2130 1453 saeculi

161 1471 221 1520 VI
254 1471 329 1521 vel
362 1469 459 1530 VII,
514 1470 656 1519 simul
692 1486 803 1520 cum
835 1471 1051 1536 pluribus
1085 1471 1438 1535 Ignatianarum
1474 1471 1800 1536 Epistolarum
1832 1470 2132 1537 fragmentiS.

162 1539 426 1591 Gulielmus
473 1539 686 1589 Cureton
736 1539 862 1589 inter
909 1540 1063 1590 Musei
1107 1539 1371 1590 Britannici
1414 1540 1670 1590 thesauros
1707 1539 1955 1605 Syriacum
1996 1541 2129 1606 fiag-

162 1614 378 1658 mentum
433 1608 666 1658 Actorum
714 1608 883 1673 Ignatii
931 1609 1144 1675 Martyrii
1190 1610 1445 1659 detexerat.
1528 1609 1594 1658 lis
1643 1609 1901 1659 Codicibus
1937 1609 2128 1660 adiutus

161 1677 438 1742 publicavit:
485 1677 618 1736 „The
653 1677 844 1727 ancient
879 1677 1044 1742 Syriae
1079 1677 1272 1728 version
1310 1679 1365 1727 of
1394 1678 1477 1728 the
1507 1677 1703 1743 epistles
1740 1679 1795 1728 of
1823 1677 1950 1729 saint
1983 1678 2127 1744 Igna-

161 1746 258 1796 tius
294 1753 345 1796 to
382 1747 451 1796 St.
486 1746 746 1811 Polycarp,
793 1747 876 1796 the
909 1747 1193 1812 Ephesians,
1229 1748 1323 1797 and
1361 1747 1444 1796 the
1478 1747 1718 1797 Romans:
1754 1748 1977 1812 together
2007 1748 2126 1799 with

163 1821 368 1865 extracts
417 1816 545 1864 from
580 1814 658 1864 his
696 1815 914 1880 epistleS,
952 1816 1182 1866 collected
1214 1817 1341 1866 from
1380 1816 1462 1866 the
1499 1816 1717 1881 writings
1754 1817 1809 1866 of
1837 1816 2041 1868 Severus
2078 1818 2133 1868 of

161 1884 384 1944 Antioch,
421 1883 707 1934 Timotheus
744 1885 797 1934 of
823 1885 1120 1946 Alexandria,
1155 1886 1250 1935 and
1286 1885 1466 1946 otherS,
1503 1885 1663 1935 edited
1693 1885 1810 1935 with
1841 1901 1903 1935 an
1939 1886 2127 1951 english

162 1953 473 2014 translation,
527 1953 621 2001 and
664 1959 821 2002 notes,
890 1954 1006 2003 Also
1054 1954 1136 2003 the
1171 1954 1318 2019 greek
1354 1960 1454 2004 text
1488 1955 1543 2004 of
1569 1954 1707 2004 these
1741 1955 1879 2006 three
1914 1955 2124 2021 epistleS,

162 2022 411 2072 corrected
447 2021 704 2086 according
739 2027 789 2070 to
825 2022 909 2071 the
942 2022 1183 2087 authority
1218 2024 1274 2072 of
1307 2023 1390 2072 the
1423 2023 1587 2087 Syriae
1627 2023 1836 2074 version.
1899 2024 1968 2090 By
2003 2024 2127 2074 Wil-

160 2091 274 2140 liam
322 2091 562 2150 Cureton,
610 2090 671 2140 M.
705 2090 760 2140 A.
798 2090 1026 2141 London:
1073 2090 1370 2156 RivingtonS.
1442 2091 1629 2142 Berlin:
1679 2093 1838 2143 Asher
1874 2099 1923 2144 et
1956 2093 2126 2159 Comp.

162 2159 535 2210 MDCCCXLV.“

302 2229 571 2279 Curetonus
608 2243 802 2278 omnem
834 2229 1043 2294 lapidem
1079 2229 1244 2290 movit,
1280 2235 1333 2279 ut
1368 2229 1548 2280 hancce
1571 2230 1814 2297 Syriacam
1850 2231 2125 2284 versionem

162 2297 303 2348 unice
349 2298 628 2362 genuinam,
676 2313 824 2362 eaque
874 2298 1036 2348 omnia
1083 2299 1198 2348 falsa
1244 2315 1352 2349 esse
1398 2299 1591 2364 probet,
1648 2316 1768 2366 quae
1817 2301 1868 2351 in
1914 2300 2125 2352 breviori

162 2382 331 2432 graeca
375 2366 659 2416 recensione
703 2367 840 2430 plura
889 2374 1161 2417 occurrunt.
1240 2368 1405 2433 Ipsum
1453 2375 1502 2418 et
1546 2368 1694 2430 alios,
1737 2376 1790 2420 ut
1834 2370 1884 2420 id
1933 2370 2124 2421 firmius

165 2435 256 2486 sibi
299 2436 654 2500 persuaderent,
708 2442 900 2500 praeter
935 2436 1148 2486 indolem
1183 2437 1422 2487 versionis
1459 2436 1508 2487 id
1544 2454 1734 2504 quoque
1769 2439 1945 2500 movit,
1995 2439 2124 2505 quod

162 2510 276 2570 post
307 2504 416 2554 illos
452 2504 598 2570 duOS,
646 2504 816 2568 quibus
851 2505 985 2570 prius
1020 2522 1134 2555 usus
1169 2506 1280 2566 suit,
1330 2507 1533 2557 Codices
1569 2507 1740 2558 tertius
1776 2515 1972 2573 praesto
2009 2515 2124 2569 erat,

164 2574 366 2623 eandem
425 2572 618 2623 brevem
675 2573 945 2623 versionem
1007 2575 1249 2640 Syriacam
1296 2577 1555 2626 earimdem
1603 2577 1751 2626 trium
1797 2577 2125 2642 Epistolarum

164 2642 434 2692 continenS.
504 2642 577 2692 Eo
611 2641 808 2707 insuper
841 2643 1027 2703 collato,
1065 2645 1334 2695 Curetonus
1370 2644 1490 2695 iuris
1525 2645 1714 2710 publice
1748 2646 1862 2696 fecit
1906 2648 2124 2713 „Corpus

163 2711 490 2776 Ignatianum:
539 2727 565 2760 a
614 2711 849 2775 complete
885 2712 1137 2762 collection
1175 2715 1229 2762 of
1274 2715 1357 2763 the
1393 2714 1607 2779 Ignatian
1643 2715 1864 2781 epistleS,
1904 2716 2122 2782 genuine,

163 2779 501 2845 interpolated,
550 2780 644 2830 and
690 2780 938 2845 spurious,
992 2783 1214 2846 together
1256 2783 1374 2832 with
1424 2799 1689 2834 numerous
1742 2791 1949 2836 extracts
1994 2786 2123 2835 from

164 2850 310 2909 them,
345 2864 399 2898 as
433 2849 611 2913 quoted
645 2848 707 2914 by
741 2849 1079 2899 ecclesiastical
1115 2851 1304 2900 writers
1340 2852 1483 2902 down
1519 2860 1571 2903 to
1607 2854 1691 2903 the
1727 2854 1865 2903 tenth
1899 2860 2123 2920 century,

165 2917 216 2968 in
252 2917 426 2983 syriac,
460 2918 621 2982 greek,
657 2918 751 2968 and
785 2918 927 2968 latin:
975 2934 1036 2967 an
1071 2919 1258 2984 english
1297 2921 1579 2973 translation
1616 2923 1670 2972 of
1701 2922 1784 2973 the
1821 2922 1976 2988 syriac
2008 2929 2122 2984 text,

166 3068 345 3118 klarung.
378 3068 477 3109 Tub.
509 3067 701 3108 Zeitschr.
732 3068 797 3107 fiir
829 3067 969 3108 Theol.
994 3068 1115 3110 1836.
1255 3070 1328 3120 55)
1361 3070 1627 3121 Betraehtung
1658 3071 1730 3110 der
1759 3071 2010 3122 wichtigsten
2044 3071 2120 3112 Be-

167 3124 280 3163 Fasc.
323 3124 361 3164 3.
405 3137 445 3175 p.
480 3124 572 3165 199.
605 3129 644 3163 et
678 3123 799 3163 1838.
853 3124 967 3164 Fasc.
999 3125 1038 3164 3.
1075 3138 1115 3176 p.
1175 3125 1328 3165 denken
1362 3139 1485 3176 gegen
1518 3126 1582 3166 die
1612 3127 1819 3166 Aechtheit
1853 3127 1926 3166 der
1947 3126 2121 3176 ignatia-

171 3180 248 3219 149
264 3192 352 3231 sqq.
386 3180 459 3220 Die
477 3180 602 3231 lgnat.
623 3179 755 3219 Briese
784 3193 822 3219 u.
842 3179 906 3219 ihr
931 3186 1117 3220 neuester
1172 3181 1338 3220 nischen
1356 3181 1500 3221 Briese.
1557 3180 1637 3221 Von
1661 3183 1729 3222 Dr.
1747 3183 1837 3222 Joh.
1858 3181 1931 3221 Ed.
1952 3182 2120 3231 Huther,

167 3234 352 3275 Kritiker.
398 3236 565 3286 Ti'ibing.
599 3235 719 3276 1848.
761 3235 841 3277 Cfr.
874 3236 1115 3286 Schwegler,
1171 3236 1211 3275 in
1247 3236 1402 3287 lllgenii
1434 3236 1664 3277 Zeitschrist
1706 3239 1769 3277 sur
1806 3236 1947 3278 histor.
1979 3237 2118 3278 Theol.

170 3291 240 3330 das
273 3292 651 3343 nachapostolische
684 3291 893 3341 Zeitalter,
928 3293 971 3332 T.
1000 3293 1046 3332 11.
1075 3305 1116 3344 p.
1177 3293 1220 3332 T.
1254 3292 1316 3331 Xl.
1350 3292 1463 3332 Fasc.
1492 3294 1552 3332 lv.
1586 3306 1626 3344 p.
1656 3293 1807 3333 3—73.

169 3347 403 3388 159—179.
1259 3347 1331 3400 56)
1362 3348 1419 3387 De
1448 3347 1739 3398 Ignatianarum
1770 3347 2031 3399 epistolarum
2047 3361 2118 3388 au·

252 3401 324 3450 52)
354 3404 432 3444 Das
466 3404 700 3456 nachapost.
732 3403 932 3444 Zeitalter.
992 3404 1036 3444 T.
1068 3404 1116 3444 ΙΙ.
1172 3403 1345 3444 thentiae
1377 3410 1451 3443 etc.
1506 3403 1807 3453 Commentatio,
1838 3403 2060 3454 Gottingae.

165 3470 205 3510 p.
240 3458 318 3499 159
332 3472 423 3510 sqq.
1258 3458 1330 3511 57)
1359 3459 1402 3498 In
1432 3459 1607 3499 Niedner
1628 3458 1856 3499 Zeitschrift
1885 3460 1949 3500 fur
1977 3459 2118 3502 histor.

254 3512 329 3565 53)
357 3515 428 3555 Die
459 3522 588 3567 apost.
617 3515 744 3556 vater.
786 3516 902 3557 Halle
935 3516 1057 3557 1853.
1172 3515 1311 3556 Theol.
1346 3515 1468 3556 1851.
1494 3528 1534 3566 p.
1565 3514 1645 3555 247
1665 3527 1756 3566 sqq.

252 3569 325 3620 54)
354 3570 529 3622 Anfange
568 3572 640 3613 der
678 3572 830 3614 christl.
877 3572 1035 3613 Kirche.
1071 3585 1112 3625 p.
1254 3570 1327 3625 58)
1359 3570 1542 3623 Prolegg.
1561 3570 1610 3612 de
1637 3575 1792 3624 septem
1820 3570 1902 3623 Ign.
1932 3571 2034 3630 Epp.
2067 3572 2117 3626 (V

167 3625 248 3671 715
267 3637 356 3679 sqq.
1170 3625 1280 3685 sqq.)
