2340 3900
158 194 256 246 636
883 195 1109 243 ΗΕΒΜΑΕ
1145 197 1372 246 PASTOR.
2086 198 2127 232 0

154 324 459 395 φθαρήσεται
479 327 546 386 εἰς
564 322 795 378 θάνατον.
830 325 929 377 Καὶ
949 346 996 377 οι
983 328 1224 393 ‘’nol-0505,
1245 322 1398 380 ὀὗτοι4
1433 329 1588 382 δόλιοί
1606 332 1695 382 εἰσι
1715 330 1796 382 καὶ
1819 328 2101 383 κατάλαλοι

155 398 236 448 καὶ
269 394 326 446 τὰ
370 395 526 461 θηρία
563 392 594 444 ἃ
630 391 752 455 εἶδες
799 397 867 456 εἰς
904 393 958 446 τὸ
1001 396 1214 460 [ἔνατον]
1253 394 1392 483 ὅρος,
1432 393 1568 452 οὗτοί
1603 402 1734 452 εἰσιν.
1789 398 1980 484 ’.Ωσπερ
2010 397 2104 486 γὰρ

153 464 211 516 τὰ
249 464 400 531 θηρία
435 464 732 550 διαφθείρει5
767 469 834 515 τῶ
870 463 1053 516 ἑαυτῶν
1091 467 1147 534 ἰῷ
1185 463 1270 517 τὸν
1292 465 1556 533 ἄνθρωπον
1591 471 1671 520 καὶ
1701 467 1940 535 ἀπολλύει,
1979 488 2106 520 ουτω

153 533 234 620 καί
268 538 364 584 τῶν
409 531 641 584 τοιούτων
689 517 967 607 ἀνθρωπων
1014 531 1073 584 τὰ
1106 516 1296 602 ῥήματα
1333 538 1673 623 δ[ια]φθείρει
1719 536 1804 590 τὸν
1839 513 2107 626 ἄνθρωπον

154 603 236 654 καὶ
272 599 513 653 ἀπολλύει.
588 594 738 652 Οὗτοι
787 606 878 653 οὐν
923 605 1120 670 κολοβοί
1156 605 1276 655 εἰσιν
1321 602 1416 657 ἀπὸ
1471 612 1558 691 τῆς
1591 610 1794 668 πίστεως
1827 605 1989 659 αὐτῶν
2025 604 2106 658 διὰ

153 668 241 736 τὴν
274 671 449 735 πρᾶξιν
482 690 548 737 ην
592 670 780 735 ἔχουσιν
816 671 925 717 ἓν
904 679 1116 725 εαυτοῖς·
1152 673 1275 727 τινὲς
1310 673 1362 725 δὲ
1396 674 1683 751 μετενόησαν
1717 677 1798 728 καὶ
1837 675 2107 743 ἐσώθησαν.

157 739 254 788 Καὶ
289 740 340 791 οἷ
369 738 528 790 λοιποὶ
564 739 614 788 οἱ
645 740 856 788 τοιοῦτοι
891 732 1025 795 ὄντες
1061 731 1292 784 δύνανται
1328 741 1570 800 σωθηναι,
1607 731 1693 785 ἐὰν
1727 745 2083 817 μετανοησωσιν

153 804 239 858 ἐὰν
275 805 327 857 δὲ
361 805 427 872 μὴ
462 805 846 872 μετανοήσωσιν,
884 800 979 855 ἀπὸ
1015 808 1112 854 τῶν
1146 808 1390 872 γυναικῶν
1424 804 1636 868 ἐκείνων,
1674 823 1743 854 ων
1776 801 1866 869 τὴν
1902 799 2110 868 δύναμιν

153 876 358 942 ε’χουσιν,
395 873 778 926 ἀποθανοῦνται.

292 956 614 1010 XXV11.'Ex
661 954 713 1007 δὲ
763 959 850 1007 τοῦ
886 951 1035 1021 ὅρους
1067 958 1154 1006 τοῦ
1189 950 1415 1013 δεκάτου,
1454 948 1531 1006 06¹
1565 946 1693 1018 ἦσαν
1728 953 1903 1020 δένδρα
1939 948 2110 1003 σκεπά·

156 1031 294 1090 ζοντα
334 1023 602 1094 πρόβατ[οἰ]
651 1046 782 1092 τινα,
821 1024 872 1076 οἱ
899 1020 1240 1083 πιστεύσαντες
1281 1025 1494 1074 τοιοῦτοί
1541 1024 1684 1073 εἰσιν·
1731 1022 1986 1073 ἐπίσκοποι
2030 1019 2114 1071 καὶ

156 1093 430 1161 φιλόξενοι,
469 1096 642 1154 οιτινες
683 1069 838 1161 ἡδέως
889 1095 957 1154 εἰς
990 1090 1104 1153 τοὺς
1149 1093 1317 1151 οἴκους
1361 1091 1544 1143 ἑαυτῶν
1590 1087 1794 1143 πάντοτε
1824 1087 2114 1151 ὑπεδέξαντο

155 1163 270 1227 τοὺς
318 1164 526 1226 δούλους
570 1169 656 1215 τοῦ
704 1167 827 1215 θεοῦ
876 1160 985 1249 ἄτερ
1032 1159 1355 1246 ὑποκρίσεως·
1413 1161 1463 1211 οἱ
1509 1160 1560 1211 δε
1607 1160 1862 1213 ἐπίσκοποι
1909 1155 2114 1211 πάντοτε

155 1256 268 1296 τους
318 1232 667 1319 ὖστερημένους
722 1232 804 1284 καὶ
856 1230 942 1293 τὰς
968 1229 1138 1315 χήρας
1183 1235 1267 1314 τῇ
1296 1231 1520 1300 διακονία
1571 1228 1755 1282 ἑαυτῶν
1802 1227 2115 1288 ἀδιαλείπτως

156 1304 422 1357 ἐσκέπασαν
455 1304 538 1356 καὶ
557 1300 730 1389 ἆγνῶς
778 1298 1148 1369 ἀνεστράφησαν
1197 1298 1414 1351 πάντοτε.
1490 1291 1640 1352 Ουτοι
1676 1301 1768 1351 οὖν
1801 1296 1977 1359 πάντες
2010 1313 2117 1350 σκε-

155 1371 496 1440 πασθήσονται
541 1368 636 1424 ὖπὸ
673 1376 760 1423 τοῦ
795 1372 968 1437 κυρίου
1005 1365 1300 1429 διαπαντός.2
1380 1368 1445 1418 Οἱ
1476 1389 1567 1421 ουν
1614 1375 1764 1420 ταῦτα
1800 1364 2116 1456 ἐργασάμενοι

157 1444 344 1504 ἔνδοξοί
379 1445 469 1495 εἶσι
502 1439 634 1506 παρὰ
668 1446 734 1512 τῷ
767 1446 889 1510 θεῶ,
925 1440 1007 1491 ’καὶ
1049 1436 1145 1505 η’δη
1182 1435 1210 1489 6
1244 1436 1393 1498 τόπος
1428 1436 1590 1490 αυτῶν
1624 1436 1739 1505 μετὰ
1772 1443 1869 1490 τῶν
1904 1434 2117 1507 ἀγγέλων

158 1513 297 1575 ἐστίν,
336 1509 420 1563 ἐὰν
454 1495 823 1576 ἐπιμείνωσιν“
796 1530 886 1570 εως
920 1509 1084 1568 τέλους
1118 1512 1503 1575 λειτουργοῦντες
1537 1513 1604 1577 τῷ
1641 1509 1807 1579 κυρίω.

296 1614 485 1660 XXVIII.
547 1604 638 1657 Ἐκ
671 1605 720 1656 δὲ
745 1610 831 1656 τοῦ
853 1602 1000 1673 ὅρους
1034 1609 1121 1655 τοῦ
1146 1601 1417 1671 ἑνδεκάτου,
1457 1623 1517 1654 ου
1549 1595 1676 1669 ἦσαν
1693 1603 1879 1689 δένδρα
1911 1606 2117 1668 καρπῶν

156 1676 327 1747 πλήρη,
366 1674 526 1736 ἄλλοις
556 1675 640 1726 καὶ
674 1672 832 1734 ἄλλοις
849 1679 1067 1759 καρποῖς
1078 1647 1429 1759 κεκοσμημένας·
1463 1673 1513 1723 οἱ
1541 1671 1877 1734 πιστεύσαντες
1907 1671 2120 1723 τοιοῦτοί

158 1749 302 1799 εἰσιν·
341 1746 392 1796 οἷ
418 1741 664 1804 παθόντες
697 1741 818 1809 ὑπὲρ
854 1747 940 1792 τοῦ
978 1738 1216 1806 ὀνόματος
1251 1747 1337 1792 τοῦ
1373 1742 1487 1792 υἱοῦ
1521 1747 1606 1792 τοῦ
1631 1747 1773 1805 θεοῦ,
1810 1744 1859 1793 οι
1892 1740 1976 1792 καὶ
1985 1759 2118 1827 προ-

161 1814 340 1902 θύμως
365 1814 556 1864 ε’παθον
591 1813 638 1873 ἐξ
677 1811 794 1876 ὅλης
827 1816 915 1876 τῆς
950 1811 1154 1874 καρδίας
1187 1810 1271 1861 καὶ
1304 1810 1591 1872 παρέδωκαν
1625 1808 1711 1870 τὰς
1741 1807 1906 1876 ψυχὰς
1941 1806 2123 1860 αὐτῶν.

159 1882 259 1935 Διὰ
293 1884 340 1935 τί
374 1902 495 1944 ουν,
532 1881 679 1945 φημί,
708 1877 860 1946 κύριε,
896 1876 1054 1929 πάντα
1091 1898 1177 1943 μεν
1210 1875 1269 1928 τὰ
1305 1877 1480 1943 δένδρα
1515 1875 1733 1963 καρποὺς
1766 1879 1873 1944 ἔχει,
1909 1876 2034 1937 τινὲς
2067 1876 2120 1927 δὲ

159 1954 207 2015 ἐξ
244 1950 407 2004 αὐτῶν
438 1949 616 2016 καρποὶ
660 1946 937 2036 ἀηδέστεροί
973 1948 1122 1998 εἰσιν·
1109 1969 1122 2010 3
1156 1944 1366 2009 ’Ἀκουε,
1403 1948 1578 2034 φησίν·
1614 1945 1721 1999 όσοι
1769 1967 1886 1999 ποτε
1931 1946 2123 1996 ἔπαθον

161 2019 242 2073 διὰ
276 2018 331 2073 τὸ
368 2017 539 2087 ὄνομα,
576 2018 762 2079 ε’νδοξοί
798 2018 888 2068 εἰσι
922 2015 1054 2083 παρὰ
1084 2020 1150 2085 τῷ
1166 2021 1308 2102 θεῷ,
1343 2015 1426 2066 καὶ
1456 2012 1653 2067 πάντων
1685 2014 1869 2068 τούτων
1904 2011 2007 2066 ocl‘
1975 2035 2120 2100 αμαρ-

158 2093 257 2143 τίαι
293 2089 642 2175 ἀφηρέθησαν,
676 2085 751 2138 ὅτι
787 2086 979 2137 ε’παθον
1014 2087 1096 2136 δια
1131 2083 1184 2135 τὸ
1224 2082 1379 2150 ὄνομα
1412 2090 1500 2136 τοῦ
1536 2086 1650 2139 υἱοῦ
1685 2091 1773 2137 τοῦ
1808 2090 1950 2138 θεοῦ.
2022 2080 2122 2134 Διὰ

159 2162 205 2212 τί
241 2159 293 2211 δὲ
341 2141 391 2211 οῐ
436 2156 615 2225 καρποὶ
663 2154 826 2207 αὐτῶν
878 2155 1088 2206 ποικίλοι
1125 2155 1270 2216 εἰσίν,
1301 2153 1427 2214 τινὲς
1472 2153 1523 2205 δὲ
1571 2152 1903 2242 ὑπερέχοντες,
1957 2149 2120 2205 ἄκουε.

146 2228 318 2295 Ὀσοι,
356 2228 536 2294 φησίν,
575 2223 653 2276 ἐπ’
695 2226 920 2311 ἐξουσίαν
955 2221 1182 2290 ἀχθέντες
1217 2221 1554 2289 ἐξητάσθησαν
1588 2225 1672 2275 καὶ
1708 2223 1800 2276 οῦκ
1833 2220 2121 2290 ἠρνήσαντο,

163 2287 269 2350 ἀλλ’
311 2298 503 2349 ἔπαθον
538 2292 820 2379 προθύμως,
860 2286 996 2345 οὗτοι
1031 2298 1211 2359 μᾶλλον
1237 2290 1493 2379 ἐνδοξότερ
1496 2294 1544 2344 οί
1580 2294 1670 2345 εἰσι
1697 2291 1830 2362 παρὰ
1862 2297 1929 2344 τῶ
1954 2292 2128 2361 κυρίω.·

169 2365 365 2419 Τούτων
401 2363 428 2418 6
461 2362 647 2432 καρπός
695 2364 822 2415 ἐστιν
857 2360 888 2414 6
921 2359 1189 2429 ὑπερέχων·
1237 2360 1346 2413 όσοι
1383 2361 1435 2413 δὲ
1467 2314 1636 2414 ρδειλοὶ
1683 2362 1846 2415 καὶέν
1882 2345 2124 2445 δισταγμῶ

163 2436 380 2523 ἐγένοντο
427 2434 509 2485 καὶ
558 2434 831 2522 ἐλογίσαντο
879 2432 932 2483 έν
966 2438 1071 2491 ταῖς
1115 2433 1338 2516 καρδίαις
1389 2429 1550 2483 αὐτῶν
1595 2430 1800 2512 πότερον
1834 2428 2126 2516 ἀρνήσονται

160 2503 194 2570 ἢ
231 2502 611 2587 ὄμολογησουσι,
661 2500 742 2551 καὶ
778 2502 996 2562 ε’παθον,
1045 2497 1228 2551 τούτων
1276 2502 1327 2551 οἷ
1358 2502 1537 2586 καρποὶ
1587 2496 1815 2562 ἐλαττους
1862 2502 2010 2562 εἰσίν,
2050 2519 2123 2550 οτι

163 2572 312 2639 ἀνέβη
363 2572 443 2623 ἐπὶ
475 2567 564 2635 τὴν
611 2571 817 2653 καρδίαν
871 2567 1030 2619 αὐτῶν
1062 2589 1095 2633 η
1131 2567 1284 2634 βουλὴ
1332 2567 1478 2656 αῦτη’
1528 2568 1721 2658 πονηρὰ
1738 2568 1854 2656 γὰρ
1901 2591 1934 2634 η
1970 2565 2123 2633 βουλὴ

164 2640 286 2708 αῦτη
320 2641 404 2692 ’ἵνα
441 2641 615 2700 δοῦλος
628 2636 824 2724 κύριον
850 2638 980 2688 ἰ’διον
1011 2635 1291 2722 ἀρνήσηται.
1363 2637 1567 2689 Βλέπετε
1600 2633 1691 2690 ουν
1719 2635 1859 2704 ὑμεῖς
1894 2638 1945 2688 οἷ
1973 2640 2125 2687 ταῦτα

163 2707 536 2798 βουλευόμενοι,
574 2705 757 2774 μήποτε
789 2728 821 2772 η
858 2703 1012 2773 βουλὴ
1046 2703 1169 2771 αύτη
1207 2707 1456 2789 διαμείνη
1475 2706 1528 2757 ἐν
1571 2713 1678 2768 ταῖς
1713 2707 1934 2774 καρδίαις
1968 2702 2122 2770 ὑμῶν,

165 2781 247 2833 καὶ
283 2778 613 2843 ἀποθανῆσθε
660 2778 713 2827 έν
759 2781 826 2846 τῷ
861 2780 987 2843 θεῷ·
1038 2772 1177 2840 ὑμεῖς
1213 2773 1265 2825 δε
1310 2776 1360 2825 οἷ
1390 2772 1650 2862 πάσχοντες
1695 2775 1856 2827 ενεκεν
1890 2779 1976 2826 τοῦ
2014 2771 2124 2826 ὀνό-

165 2870 314 2939 ματος
348 2844 609 2912 δοξ[ἀζειν]
650 2828 864 2910 ὀφείλετε
900 2845 986 2896 τὸν
1021 2841 1180 2906 θεόν,
1215 2842 1290 2895 ὅτι
1326 2842 1492 2906 ἀξίους
1529 2842 1658 2910 ὖμᾶς
1691 2841 1905 2913 ηγήσατο
1942 2840 1970 2894 6
2004 2840 2127 2904 θεὸς

166 2920 248 2970 ἵνα
282 2914 457 2979 τούτου
489 2913 545 2967 τὸ
582 2912 735 2981 ὄνομα
768 2911 1027 3000 βαστᾶζητε
1072 2933 1154 2963 και
1189 2918 1340 2963 πᾶσαι
1375 2911 1514 2979 ὑμῶν
1549 2914 1603 2964 αἱ
1637 2912 1864 3001 ἁμαρτίαι
1901 2914 2126 2964 ἰαθῶσιν.

169 2985 410 3071 [Οὐκοῦν
428 2990 610 3069 μᾶλλον
642 2985 945 3070 μακα]ρίζετε
980 2978 1206 3045 ἑαυτούς,-
1235 2979 1382 3033 ’Ama
1416 2985 1596 3034 δοκεῖτε
1618 2983 1765 3067 ἔργον
1791 2982 1910 3050 μέγα
1929 3001 2126 3046 πεποιη-

165 3057 317 3119 κέναι,
354 3052 441 3107 ἐάν
470 3074 542 3115 τις
578 3051 715 3120 ὑμῶν
748 3050 829 3103 διὰ
862 3050 948 3103 τὸν
979 3047 1102 3103 θεὸν
1128 3049 1296 3122 πάθη·
1335 3049 1459 3117 ζωὴν
1491 3048 1606 3118 ὖμῖν
1641 3051 1670 3104 6
1704 3049 1871 3119 κύριος
1895 3051 2128 3134 χαρίζεται

166 3126 250 3177 καὶ
283 3123 343 3177 οὗ
379 3127 603 3188 νοεῖ[τε]·
642 3124 697 3174 αἱ
726 3118 817 3207 γὰρ
852 3120 1078 3189 ἁμαρτίαι
1108 3119 1246 3186 ὑμῶν
1273 3118 1618 3207 κατεβάρησαν,
1654 3121 1738 3174 καὶ
1773 3121 1818 3171 εἰ
1851 3117 1915 3185 μὴ
1951 3115 2128 3171 πεπόν-

168 3202 289 3246 θατε
324 3194 485 3245 ενεκεν
521 3197 607 3243 τοῦ
657 3190 907 3276 ὀνόματος
928 3191 1126 3257 κυρίου,
1164 3188 1246 3241 διὰ
1282 3189 1366 3251 τὰς
1403 3188 1634 3273 ἆμαρτίας
1676 3187 1816 3256 υμῶν
1829 3185 2128 3274 τεθνηκειτε

265 3306 274 3315 .
312 3264 341 3315 ‚¹
377 3267 443 3332 τῷ
479 3266 599 3331 θεῷ.
678 3265 840 3311 Ταῦτα
874 3257 990 3326 ύμῖν
1035 3258 1154 3327 λέγω
1202 3264 1303 3319 τοῖς
1352 3257 1622 3321 διστάζουσι
1670 3258 1779 3326 περὶ
1815 3253 2058 3325 ἀρνησεως
2093 3278 2125 3322 η

254 3402 322 3456 4)
329 3403 369 3442 in
400 3403 490 3445 cod.
522 3401 750 3442 distinctum
781 3406 841 3440 est
869 3405 963 3451 post
985 3398 1112 3439 κολο-
1265 3399 1359 3450 Cap.
1394 3399 1540 3439 XXVII.
1605 3396 1646 3445 1)
1669 3395 1722 3439 οὖ
1754 3396 1912 3436 minime
1948 3395 2060 3436 deest
2087 3394 2126 3435 in

169 3457 240 3509 βοὶ
269 3455 1358 3504 013101.ood.‚ut
1389 3454 1451 3494 ed.
1482 3465 1542 3504 pr.
1577 3453 1672 3492 vult.
2093 3446 2099 3451 '

1263 3510 1308 3558 2)
1339 3503 1624 3554 διαπαντός;
1649 3507 1704 3547 ita
1736 3506 1827 3548 eod.
2128 3530 2130 3533 -

256 3567 299 3620 5)
331 3569 420 3609 eod.
459 3565 819 3632 διαφθείρουσι,
867 3578 989 3618 super
1017 3574 1120 3606 ουσι
1239 3564 1360 3628 Cap
1378 3563 1541 3604 XXVIII.
1604 3562 1644 3614 1)
1675 3575 1750 3614 pro
1783 3561 1914 3613 spatio
1947 3561 2008 3602 vix
2033 3561 2126 3602 licet

170 3622 303 3678 posito
334 3636 385 3673 ει,
414 3630 459 3664 ut
486 3623 564 3663 iam
599 3622 652 3664 sit
680 3620 968 3680 διαφθείρει.
1184 3613 1373 3665 πάντως
1402 3617 1622 3670 coniicere;
1658 3618 1719 3659 vix
1751 3617 1855 3659 enim
1884 3617 2045 3658 sufficit.

2329 346 2340 476 n—.....
