2340 3900
648 134 982 185 marmiun
1020 135 1068 180 S.
1104 136 1326 184 lGNATll.
1378 137 1485 184 Vlll.
1527 137 1598 184 lx.
1636 138 1686 184 X.
2053 135 2153 187 357

183 280 286 340 lpse
321 283 482 325 autem·
506 288 609 329 um
643 279 736 322 tota
773 279 909 320 nocte
944 273 1066 334 apud
1099 287 1152 320 se
1188 276 1461 336 cogitasset,
1508 284 1706 338 quonam
1751 275 1890 323 modo
1940 289 2044 323 eum
2081 276 2147 322 ul·

183 348 439 395 cisceretur
479 358 567 407 pro
599 342 802 398 meritis,
851 348 899 389 et
941 355 1139 402 quonam
1187 345 1324 391 modo
1375 360 1399 391 c
1437 346 1667 406 praesenti
1714 345 1803 391 vita
1852 343 2146 401 subduceret,

181 418 339 463 statuit
371 414 495 463 illum
529 412 640 465 feris
673 410 853 458 tradere
888 410 1223 467 devoraudmn‚
1261 419 1311 459 ut
1349 413 1589 461 dilaniatus
1636 412 1693 460 ab
1746 414 1814 461 eis
1849 412 2045 462 Sanctus
2081 413 2146 460 in·

182 486 355 532 teriret.
421 482 555 528 Visus
590 486 663 527 est
696 480 818 527 enim
839 478 1107 541 Imperatori
1144 480 1219 526 hic
1254 482 1414 528 mortis
1450 482 1614 529 modus
1651 482 1789 543 longe
1837 483 2149 544 gravissimus·

181 554 290 600 Cum
332 552 453 597 banc
498 563 597 597 rem
645 563 756 611 ergo
801 548 985 595 Senatui
1035 554 1186 595 maue‘
1214 551 1620 607 communicasset,
1680 552 1767 613 ipsi
1817 565 2001 613 quoque
2047 552 2148 598 eius

178 621 364 683 quidem
396 618 640 666 laudarunt
672 617 972 675 sententiam3
1007 617 1091 664 sed
1129 618 1470 675 consuluerunt,
1507 634 1564 666 ne
1602 620 1716 667 baec
1752 620 1911 667 bestiis
1948 620 2146 667 obiectio

177 689 311 738 fieret
341 687 633 734 Antiochiae:
682 686 765 743 Ne,
799 686 994 742 aiebant,
1033 687 1101 732 sic
1136 687 1279 748 magis
1316 687 1622 735 desideratum
1659 695 1704 735 ct
1739 688 1990 750 gloriosum
2024 688 2146 751 apud

174 771 286 805 suos
322 757 445 804 cives
481 756 727 804 reddamus
762 754 997 817 lgnafium,
1033 755 1238 817 martyrii
1274 756 1486 802 nimirum
1525 756 1614 803 fine
1651 771 1676 804 c
1712 758 1802 803 vita
1838 758 2147 806 excedentem.

173 825 474 883 Quamobrem
512 825 727 872 dicebant
761 830 978 886 oportere
1015 838 1119 871 eum
1139 824 1328 871 Romam
1366 824 1533 871 abduci
1569 826 1780 883 vinctum,
1819 833 1866 873 et
1901 826 1992 873 illic
2027 826 2146 874 tradi

173 895 348 943 bestiis.
397 892 476 941 Sic
500 895 622 941 enim
644 901 692 942 et
711 893 970 956 prolixitate
995 892 1173 940 itineris
1199 894 1380 955 gravius
1406 893 1581 940 subibit
1608 894 1897 955 supplicium,
1920 895 2144 957 simulque

172 964 385 1012 Romanis
439 964 650 1025 quisnam
685 964 750 1010 sit
795 962 1114 1024 ignorantibus
1169 963 1399 1010 videbitur
1448 976 1554 1009 esse
1603 970 1869 1024 peremptus
1918 972 2144 1026 tamquam

172 1048 291 1081 unus
328 1048 385 1082 ex
418 1032 667 1089 maleficis,
717 1039 854 1079 etue
901 1031 1087 1078 minima
1141 1032 1328 1094 quidem
1376 1033 1466 1080 erit
1513 1038 1675 1093 postea
1719 1033 1818 1079 eius
1869 1034 1989 1094 apud
2041 1032 2147 1079 illos

173 1117 407 1151 memoria.

247 1282 250 1284 v
313 1227 386 1275 IX.
456 1228 569 1275 Cum
613 1227 703 1275 boc
752 1240 864 1288 ergo
910 1225 1162 1288 placuisset
1207 1234 1255 1274 et
1305 1227 1349 1273 in
1399 1227 1548 1289 ipsum
1598 1226 1685 1273 lata
1734 1226 1900 1274 suisset
1934 1226 2146 1288 protinus

173 1298 426 1354 sententia,
474 1297 726 1359 Imperator
762 1295 886 1342 illum
921 1309 1082 1342 rursus
1121 1296 1336 1357 producit
1365 1310 1391 1343 e
1428 1296 1663 1352 custodia,
1708 1295 1800 1342 boc
1835 1296 1932 1342 eius
1969 1300 2146 1356 postre-

173 1381 295 1414 mum
332 1367 505 1414 faciens
540 1365 808 1428 periculum.
877 1363 932 1410 Et
975 1365 1124 1424 primo
1172 1366 1356 1425 quidem
1403 1365 1594 1411 multum
1642 1364 1868 1411 bonorum
1905 1363 2145 1423 promissis

174 1436 388 1484 athletam
422 1434 670 1483 deliniebat
702 1447 755 1480 ac
792 1431 1107 1489 demulcebat3
1146 1432 1311 1480 deinde
1349 1434 1484 1479 etiam
1521 1447 1684 1479 rursus
1722 1431 1855 1477 minis
1891 1430 2035 1492 magis
2058 1436 2146 1476 ter-

173 1507 329 1557 ritans.
397 1505 643 1565 Postquam
691 1509 842 1550 autem
885 1515 991 1548 eum
1027 1502 1139 1548 vidit
1173 1516 1260 1548 nec
1297 1502 1462 1548 cedere
1500 1500 1764 1563 promissiS,
1814 1513 1964 1561 neque
2002 1499 2145 1546 minas

171 1574 444 1630 formidare,
494 1572 748 1636 desperans
799 1572 985 1618 omnino
1033 1570 1134 1617 l'ore
1193 1577 1244 1617 ut
1277 1576 1558 1627 mutaretur,
1606 1570 1663 1616 ad
1716 1568 1922 1616 effectum
1963 1569 2148 1616 deduxit

170 1657 226 1691 ea
282 1657 398 1704 qnae
446 1642 717 1689 denunciata
762 1639 956 1688 fuerant.
1039 1639 1094 1686 Et
1141 1653 1244 1687 cum
1290 1640 1504 1687 iussisset
1550 1638 1784 1701 prioribus
1843 1638 2052 1699 graviora
2103 1638 2146 1684 ei

168 1713 342 1774 inponi
383 1711 586 1769 vincula,
647 1710 786 1758 tradit
825 1709 1006 1757 cohorti
1058 1709 1246 1756 militari
1313 1715 1360 1756 et
1405 1709 1543 1756 mittit
1591 1708 1805 1764 Romam,
1842 1706 2146 1769 praecipienS,

170 1795 272 1830 cnm
304 1781 564 1829 advenisset
597 1779 774 1828 civibus
823 1779 922 1826 dies
960 1779 1103 1826 festus
1140 1779 1352 1840 publicae
1401 1778 1679 1825 celebritatis
1730 1775 2037 1837 ludorumque
2076 1791 2146 1822 so·

169 1850 399 1908 bmnium,
436 1865 541 1898 enm
574 1849 693 1898 tradi
726 1849 888 1897 bestiis
921 1849 979 1895 ad
1014 1862 1299 1896 communem
1336 1848 1499 1895 theatri
1534 1847 1907 1902 delectationem,
1955 1851 2006 1891 ut
2040 1858 2146 1891 con-

167 1921 403 1967 venienter
437 1921 496 1976 ci,
529 1920 656 1981 quod
691 1919 803 1966 dixit
837 1918 1017 1965 divinus
1053 1917 1217 1964 Paulus
1237 1953 1248 1974 ‚
1289 1919 1388 1978 ipse
1428 1930 1613 1977 quoque
1648 1914 1783 1962 fieret
1818 1914 2146 1976 ,spectaculum

173 1990 359 2046 mundo,
394 1996 443 2035 et
474 1989 672 2051 angelis,
708 1994 755 2034 et
790 1983 1080 2034 bominibus}

310 2113 362 2160 Χ.
431 2111 602 2175 llartyr
636 2126 748 2174 ergo
794 2124 897 2158 cum
928 2109 1129 2157 ultimam
1166 2108 1284 2156 illam
1318 2110 1574 2171 accepisset
1614 2107 1911 2163 sententiam,
1961 2107 2146 2168 Deoque

172 2182 374 2231 clamore
409 2195 599 2244 magno,
635 2188 687 2228 ut
722 2186 1076 2229 cousentaneum
1114 2186 1236 2235 erat,
1285 2180 1455 2240 egisset
1490 2179 1684 2239 gratias,
1734 2191 1838 2223 cum
1875 2189 2035 2236 magna
2070 2190 2145 2222 vo·

171 2251 342 2314 luptate
377 2258 424 2299 et
467 2250 636 2298 laetitia
672 2248 761 2297 sibi
796 2249 988 2311 imponit
1023 2247 1215 2295 vincula.
1289 2248 1344 2294 Et
1382 2248 1634 2310 lmperator
1679 2246 1863 2308 quidem
1913 2245 2147 2305 egreditur

171 2328 330 2368 eontra
366 2319 530 2368 Persas
566 2333 671 2367 cum
706 2331 792 2366 zuo
829 2318 1045 2365 exercitu.
1115 2316 1420 2377 Theopliorus
1456 2323 1607 2363 autem
1643 2315 1722 2361 ubi
1758 2313 1980 2361 ecclesiae
2018 2313 2147 2375 prius

170 2390 288 2437 bene
325 2396 398 2437 eat
426 2395 641 2451 precatus
677 2394 726 2435 et
758 2400 945 2449 gregem
982 2399 1114 2432 suum
1151 2384 1244 2432 Deo
1282 2385 1615 2431 commendavit
1650 2398 1752 2431 cum
1790 2382 2020 2439 lacrimis,
2053 2382 2146 2428 vin-

172 2465 274 2506 ctus
309 2455 805 2520 sequebatnr'militea.
878 2454 1050 2503 Deinde
1097 2455 1166 2500 sic
1203 2453 1455 2501 Seleuciam
1503 2467 1596 2499 non
1633 2459 1878 2507 cunctans,
1924 2464 2017 2497 non
2055 2451 2147 2496 ani·

169 2542 293 2575 mum
330 2526 639 2589 despondens,
676 2539 768 2572 non
806 2538 856 2571 se
893 2523 1065 2586 aliquid
1103 2536 1239 2584 grave
1277 2524 1462 2569 omnino
1499 2523 1593 2584 pati
1629 2535 1738 2584 prae
1777 2535 1827 2568 sc
1858 2520 2024 2576 serenS,
2064 2519 2147 2565 sed

171 2594 399 2644 alacribus
445 2596 568 2643 venit
614 2593 834 2657 pedibus,
886 2600 934 2641 et
981 2607 1003 2639 a
1042 2591 1259 2639 militibus
1298 2593 1343 2639 in
1381 2606 1539 2639 navem
1578 2591 1833 2638 immittitur
1870 2595 2007 2650 atque
2045 2602 2148 2635 cum

172 2666 241 2715 eis
277 2664 463 2728 appellit
497 2663 749 2726 Smyrnam.
808 2662 891 2710 nic
926 2662 1090 2709 salutat
1127 2661 1429 2723 Polycarpum
1467 2661 1664 2708 divinum
1702 2658 1973 2722 apostolum,
2012 2671 2148 2718 quem

172 2733 440 2796 Smyr-nenti
486 2732 745 2796 praefuisse
790 2731 1042 2787 ecclesiae,
1094 2744 1198 2776 cum
1246 2729 1406 2791 Ignatii
1444 2730 1607 2777 suisset
1641 2727 2012 2788 condiscipulus,
2061 2727 2147 2772 iam

173 2803 387 2865 superius
432 2802 627 2851 diximus
670 2815 725 2850 ac
773 2800 1119 2850 declaravimus.
1203 2798 1317 2845 Eum
1363 2813 1474 2860 ergo
1522 2799 1707 2855 salutat,
1764 2796 1964 2858 glorians
2010 2801 2147 2854 atque

175 2869 380 2933 gaudena
436 2870 494 2918 de
548 2868 756 2919 vinculis.
838 2869 955 2928 Quid
1003 2868 1123 2915 enim
1155 2868 1214 2915 ·ei
1265 2874 1446 2930 poterat
1505 2881 1610 2914 esse
1656 2865 1817 2913 maiori
1863 2868 2146 2918 ornamento,

175 2952 310 3001 quam
344 2938 521 3001 adspici
556 2935 772 3001 patipro
808 2936 1015 2992 Domino,
1054 2936 1133 2999 qui
1170 2950 1275 2983 cum
1311 2938 1379 2984 sic
1414 2935 1667 2984 dilexerat?
1708 2932 1876 2980 Deinde
1905 2937 2146 2991 postquam

176 3007 370 3069 reliquie
404 3006 644 3071 Episcopi·
679 3013 727 3054 et
761 3003 1050 3069 Presbyteri·
1098 3011 1144 3051 et
1180 3004 1392 3053 Diaconis
1443 3005 1721 3053 reddidisset
1768 3001 1983 3047 decentes
2031 2997 2145 3044 salu·

175 3077 370 3124 tationes
417 3073 652 3138 (quoniam
700 3074 828 3123 multi
880 3071 1218 3121 concurrebant
1265 3089 1321 3122 ex
1370 3074 1578 3123 ecclesiis
1617 3073 1750 3119 Asiae
1797 3076 1843 3116 et
1890 3066 2145 3114 civitatibus

260 3212 307 3258 5)
340 3207 653 3253 παντάπασιν
681 3207 727 3250 Ν.
1271 3206 1317 3259 3)
1346 3206 1401 3247 lta
1432 3206 1508 3247 ΑΕ
1525 3206 1555 3247 Ν
1587 3218 1626 3258 p.
1650 3204 1716 3258 τῷ
1747 3202 1845 3257 θεῷ
1870 3197 2148 3257 παραθέμε-

262 3267 309 3319 6)
334 3264 644 3324 ἔψηφισμένα
672 3263 744 3305 ΑΕ
762 3262 791 3304 Ν
825 3268 865 3303 et
880 3262 938 3303 ΑΙ.
960 3274 1023 3314 ap.
1041 3260 1129 3300 Cot.
1189 3273 1270 3309 νος
1299 3260 1403 3313 vulg.

260 3321 309 3375 7)
336 3322 393 3363 lta
434 3323 482 3372 Α,
528 3328 570 3363 et
595 3321 650 3361 ita
689 3318 848 3360 invenio
898 3330 962 3371 ap.
993 3316 1131 3358 Peter·
1273 3317 1318 3372 4)
1348 3316 1406 3358 ΑΙ.
1436 3316 1749 3372 σκυθρωπῶν.
1780 3311 1868 3353 Cot.

180 3390 388 3429 mannum
417 3375 674 3430 ἱνδοθῆναι
706 3376 780 3416 ΕΝ
814 3374 917 3425 vulg.
1274 3374 1319 3425 5)
1350 3373 1390 3413 ln
1423 3373 1454 3414 Ν
1484 3385 1599 3413 mann
1633 3384 1714 3410 sec.
1734 3366 1797 3416 ὥς
1827 3379 1949 3422 supra
1968 3365 2145 3408 additum

266 3434 311 3483 8)
344 3433 471 3475 lCor.
499 3434 542 3484 4,
560 3433 603 3475 9.
1193 3437 1283 3469 acite
1316 3426 1546 3485 ἀνωτέρω.

265 3489 364 3543 Cap.
392 3489 437 3531 Χ.
499 3489 541 3542 l)
572 3488 686 3532 Ordo
705 3500 827 3529 «occ.
879 3487 919 3528 in
955 3487 985 3528 Ε
1017 3483 1136 3529 em-
1280 3486 1324 3535 6)
1355 3479 1559 3536 ἐδήλωσε
1588 3483 1614 3522 Α
1636 3482 1664 3521 Ε
1685 3481 1729 3522 Ν.

183 3558 268 3599 νην
297 3541 563 3600 ἀπόφασιν.
1278 3540 1325 3591 7)
1359 3533 1708 3596 σεμνηνόμενος
1740 3532 1834 3580 ὑπὸ
1870 3534 1915 3575 Ε.

264 3602 311 3646 2)
339 3596 571 3658 δάκρυσιν
597 3600 647 3642 κ.
901 3618 910 3627 ·
1282 3597 1327 3644 s)
1360 3592 1479 3637 noio
1511 3594 1560 3636 Ν.
