2340 3900
251 200 343 249 134
449 198 652 247 IGNATII
688 196 954 244 EPlSTOLA
992 194 1060 239 AD
1098 192 1381 239 EPHESIOS.
1419 193 1504 239 XV.
1541 193 1646 238 XVI.
1685 193 1807 238 XVII.
1845 192 1989 238 XVIII.

245 332 454 420 ἐγένετο·
493 328 592 378 καῖ*
626 326 656 377 ἃ
693 331 838 413 σιγῶν
873 323 926 375 δὲ
959 324 1232 410 πεποίηκεν,
1269 322 1379 386 αξια
1413 329 1500 376 τοῦ
1536 320 1747 409 πατρός
1753 323 1893 377 ἔστιν.
1964 319 2021 373 Ὁ
2055 320 2199 390 λόγον

245 400 406 466 Ἰησοῦ
440 396 724 485 κεκτημένος
753 393 952 481 ἀληθῶς
987 390 1188 445 δύναται
1220 394 1303 445 καὶ
1334 398 1420 460 τῆς
1453 391 1689 479 ἡσυχίας
1691 389 1840 442 αὐτοῦ
1875 387 2086 454 ἀκούειν,
2116 392 2200 443 ’ἵνα

253 469 425 526 τέλειος
468 458 526 535 ᾗ,
579 465 660 516 ι’να
727 461 792 515 δι’
849 483 918 514 ων
967 468 1101 514 λαλεῖ
1144 460 1353 551 πράσσῃ5
1368 503 1381 526 ,
1417 463 1501 514 καὶ
1537 460 1606 512 δι’
1651 463 1720 512 ὡν
1753 464 1862 530 σιγᾷ
1897 476 2198 547 γινωσκηται.

260 534 416 588 Οὐδὲν
461 532 695 590 λανθάνει
739 530 823 584 τὸν
869 528 1062 600 κύριον,
1100 529 1216 584 ἀλλὰ
1250 534 1331 584 καὶ
1367 530 1424 582 τὰ
1452 529 1646 618 κρυπτὰ
1695 527 1833 595 ἡμων
1880 526 2019 597 ἔγγὺς
2066 527 2196 616 αςῦτῷ

254 606 394 657 ἐστίν.
470 600 641 654 Πάντα
677 594 766 654 οὖν
800 606 1029 687 ποιῶμεν,
1065 597 1130 663 ὥς
1165 598 1315 653 αὐτοῦ
1352 602 1403 652 ἐν
1433 598 1549 686 ἡμῖν
1584 604 1937 661 κατοικοῦντος,
1965 599 2047 649 ’ἵνα
2072 619 2200 666 ωμεν

253 673 407 726 αὐτοῦ
452 673 586 738 ναοὶ,
636 672 719 724 καὶ
767 668 914 731 αὐτὸς
959 672 1010 757 ᾐ
1044 669 1094 722 ἒν
1139 668 1256 737 ἡμῖν
1298 667 1420 731 Θεὸς
1467 667 1628 755 ἡμῶν·
1665 667 1783 734 όπερ
1820 667 1901 718 καὶ
1938 666 2083 718 ε’στιν6
2119 667 2203 719 καὶ

253 758 519 809 φανησεται
552 739 645 811 πρὸ
681 738 940 810 προσώπου
976 736 1140 807 ἡμῶν·
1179 740 1226 802 ἑξ
1261 760 1330 791 ων
1367 741 1566 799 δικαίως
1602 735 1861 805 ἀγαπῶμεν
1897 733 2059 789 αὐτόν.

253 889 359 935 XVI.

395 974 489 1044 Μη
535 981 813 1038 πλανᾶσθε,
860 971 1062 1061 ἀδελφοί
1108 994 1216 1041 μου.

254 1047 312 1100 οὗ
359 1045 814 1131 κληρονομήσουσιν.

435 889 527 946 Qui
563 888 700 947 fidem
733 886 869 946 falsis
905 886 1122 932 doctrinis
1159 890 1466 944 corrumpunt,
1502 885 1552 928 ιἰι
1586 884 1738 942 iynem
1776 889 2018 929 aeternum
2051 885 2202 930 ibunt.

1298 975 1363 1024 Οί
1407 968 1718 1039 uinoq>196oot¹
1771 973 2019 1037 βασιλείαν
2072 975 2199 1024 Θεοῦ

885 1044 955 1094 Εἰ
997 1036 1084 1095 οὖν
1134 1044 1183 1095 οἷ
1227 1040 1346 1094 κατὰ
1391 1040 1543 1110 σάρκα
1578 1046 1728 1092 ταῦτα
1762 1039 2055 1110 πράσσοντες
2091 1039 2203 1094 ἀπέ-

255 1125 437 1179 θανον,
483 1114 621 1204 πόσῳ
676 1119 878 1180 μᾶλλον,
931 1109 1013 1164 ε’άν
1070 1113 1204 1177 [τις]2
1254 1114 1415 1163 πίστιν
1465 1113 1590 1162 Θεοῦ
1641 1111 1693 1162 ἐν
1741 1116 1869 1183 κακῇ
1920 1113 2204 1183 διδασκαλία

255 1187 463 1270 φθείρῃ,
505 1184 625 1252 ὑπὲρ
659 1206 743 1270 ης
748 1181 935 1249 Ἰησοῦς
974 1179 1182 1269 Χριστὸς
1228 1177 1539 1267 εσταυρωθη,
1590 1178 1646 1231 O
1685 1186 1970 1276 τοιοῦτοπςῃ·3
1982 1163 2205 1269 ῥυπαρὸς

253 1252 530 1342 γενόμενος,
585 1256 652 1315 εἰς
695 1251 750 1305 τὸ
801 1257 899 1320 πῦρ
944 1249 997 1303 τὸ
1046 1249 1274 1318 ασβεστον
1323 1247 1554 1318 χωρήσει,
1593 1247 1769 1316 ὁμοιως
1805 1271 1887 1302 και
1923 1250 1970 1302 0³
2008 1271 2203 1303 ακουων

258 1322 422 1376 αὐτοῦ.

606 1437 735 1486 XVII

394 1527 493 1580 Διὰ
525 1533 666 1579 τοῦτο
704 1524 856 1615 μύρον
892 1527 1059 1592 ἐλαβεν
1095 1525 1173 1577 ἐπὶ
1207 1532 1294 1612 τῆς
1341 1531 1557 1592 κεφαλῆς
1602 1524 1752 1578 αὐτοῦ

1145 1592 1239 1661 Μὴ
1278 1593 1537 1659 ἀλείφεσθε
1571 1597 1815 1648 δυσωδίαν
1847 1602 1934 1662 τῆς
1985 1598 2208 1649 διδασκα-

255 1599 377 1671 πνὲῃ
412 1605 470 1671 τῇ
507 1598 735 1667 ἐκκλησία
768 1595 1070 1662 ἀφθαρσίαν.

814 1439 974 1485 Cavete
1011 1453 1040 1483 a
1076 1438 1212 1498 salsis
1243 1437 1577 1483 haereticorum
1615 1438 1848 1484 doctrinis.

1822 1523 1837 1543 ,-

1807 1547 1834 1578 o
1882 1522 2078 1595 κύριος,
2124 1526 2208 1578 ινα

256 1652 362 1730 λίας
409 1673 495 1720 τοῦ
545 1664 771 1735 ἄρχοντος
814 1671 902 1717 τοῦ
945 1667 1134 1754 αἰῶνος,
1178 1662 1376 1716 τούτου·
1413 1663 1493 1750 μὴ
1516 1667 1834 1749 αἰχμαλωτίσῃ
1871 1664 1998 1734 υμᾶς
2033 1666 2087 1717 ἐκ
2121 1671 2208 1718 τοῦ

256 1739 572 1804 προκειμένου
607 1740 706 1801 ζην.

778 1732 875 1786 Διὰ
912 1736 957 1785 τί
991 1733 1044 1785 δὲ
1079 1754 1138 1786 ου
1172 1754 1348 1795 παντες
1394 1731 1635 1822 φρόνιμοι
1669 1718 1931 1822 γινόμεθα,
1981 1732 2211 1801 λαβόντες

263 1810 389 1859 Θεοῦ
414 1811 603 1891 γνῶσιν,
642 1803 669 1855 ό
692 1806 818 1856 ἐστιν
846 1802 1035 1870 Ἰησοῦς
1063 1801 1296 1889 Χριστος,
1341 1805 1398 1854 Τί
1414 1809 1586 1888 μωρῶς
1611 1802 1939 1873 ἀπολλύμεθα,
1980 1802 2207 1874 ἀγνοοῦν-

255 1896 331 1936 τες
366 1895 420 1926 το
457 1873 685 1942 χάρισμα,
725 1872 752 1925 ὃ
787 1871 1040 1939 πέπομφεν
1075 1869 1279 1938 ἀληθῶς
1314 1870 1343 1923 6
1378 1869 1569 1940 κύριος;

496 2003 647 2052 XVIII
721 2003 883 2050 Gloria
921 2018 971 2049 cr
972 2004 1085 2049 ucis.

1160 2003 1328 2049 Christi
1368 2005 1591 2050 nativitas
1629 2012 1669 2051 et
1705 2008 1970 2067 baptismus

396 2093 681 2160 ΠερίψημαῙ
730 2089 784 2143 τὸ
835 2089 950 2159 ἐμὸν
997 2097 1187 2158 πνεῦμα
1244 2098 1329 2143 τοῦ
1363 2098 1622 2181 σταυροῦ,
1668 2092 1696 2145 ό
1743 2094 1871 2147 ἐστιν
1919 2093 2210 2147 σκάνδαλον2

254 2171 356 2226 τοῖς
408 2161 716 2225 ἀπιστοῦσιν,
764 2159 901 2228 ἡμῖν3
947 2160 998 2212 δὲ
1042 2163 1250 2230 σωτηρία
1298 2162 1380 2213 καὶ
1429 2161 1522 2230 ζωὴ
1572 2160 1782 2226 αἰώνιος.

341 2304 384 2356 4)
416 2305 557 2344 Partic.
588 2302 663 2344 και
679 2302 924 2342 Iacobsonus
959 2301 1131 2341 restituit
1161 2314 1204 2341 ex

260 2362 302 2401 L.
343 2361 571 2410 Agnoscunt
611 2371 697 2398 eam
743 2357 840 2397 Cod.
874 2356 901 2396 C
933 2358 1005 2397 Int.
1048 2363 1124 2397 vet.
1168 2364 1206 2397 et

257 2418 361 2456 Arm.
393 2415 589 2456 Smithus:
628 2413 806 2453 Christus
830 2412 890 2451 sui
907 2413 1033 2464 ipsius
1054 2413 1204 2462 gloriae

258 2485 331 2523 per
340 2471 561 2512 universam
583 2469 713 2518 vitam,
730 2469 846 2508 etiam
866 2468 1025 2520 quando
1041 2469 1206 2508 maxime

258 2528 357 2567 mira
396 2533 434 2567 et
476 2526 606 2565 divina
648 2524 837 2563 missione
876 2537 1043 2575 prorsus
1087 2525 1204 2574 digna

257 2582 549 2635 praestitisset,
594 2593 673 2620 non
706 2579 924 2619 velificatus
956 2586 1037 2629 est,
1066 2586 1204 2631 utpote

260 2639 308 2678 ab
339 2639 445 2678 omni
476 2636 740 2677 ostentatione
768 2648 926 2675 vacuus.

342 2695 385 2744 5)
415 2695 472 2733 Ita
494 2693 555 2733 ed.
565 2691 742 2739 Vossius,
764 2690 875 2742 λαλῆ
893 2686 1097 2747 πράσσει
1118 2691 1203 2731 CI.

346 2751 388 2800 6)
423 2746 786 2796 Csr.110ann.3‚
819 2747 856 2786 2.

341 2805 436 2857 Cap.
469 2804 560 2844 XVI.
621 2803 661 2853 1)
693 2803 741 2841 Et
769 2802 954 2842 Vedelius
994 2802 1110 2841 veitit
1137 2805 1205 2854 fa-

255 2863 451 2902 miliarum
480 2863 728 2911 corruptores.
777 2857 924 2897 Contra
944 2858 1199 2908 Hilgenfeldii

259 2918 489 2969 opinionem
532 2915 589 2967 (d.
631 2913 803 2966 apostol
851 2914 965 2953 Vater
1003 2926 1042 2964 p
1079 2914 1200 2966 192.,)

258 2974 319 3024 agi
350 2973 388 3012 h.
419 2972 444 3012 l.
479 2971 527 3011 de
566 2972 761 3011 fatuarum
802 2969 1072 3009 doctrinarum
1102 2983 1203 3021 pro-

256 3028 535 3082 pagatoribuS,
583 3038 751 3079 quorum
796 3037 918 3076 opera
948 3025 1020 3065 Dei
1062 3026 1202 3066 domus

257 3083 559 3137 pessumdetur,
598 3087 704 3122 totus
735 3080 878 3120 clamat
919 3081 1202 3121 sententiarum

257 3152 392 3180 nexus,
453 3139 484 3179 li
511 3139 646 3203 potius
687 3137 735 3177 ab
767 3137 918 3187 Ignatio
952 3137 1202 3188 denotantur,

256 3196 296 3236 in
328 3208 428 3247 quos
457 3195 649 3248 scriptum
678 3199 739 3233 est
769 3193 809 3232 in
839 3193 1007 3232 Hermae
1039 3194 1204 3233 Pastore

257 3251 371 3302 (Sim.
383 3249 515 3302 5‚7.):
546 3251 609 3300 ,Et
630 3261 777 3301 corpus
802 3248 878 3288 hoc
908 3254 1015 3288 tuum
1047 3248 1204 3289 custodi

257 3307 446 3347 mundum
480 3313 598 3359 atque
633 3317 797 3357 purum,
834 3310 877 3344 ut
918 3304 1081 3355 spiritus
1121 3304 1204 3354 ille,

259 3363 326 3415 qui
363 3362 641 3403 inhabitaverit
667 3361 708 3400 in
739 3373 810 3411 eo,
843 3360 1111 3400 testimonium
1140 3372 1206 3400 re-

259 3420 359 3458 serat
386 3418 459 3468 illi,
491 3425 528 3459 et
556 3425 686 3458 tecum
716 3417 838 3456 fuisse
868 3415 1076 3456 iudicetur.
1134 3417 1202 3456 At-

259 3487 334 3525 que
365 3474 482 3514 etiam
515 3474 623 3523 vide,
655 3486 703 3513 ne
733 3473 891 3525 quando
915 3472 1204 3523 persuadeatur

259 3529 342 3576 tibi,
374 3530 535 3571 interire
567 3542 713 3581 corpus
745 3529 847 3578 hoc,
879 3534 917 3568 et
948 3528 1122 3569 abutaris
1153 3540 1200 3568 eo

259 3584 299 3623 in
335 3585 498 3626 libidine
521 3586 665 3638 aliqua.
725 3585 767 3625 Si
791 3584 895 3625 enim
917 3596 1064 3636 corpus
1094 3591 1202 3625 tuum

260 3641 532 3691 maculaveris,
565 3641 782 3682 maculabis
809 3640 1078 3683 etiameodem
1101 3646 1202 3682 tem-

1862 2168 1976 2216 Ποῦ
2013 2163 2213 2230 σοφός·4
2177 2206 2191 2230 ,

1262 2315 1361 2355 pore
1393 2310 1431 2343 et
1462 2304 1653 2355 Spiritum
1685 2311 1888 2356 sanctum3
1931 2311 1970 2345 et
2011 2306 2046 2345 si
2076 2318 2213 2347 macu-

1262 2359 1405 2398 laveris
1460 2360 1651 2411 Spiritum
1700 2367 1901 2411 sanctum,
1954 2374 2034 2401 non
2079 2362 2212 2402 vives.‘

1265 2414 1343 2454 Cfr.
1373 2415 1496 2456 ICor.
1528 2416 1566 2465 6,
1597 2417 1635 2457 9.
1668 2417 1732 2458 10.

1346 2470 1389 2523 2)
1422 2471 1532 2522 [τις]
1567 2485 1611 2512 ex
1630 2473 1703 2513 Int.
1734 2479 1809 2514 vet
1838 2472 2094 2514 inserendum
2125 2487 2213 2515 esse

1262 2526 1339 2565 iam
1369 2528 1522 2566 monuit
1554 2527 1654 2579 Cot„
1687 2530 1798 2570 deest
1831 2530 1872 2569 in
1905 2529 1996 2570 CL.

1347 2582 1390 2634 3)
1424 2579 1447 2622 6
1469 2590 1540 2623 a1·.t
1573 2583 1622 2622 ab
1651 2585 1872 2626 editoribus
1887 2586 2211 2638 praetermissum

1262 2637 1429 2677 inseiuit
1459 2638 1535 2678 lae.
1567 2652 1612 2679 ex
1642 2641 1684 2690 L,
1718 2642 1959 2692 suffragante
1992 2642 2034 2683 C.

1351 2692 1445 2745 Cap.
1490 2694 1598 2734 XVII.
1664 2696 1703 2747 1)
1737 2694 1880 2738 αὑτοῦ
1915 2696 2213 2750 Hef„a1'21003

1265 2747 1291 2787 C
1319 2749 1346 2788 L
1385 2755 1423 2789 et
1451 2749 1555 2801 rqu.
1587 2750 1696 2791 editt.
1758 2752 1837 2792 Cfr.
1868 2753 2004 2793 Ioann.
2039 2754 2102 2804 12,

1348 2804 1441 2856 Cap.
1472 2805 1600 2846 XVIII
1663 2808 1703 2860 1)
1736 2808 1788 2859 Sy
1792 2820 1873 2858 rus,
1907 2809 1973 2860 qui
1996 2809 2098 2849 hanc
2119 2823 2214 2850 sen-

1260 2860 1420 2900 tentiam
1463 2861 1668 2912 reddidit,
1717 2864 1817 2904 haec
1863 2839 2007 2905 habet:
2064 2866 2215 2907 Adorat

1259 2916 1423 2967 spiritus
1478 2929 1589 2956 meus
1636 2931 1792 2959 crucem
1831 2920 1953 2970 hanc,
2007 2933 2107 2973 quae
2155 2929 2215 2964 est

1259 2972 1490 3011 scandalum
1533 2973 1603 3023 iis,
1657 2975 1836 3026 quinon
1884 2976 2063 3026 credunt,
2100 2979 2212 3018 vobis

1261 3041 1354 3068 vero
1387 3028 1427 3067 in
1457 3029 1625 3070 salutem
1667 3037 1704 3071 et
1733 3031 1773 3071 in
1804 3031 1923 3071 vitam
1953 3033 2211 3074 aeternitatis.

1261 3084 1426 3136 Reliqua
1468 3084 1583 3124 huius
1623 3087 1763 3138 capitis
1810 3087 1850 3127 in
1890 3088 1965 3128 hac
2008 3101 2109 3128 vers.
2143 3090 2213 3130 de-

1260 3140 1497 3190 siderantur,
1520 3142 1592 3181 sed
1605 3143 1844 3195 supplentur
1861 3156 1907 3183 ex
1921 3144 1998 3183 alia
2015 3145 2211 3195 versione,

1263 3196 1373 3235 cuius
1416 3197 1683 3247 fragmentum
1734 3199 1843 3239 dedit
1891 3198 2064 3239 Cureton
2115 3201 2140 3240 l.
2185 3201 2211 3242 l.

1262 3264 1329 3303 pp.
1368 3252 1437 3292 44.
1479 3253 1546 3293 45.
1601 3253 1835 3294 Petermami.
1911 3255 2070 3295 Bunsen
2121 3256 2146 3296 l.
2185 3257 2211 3296 Ι.

1263 3320 1337 3359 pro
1370 3310 1619 3371 περίψημα
1662 3309 1740 3360 legi
1770 3310 1853 3350 vult
1870 3307 2210 3380 πρρσκύνημα,

1262 3363 1545 3429 utexplicetur
1560 3367 1818 3429 προσκυνεῖ
1834 3364 1885 3406 τὸ
1895 3363 2011 3423 ἐμὸν
2021 3371 2209 3424 πνεῦμα

1260 3416 1344 3514 ΙτὸΙν
1374 3414 1587 3515 στιέιὲρόν.
1643 3421 1931 3463 Assentientem
1955 3422 2074 3464 habet
2092 3425 2209 3466 Nolte

1372 3487 1397 3526 P

1343 3530 1741 3582 2)Cfr.1C01-.1‚
1777 3533 1839 3574 18.

1344 3586 1389 3638 3)
1421 3584 1484 3642 ὐμ
1489 3589 1535 3628 ἵν
1567 3587 1683 3628 vertit
1711 3563 1917 3632 A'rmenius
1947 3604 1980 3634 c.
2013 3591 2066 3645 Sy
2068 3605 2128 3633 ro.

1344 3643 1389 3696 4)
1420 3601 1499 3683 Cfr.
1529 3644 1545 3685 1
1580 3641 1669 3684 Cor.
1705 3646 1740 3694 1,
1771 3646 1839 3687 20.
