2340 3900
775 146 847 194 DE
886 145 1116 194 HERMAE
1157 146 1244 195 GR.
1281 148 1420 197 LIPS.
1457 147 1656 211 FONTE.
2127 159 2198 200 LV

210 281 439 335 editionis
487 282 578 333 ΡΡ.
625 280 721 332 ΑΑ.
767 280 1102 333 Dresselianae
1148 289 1515 346 ornamentum,
1564 297 1656 334 nec
1704 283 1937 350 neglectis
1974 284 2036 336 iis
2075 302 2195 354 quae

206 358 455 421 praeterea
512 367 570 402 ex
627 349 814 401 Latinis
869 350 1119 402 codicibus
1178 353 1368 418 prolata
1429 358 1542 403 sunt
1598 354 2028 422 proferenturque,
2083 373 2194 408 cum

211 423 394 474 Graeco
428 426 563 472 textu
597 419 842 486 Lipsiensi
879 420 1189 471 contulerint.
1203 419 1277 488 ¹²)
1338 422 1492 482 Quem
1535 427 1717 474 textum
1755 423 1796 473 si
1847 424 1956 490 quis
2011 426 2196 478 dolebit

207 507 382 558 magno
421 507 517 557 quo
552 490 710 541 valere
744 489 996 540 videbatur
1030 490 1222 541 honore
1268 498 1621 560 momentoque
1657 493 1966 556 destitutum,
2017 511 2190 562 quam-

206 561 279 612 vis
323 560 376 610 in
423 559 654 610 subsidiis
701 558 814 609 libri
860 559 1071 610 Hermae
1108 559 1291 610 criticis
1327 576 1428 610 non
1463 562 1637 612 ultimo
1674 563 1784 613 loco
1820 565 2078 629 ponendus
2116 566 2193 630 sit,

207 647 317 682 eum
351 645 625 680 memorem
659 645 768 680 esse
790 629 949 692 velim,
984 628 1037 680 in
1070 645 1126 679 re
1162 630 1289 679 nulla
1330 632 1548 696 quamvis
1586 632 1730 682 docta
1765 638 1848 682 aut
1883 634 2015 699 gravi
2053 636 2191 702 quic-

209 716 352 767 quam
399 699 604 750 veritate
651 698 865 749 nobilius
913 714 1023 750 esse
1058 705 1140 749 aut
1174 698 1346 749 maius.
1418 700 1573 760 Quam
1605 701 1657 751 in
1693 702 1827 752 omni
1863 702 2029 755 labore
2067 721 2191 771 quo-

204 769 365 820 minus
407 769 689 820 ambeamus
732 768 1119 831 studiosissime,
1173 784 1275 818 non
1311 768 1516 833 impedit
1553 773 1704 836 quod,
1749 778 1803 822 ut
1839 772 1891 822 in
1926 774 2076 824 veteri
2115 782 2192 826 est

201 837 459 906 proverbio
496 845 544 889 et
579 838 674 905 ipsi
711 838 829 889 satis
866 844 1174 905 compertum
1207 854 1300 888 usu
1336 837 1591 902 habemuS,
1628 841 1806 892 veritas
1843 842 2010 894 odium
2047 845 2189 911 parit.

339 935 621 988 Scribebam
657 936 850 1004 Lipsiae
885 937 930 988 d.
967 937 1048 988 20.
1084 953 1148 988 m.
1183 936 1274 987 Jul.
1315 935 1462 988 1856.

1019 1018 1023 1022 ’
1425 1045 1688 1100 Constant.
1727 1050 2085 1105 Tischendorf.

314 1188 386 1244 12)
418 1191 535 1232 Hunc
569 1189 702 1242 ipsum
730 1189 883 1242 passim
913 1201 959 1230 ex
990 1188 1145 1230 Graeco
1178 1194 1285 1230 textu
1315 1194 1458 1230 nostro
1495 1189 1644 1242 corrigi
1672 1203 1797 1243 posse
1832 1205 1914 1234 non
1948 1195 2092 1237 mirum
2113 1204 2187 1239 est.

200 1249 377 1290 Graecus
408 1247 514 1289 enim
542 1247 742 1299 interpres
777 1259 900 1300 quum
933 1247 1116 1287 codicem
1149 1245 1427 1287 Simonideum
1457 1269 1515 1276 —-
1544 1247 1584 1287 id
1617 1248 1728 1301 quod
1755 1248 1844 1300 ipsa
1874 1250 2075 1304 vitiorum,
2097 1255 2188 1306 qui-

197 1305 273 1346 hus
312 1303 387 1346 tria
434 1304 533 1346 folia
567 1303 719 1344 saeculi
751 1304 847 1344 XIV.
898 1303 1106 1353 laborant,
1138 1303 1365 1356 frequentia
1400 1303 1522 1344 docet
1550 1327 1608 1334 -—
1635 1311 1720 1345 tum
1751 1306 1935 1347 codicem
1964 1309 2190 1351 Palatinum

200 1361 329 1404 aetate
360 1362 496 1403 anteit.
555 1360 830 1402 Correctionis
859 1361 953 1402 talis
1000 1360 1225 1412 exemplum
1258 1366 1319 1400 est
1349 1360 1426 1400 Vis.
1462 1360 1529 1411 ΙΙΙ,
1562 1361 1601 1403 9.
1659 1363 1858 1412 „Quando
1900 1377 1995 1415 ergo
2040 1379 2187 1418 operas

196 1419 336 1461 matris
366 1432 503 1461 earum
530 1417 776 1468 servaveris,
811 1430 950 1458 omnes
978 1417 1135 1470 poteris
1174 1417 1354 1458 videre.“
1415 1418 1683 1459 Scribcndum
1727 1425 1788 1459 est
1833 1421 2030 1463 consultis
2063 1423 2188 1465 Grae-

201 1477 282 1518 cis:
310 1500 331 1507 -
349 1500 371 1507 -
400 1476 622 1518 servaveris
654 1487 814 1526 omneS,
845 1474 1001 1528 poteris
1031 1474 1179 1515 vivere.

313 1535 492 1576 Eandem
531 1533 572 1574 in
610 1545 696 1574 rem
737 1533 846 1573 haud
895 1532 981 1572 scio
1022 1544 1073 1572 an
1119 1544 1165 1572 ea
1210 1544 1371 1585 quoque
1416 1532 1598 1573 converti
1643 1539 1792 1585 queant
1828 1546 1930 1587 quae
1972 1535 2078 1577 libro
2110 1537 2188 1577 Pa-

198 1591 322 1634 storis
354 1592 525 1632 Hermae
555 1590 597 1631 in
627 1589 768 1631 codiee
797 1588 973 1643 indeque
1005 1588 1125 1630 etiam
1153 1589 1195 1628 in
1229 1589 1449 1630 Simonidis
1493 1590 1732 1642 apographo
1772 1592 2009 1644 praeposita
2043 1593 2187 1645 legun—

198 1656 279 1690 tur.
336 1650 542 1700 Leguntur
577 1647 649 1688 illa
691 1646 855 1700 quidem
895 1647 1041 1687 mirum
1071 1645 1111 1686 in
1139 1645 1303 1686 modum
1337 1653 1548 1699 corrupta:
1593 1646 1704 1699 quod
1734 1659 1918 1699 magnam
1949 1655 2056 1690 certe
2088 1663 2186 1704 par-

198 1713 279 1747 tem
313 1718 360 1747 ex
390 1705 590 1758 imperitia
621 1704 733 1745 fluxit
763 1703 982 1745 Simonidis
1014 1703 1055 1744 in
1087 1703 1270 1754 legendis
1300 1703 1442 1756 primis
1471 1703 1639 1744 maxime
1671 1704 1827 1745 codicis
1854 1705 1917 1745 sui
1949 1706 2059 1747 soliis
2089 1721 2186 1761 per-

197 1775 321 1816 saepe
350 1762 469 1815 lapsi.
526 1761 712 1802 Ceterum
745 1761 795 1801 ab
826 1774 874 1801 eo
905 1767 1027 1812 textu,
1059 1773 1179 1813 quem
1210 1760 1343 1802 editor
1372 1761 1564 1813 princeps
1595 1773 1642 1801 ex
1665 1761 1812 1803 falsato
1830 1762 2051 1804 Simonidis
2082 1778 2186 1818 apo—-

199 1821 354 1874 grapho
385 1819 519 1860 hausit
546 1826 586 1860 et
614 1818 656 1870 in
686 1817 989 1871 prolegomenis
1020 1830 1111 1870 pag.
1142 1818 1204 1858 lX.
1237 1824 1405 1859 conatus
1438 1824 1499 1858 est
1537 1818 1776 1869 restituere,
1816 1831 2064 1872 magnopere
2106 1822 2186 1862 dif-

198 1878 277 1918 fert
316 1888 452 1917 verum
489 1875 780 1928 apographum.
838 1875 1124 1925 NihilominuS,
1168 1881 1213 1915 ut
1257 1874 1336 1914 iam
1378 1874 1650 1920 viditeditor
1691 1875 1908 1928 princeps,
1941 1877 2094 1918 clarum
2126 1886 2187 1920 est

197 1933 320 1984 illud,
361 1932 513 1973 codicis
555 1939 692 1973 notam
737 1931 799 1972 vel
835 1931 972 1984 potius
1013 1931 1230 1984 prologum
1270 1931 1333 1971 vel
1379 1931 1546 1972 maxime
1592 1932 1641 1972 ab
1675 1945 1723 1972 eo
1755 1933 1935 1984 pendere
1965 1934 2059 1975 loco
2091 1935 2185 1977 bist.

198 1990 299 2031 eccl.
327 1990 490 2030 Eusebii
530 1989 612 2041 (111,
641 1988 723 2041 3.),
769 1988 837 2028 uhi
870 1987 1050 2028 Pastoris
1081 1988 1253 2027 Hermae
1293 1988 1444 2027 mentio
1483 1989 1539 2028 fit.
1596 1988 1670 2028 Illa
1702 2001 1798 2029 vero
1831 1990 1953 2030 verba
1982 1991 2185 2045 interpres

198 2046 329 2088 Latini
357 2052 486 2086 textus
517 2045 570 2086 ad
595 2044 901 2096 significandam
930 2044 1024 2084 libri
1058 2057 1079 2084 a
1111 2057 1154 2083 se
1191 2043 1343 2084 Graece
1388 2044 1571 2084 vertendi
1612 2045 1890 2097 antiquitatem
1926 2048 2182 2097 gravitatem-

198 2116 276 2157 que
307 2102 514 2155 aptissime
545 2101 676 2142 labori
705 2113 780 2141 suo
815 2113 1069 2153 praeponere
1098 2106 1272 2152 poterat.

311 2160 421 2208 Quae
472 2170 596 2210 supra
640 2158 690 2198 de
734 2157 960 2198 Graecitate
1005 2157 1176 2197 Hermae
1220 2156 1444 2209 Lipsiensis
1497 2155 1690 2206 diximus,
1734 2157 1813 2198 vim
1859 2170 1972 2200 suam
2021 2161 2182 2204 minime

203 2228 254 2257 eo
285 2215 470 2256 amittunt
499 2214 609 2268 quod
638 2226 760 2255 unum
791 2214 852 2254 vel
884 2213 1054 2254 alterum
1086 2226 1130 2254 ex
1163 2213 1212 2253 iis
1246 2226 1347 2266 quae
1379 2212 1548 2264 „Latina
1585 2213 1721 2265 potius
1744 2227 1863 2267 quam
1889 2215 2041 2258 Graeca
2065 2220 2184 2260 esse“

197 2271 531 2324 significavimus,
565 2270 673 2323 apud
702 2270 880 2312 Graecos
911 2283 993 2311 non
1022 2270 1244 2310 inauditum
1290 2276 1363 2311 est.
1422 2270 1511 2310 Hoc
1551 2270 1657 2310 enim
1696 2271 1731 2310 si
1777 2278 1907 2323 esset,
1953 2274 2061 2315 unde
2091 2283 2184 2316 tan·

198 2328 291 2370 dem
318 2328 486 2369 haberet
514 2328 691 2368 Graecus
721 2328 892 2368 Hermae
922 2327 1053 2367 Latini
1082 2327 1282 2378 interpres
1311 2326 1512 2367 sermonis
1542 2327 1662 2378 patrii
1693 2340 1775 2368 non
1804 2326 2006 2379 ignarus?
2035 2332 2106 2382 Ita,
2138 2339 2184 2374 ut

198 2385 249 2426 de
277 2395 337 2427 συ
378 2384 568 2439 ψέλλιον
594 2384 636 2425 111
666 2384 807 2437 Steph.
839 2385 958 2424 Thes.
988 2382 1103 2435 Ling.
1121 2383 1261 2424 Graec.
1291 2388 1462 2423 tractato
1493 2388 1710 2434 taceamus,
1740 2384 1852 2424 vocis
1887 2383 2183 2445 κερβικάριον

195 2441 302 2483 111ι61·
359 2441 605 2482 arbarismos
634 2440 714 2482 iam
733 2440 991 2482 Herodianus
1025 2440 1074 2480 de
1104 2440 1336 2480 soloecism.
1366 2439 1611 2480 mentionem
1643 2440 1752 2481 fecit.
1802 2441 1861 2481 lta
1894 2442 2013 2485 etiam
2048 2458 2181 2487 exem-

194 2498 264 2552 pla
292 2503 386 2539 sunt
413 2497 679 2549 genitivorum
712 2496 990 2538 absolutorum
1021 2496 1201 2537 eiusdem
1232 2497 1316 2537 fere
1345 2519 1403 2525 —
1433 2508 1481 2536 ne
1511 2495 1617 2537 iusto
1647 2497 1951 2548 plusdicamus
1980 2523 2038 2530 -—
2068 2502 2182 2543 cuius

193 2554 527 2608 reprehendimus
567 2553 701 2605 modi,
731 2560 776 2595 ut
803 2553 845 2594 in
874 2554 973 2595 Nov.
1005 2553 1112 2595 Test.
1142 2566 1264 2594 unum
1296 2559 1403 2594 certe
1436 2565 1678 2606 quamquam
1707 2554 1769 2594 vix
1805 2555 1857 2595 ad
1897 2562 2037 2598 nostra
2069 2571 2180 2600 com-

189 2611 373 2666 parabile
405 2610 605 2652 invenitur
633 2611 770 2652 Matth.
804 2611 840 2661 1,
875 2610 938 2652 18.
969 2611 1350 2668 μνηστευθείσης
1378 2607 1471 2666 γὰρ
1502 2612 1584 2662 τῆς
1609 2610 1790 2668 μητρὸς
1809 2609 1954 2655 αὐτοῦ
1979 2617 2181 2674 Μαρίας

191 2670 258 2724 τῷ
291 2662 491 2723 Ἰωσήφ,
532 2666 648 2723 πρὶν
687 2662 717 2722 ἧ
754 2667 1005 2711 συνελθεῖν
1050 2664 1222 2715 αὐτοὺς
1254 2664 1425 2727 εὑρέθη
1455 2665 1506 2709 ἐν
1534 2667 1709 2723 γαστρὶ
1739 2665 1923 2723 ἔχουσα.
1982 2672 2108 2720 Quam
2137 2673 2179 2714 in

190 2738 276 2767 rem
315 2726 367 2766 cf.
395 2724 500 2766 Win.
542 2724 716 2766 Gramm.
763 2724 801 2765 d.
839 2726 887 2767 N.
920 2725 966 2768 T.
1000 2724 1214 2778 Sprachid.
1255 2737 1347 2777 pag.
1382 2725 1476 2766 187.
1536 2723 1807 2765 Nihilominus
1837 2726 1879 2766 in
1912 2740 1958 2768 ea
1988 2730 2177 2770 standum

191 2789 253 2823 est
281 2781 493 2831 sententia,
522 2781 749 2823 locutiones
784 2781 885 2822 tales
915 2787 976 2834 tot
1008 2781 1244 2823 coniunctas
1288 2782 1416 2823 multo
1458 2780 1585 2833 magis
1617 2779 1814 2823 Graecum
1841 2783 2077 2827 Latinorum
2110 2786 2175 2827 in-

191 2844 410 2892 terpretem
440 2850 611 2892 eumque
642 2838 728 2880 aevi
746 2838 869 2879 medii
900 2839 1064 2892 antiqua
1085 2838 1311 2879 Graecitate
1339 2838 1535 2880 maiorem
1565 2837 1606 2878 in
1637 2839 1802 2880 modum
1833 2839 2044 2882 fatiscente
2073 2842 2174 2883 insi-

191 2896 280 2948 gnis
309 2907 428 2948 quam
453 2895 641 2936 Hermam
669 2894 912 2948 scriptorem
942 2895 1107 2936 alterius
1138 2895 1223 2936 aevi
1252 2895 1428 2936 ineuntis
1463 2908 1545 2936 non
1574 2894 1792 2945 inglorium
1821 2898 2011 2948 prodere.
2069 2900 2175 2948 Quas

192 2952 245 2993 ad
272 2952 500 2993 locutiones
528 2952 563 2992 si
598 2951 695 3006 quid
723 2952 883 2994 accedit
911 2951 1110 2994 eiusmodi
1141 2952 1252 3005 quod
1283 2952 1401 2993 aliter
1430 2966 1480 2994 ne
1511 2952 1644 3005 possit
1673 2951 1835 3004 quidem
1866 2954 1944 2995 nisi
1975 2967 2021 2995 ex
2048 2955 2175 2996 inter-

191 3007 399 3062 pretandis
426 3008 580 3050 Latinis
608 3009 814 3063 explicari,
845 3009 958 3051 cuius
990 3009 1149 3062 generis
1185 3015 1278 3050 sunt
1307 3009 1401 3049 vitia
1430 3009 1583 3050 Latinis
1618 3008 1827 3049 codicibus
1856 3011 1977 3062 plane
2007 3012 2175 3064 propria

194 3065 346 3106 Graece
376 3078 514 3117 versa,
546 3067 634 3107 sani
666 3066 814 3120 opinor
841 3065 980 3107 iudicii
1009 3072 1071 3107 est
1099 3078 1181 3106 non
1213 3065 1386 3118 amplius
1418 3066 1585 3107 haerere
1617 3065 1656 3105 in
1688 3064 1820 3106 dubiis
1852 3072 1919 3108 aut
1947 3066 2053 3108 inter
2083 3081 2173 3111 cre-

194 3121 331 3163 dibilia
361 3122 579 3175 fluctuare,
610 3123 685 3164 sed
716 3122 968 3164 confidenter
997 3122 1244 3176 firmiterque
1279 3128 1431 3164 certum
1460 3122 1591 3175 sequi.

305 3262 353 3304 N.
382 3263 427 3304 B.
459 3262 517 3305 Ex
556 3262 620 3305 ed.
665 3274 726 3316 pr.
770 3264 965 3307 nonnulla
1007 3265 1132 3307 invito
1179 3264 1416 3318 apographo
1461 3263 1567 3306 male
1606 3263 1646 3304 in
1694 3268 1873 3304 nostram
1912 3264 2170 3309 transierunt.

193 3318 295 3360 Hinc
326 3319 418 3361 dele
447 3320 544 3372 574,
577 3320 643 3362 15.
672 3320 825 3363 ταῦτα
854 3322 951 3373 585,
987 3323 1053 3366 11.
1089 3320 1141 3367 ἔν
1171 3322 1267 3365 592.
1300 3322 1348 3363 Il.
1383 3322 1419 3364 1.
1449 3320 1527 3363 καὶ
1558 3320 1653 3363 593.
1686 3320 1733 3360 ll.
1765 3319 1804 3360 2.
1833 3319 1957 3376 μετὰ
1983 3323 2078 3374 594,
2106 3323 2170 3364 18.

192 3372 259 3418 δὲ.
314 3376 414 3418 Item
443 3377 541 3428 572,
571 3377 615 3420 6.
647 3388 789 3430 apogr.
820 3378 942 3420 habet
971 3376 1037 3427 ὥς
1076 3393 1153 3434 pro
1183 3375 1260 3421 ὅτι
1294 3379 1390 3430 576,
1422 3378 1492 3421 25.
1525 3372 1862 3434 γνωσθήσεται
1892 3378 1988 3429 578,
2018 3379 2072 3421 33
2108 3392 2171 3433 sq.

191 3445 276 3488 μοι
303 3431 429 3489 λέγει
459 3433 555 3485 581,
586 3433 654 3476 25.
685 3434 821 3488 potius
848 3436 1021 3493 μνείαν
1049 3450 1126 3490 pro
1155 3431 1349 3495 μνήμην
1378 3442 1417 3477 et
1446 3436 1513 3477 27.
1545 3432 1599 3477 δὲ
1628 3430 1708 3475 ἐπ’
1742 3432 1839 3483 586,
1870 3434 1938 3476 22.
1977 3432 2170 3480 δουλεύ-

196 3499 329 3531 σειαι
369 3487 498 3545 (corri
528 3503 550 3532 e
580 3488 681 3544 -τε)
711 3491 809 3543 595,
843 3492 907 3535 12.
948 3492 1028 3535 καὶ
1062 3507 1137 3547 pro
1184 3491 1279 3535 ἀπὸ
1320 3494 1440 3535 tertio
1472 3493 1567 3534 598.
1610 3484 1689 3531 ια’.
1722 3488 1761 3532 2.
1793 3487 1948 3533 καθέδ
1980 3505 2039 3536 αν
2070 3493 2167 3545 621,

199 3544 263 3586 14.
302 3542 358 3587 τὸ
397 3543 450 3590 δὲ
519 3541 613 3590 εὖτ.
653 3554 694 3590 et
722 3548 791 3590 40.
833 3548 892 3590 λα
934 3547 1101 3595 πιδόνι
1144 3549 1323 3605 (corrige
1353 3548 1520 3603 -πη-).
1580 3548 1792 3588 Praeterea
1823 3546 1919 3599 578,
1967 3550 1991 3591 ⁸.
2021 3561 2166 3603 apogr.

195 3600 331 3653 potius
360 3599 503 3658 αὐτῆς
529 3616 647 3659 quam
683 3602 803 3667 αὐτῇ
829 3606 880 3648 ha
911 3613 951 3649 et
983 3608 1079 3660 588,
1111 3608 1151 3651 7.
1184 3602 1485 3650 ἀπόλλουσαν
1511 3605 1606 3647 590.
1637 3603 1764 3645 111.4.
1794 3604 1891 3650 τῶν
1910 3607 2170 3667 προτέρων.
