2340 3900
216 216 316 267 206

215 350 316 401 ἔστε
353 349 421 408 εἷς
457 343 681 397 εὐποιΐαν
712 345 818 413 Θεῷ
846 338 1148 428 ἀνήκουσαν.

526 213 732 262 IGNATII
770 210 1038 259 EPISTOLA
1074 211 1144 257 An
1178 210 1844 260 POLYCARPUM.V11.V1H.

1224 339 1389 404 Εἰδὼς
1424 363 1514 396 ουν
1545 339 1683 410 υμῶν
1716 340 1770 395 τὸ
1809 339 2041 395 σύντονον
2074 345 2162 408 τῆς

213 417 471 485 ἀληθείας,
510 413 576 465 δι’
616 394 797 481 ὀλίγων
827 408 956 478 υμᾶς
987 410 1277 482 γραμμάτων
1310 410 1624 482 παρεκάλεσα.

296 548 406 597 vm.

482 547 541 593 Et
585 546 710 592 aliae
746 544 964 591 ecclesiae
999 545 1173 604 leyatos
1207 546 1280 592 vel
1317 547 1529 606 epistolas
1564 545 1852 594 Antiochiam
1886 544 2079 590 mittam.

1023 627 1348 675 Salutationes

343 717 497 771 Ἐπεὶ1
544 713 724 777 πάσαις
773 721 877 777 ταῖς
926 717 1197 784 ἐκκλησίαις
1241 715 1332 769 οὐκ
1380 714 1668 784 ηδυνηθην2
1696 713 1928 803 γράψαι,
1976 710 2059 766 δια
2104 710 2160 765 τὸ

213 791 441 856 ἐξαίφνης
472 792 610 838 πλεῖν
649 806 706 852 με
742 782 838 837 ἀπὸ
879 785 1106 856 Τρωάδος
1141 789 1209 848 εἰς
1248 783 1522 852 Νεάπολιν,
1561 807 1627 847 ως
1661 782 1715 836 τὸ
1768 783 1979 851 θέλημαθ
2013 798 2161 852 προσ-

210 859 392 913 τάσσει·
448 854 654 943 γράψεις
698 861 804 917 ταῖς
823 855 1138 945 ἔμπροσθεν
1148 857 1450 943 ἐκκλησίαις,
1488 876 1554 916 ως
1594 859 1721 907 Θεοῦ
1756 852 1952 940 γνώμην
1997 873 2162 940 κεκτη-

211 930 378 998 μένος,
431 929 499 988 εἰς
545 923 598 977 τὸ
649 945 730 977 και
777 923 955 989 αὐτοὺς
989 924 1043 979 τὸ
1080 923 1198 978 αὐτὸ
1234 926 1547 992 ποιῆσαι,οἷ
1573 924 1659 992 μὲν
1693 922 1955 991 δυνάμενοι
1990 920 2162 985 πεζοὺς

210 999 416 1066 πέμψαι,
453 997 502 1049 οἷ
533 993 600 1047 δε·
621 994 869 1058 ἐπιστολὰς
904 993 987 1049 διὰ
1020 1002 1118 1048 τῶν
1152 993 1248 1048 ὖπό
1286 1011 1374 1048 σου
1396 995 1738 1082 πεμπομένων·
1763 995 1846 1046 ινα
1873 993 2162 1080 ὃοξασθητε4

211 1070 391 1139 αἰωνίῳ
427 1067 579 1136 ἔργω,
616 1086 683 1127 ως
720 1061 852 1128 άξιος
887 1064 969 1119 ὤν.

211 1145 297 1191 τοῦ
327 1122 626 1223 Ἐπιτρόπου
663 1131 753 1186 συν
789 1133 884 1222 ’ὅλῳ
919 1141 985 1208 τῷ
1022 1137 1139 1208 σύκῳ
1175 1133 1326 1202 αὐτῆς
1360 1135 1443 1187 καὶ
1476 1141 1574 1186 τῶν
1607 1133 1800 1186 τέκνων.

1062 1189 1365 1291 Ἀ’σπάζομαι
1404 1201 1489 1256 τὸν
1537 1204 1765 1292 μέλλοντα
1810 1204 2162 1266 καταξιοῦσθαι

1031 1273 1204 1327 ’Ἑσται
1237 1297 1269 1342 η
1306 1271 1442 1362 χάρις
1486 1271 1590 1341 μετ’
1644 1270 1795 1326 αὐτοῦ
1841 1269 1923 1324 δια
1965 1292 2158 1337 παντος,

212 1350 293 1401 καὶ
329 1352 416 1400 τοῦ
452 1346 723 1433 πέμποντος
758 1344 908 1398 αὐτὸν
942 1346 1286 1430 Πολυκάρπου.

196 1207 432 1260 ’Ἄτταλον
465 1204 550 1258 τὸν
597 1203 844 1290 ἀγαπητόν
891 1227 998 1273 μου.

212 1285 300 1331 τοῦ
338 1279 405 1339 εἰς
441 1277 629 1345 Συρίαν
664 1273 974 1343 πορεύεσθαι.

1035 1063 1330 1132 Ἀσπάζομαι
1364 1062 1548 1125 πάντας
1585 1065 1633 1127 ἐξ
1669 1061 1921 1151 ὀνόματος,
1957 1062 2040 1115 καὶ
2073 1059 2163 1130 τὴν

1865 1130 2162 1199 ’Λσπάζομαι

1351 1342 1637 1415 Ἐῤῥῶσθαι
1671 1341 1798 1410 υμᾶς
1834 1339 1916 1395 διὰ
1959 1339 2161 1404 παντὸς5

213 1420 264 1470 ἐν
305 1421 412 1489 Θεῷ
458 1414 598 1483 ημῶν
628 1413 803 1511 Ἰησοῦ8
829 1416 1043 1505 Χριστῷ6
1090 1411 1280 1481 εὔχομαι
1299 1455 1310 1477 ,
1356 1414 1408 1465 ἐν
1457 1415 1495 1485 ᾠ
1509 1414 1831 1501 &tapeimtff
1876 1414 1930 1465 έν
1975 1409 2162 1500 ἓνότητι

218 1492 344 1540 Θεοῦ
396 1486 478 1539 καὶ
526 1485 803 1574 ἐπισκοπῇ.8
863 1482 1161 1552 Ἀσπάζομαι

194 1556 461 1627 ’Έρῥωσθε
497 1555 549 1624 έν
578 1556 744 1626 κυρίω.

299 1755 395 1807 Cap.
415 1753 509 1793 vul.
573 1751 614 1804 1)
644 1751 766 1802 Syrus
784 1762 902 1789 unam
923 1750 1158 1790 sententiam

213 1822 257 1852 ex
289 1823 375 1862 cap.
407 1815 546 1849 octavo
590 1821 635 1848 ea
677 1806 836 1871 quidem
864 1806 1020 1847 latione
1054 1807 1159 1846 reei-

213 1875 282 1918 tat,
313 1880 358 1907 ac
387 1865 420 1904 si
452 1865 636 1916 legisset:
655 1857 943 1930 Ἀσπάζομαι
964 1859 1046 1904 τὸν
1075 1875 1160 1903 κα-

213 1918 518 1989 ταξιούμενον
547 1921 628 1960 τοῦ
669 1917 736 1964 εἷς
754 1915 1038 1987 Ἀντιοχείαν
1072 1932 1159 1958 πο-

215 1974 440 2046 ρεύεσθαι
475 1974 581 2018 ἀντὶ
614 1972 635 2015 ἒ
636 1975 751 2030 μοῦ,
796 1972 959 2020 καθὼς
989 1970 1159 2016 ἐνετει-

212 2031 366 2092 λάμην
407 2043 493 2074 σοι.
551 2031 694 2072 Ultima
740 2029 830 2070 vbb.
882 2028 988 2072 ἀντὶ
1032 2027 1158 2087 ἐμοῦ,

213 2093 375 2138 καθώς
406 2083 707 2144 ἐνετειλάμην
729 2096 815 2136 σοι,
838 2099 911 2126 nec
942 2086 990 2126 ab
1020 2086 1158 2126 Arme-

212 2148 278 2188 nio
311 2146 454 2198 agnita,
491 2145 642 2185 alienae
674 2154 812 2183 manus
847 2142 1156 2183 additamentum

213 2216 300 2244 esse
330 2203 525 2243 videntul.

301 2259 346 2312 2)
375 2254 587 2311 ἠδυνήθη
619 2257 660 2297 C.

296 2329 340 2379 3)
369 2329 398 2368 Ι.
438 2342 471 2369 e.
508 2327 734 2367 mandatum
771 2326 1048 2378 imperatoris,
1087 2338 1156 2366 seu

214 2385 401 2434 militum,
432 2385 497 2436 qui
528 2383 718 2434 Ignatinm
748 2382 957 2432 ducebam,
987 2395 1056 2422 seu
1088 2395 1159 2421 vo-

214 2443 345 2482 luntas
387 2441 471 2480 Dei.
541 2439 727 2494 Θέλημα
773 2439 955 2479 absolute
997 2437 1160 2490 ponitur

218 2499 291 2551 Ep.
323 2497 371 2537 ad
403 2497 557 2547 Smyrn.
590 2508 623 2534 c.
657 2495 719 2536 11.
762 2495 841 2536 Iac.

1194 1482 1430 1550 ”Αλκην,9
1473 1481 1526 1536 τὸ
1574 1481 1800 1552 ποθητόν
1849 1503 1944 1552 μου
1991 1502 2160 1549 ονομα.

1299 1748 1344 1802 4)
1378 1750 1422 1790 Ut
1453 1752 1679 1802 ylorificeris
1701 1757 1775 1792 vet.
1796 1752 1867 1792 Int.
1900 1751 1980 1792 Sed
1998 1750 2162 1803 legenm

1215 1806 1350 1873 potiu’s
1383 1805 1459 1848 ἵνα
1505 1804 1769 1861 δοξασθῆτε
1811 1809 1985 1863 αἰωνίῳ
2030 1806 2162 1866 ἔργῳ,

1216 1859 1279 1909 ὠς
1313 1857 1454 1909 άξιον.

1299 1919 1343 1971 5)
1373 1918 1491 1958 Vooe.
1535 1917 1612 1959 καὶ
1651 1921 1734 1961 τοῦ
1776 1921 2063 1990 πέμποντος
2078 1917 2162 1962 αὐ-

1217 1972 1299 2015 τὸν
1347 1970 1661 2042 πολυκάρπου.
1727 1974 1996 2042 Εῤῥῶσθαι
2040 1973 2164 2034 ὑμᾶς

1217 2027 1299 2071 διὰ
1329 2027 1507 2077 παντὸς
1550 2044 1570 2070 a
1608 2031 1747 2072 vossio
1780 2032 2063 2084 praetermissa
2095 2044 2162 2072 re-

1214 2086 1341 2127 stituit
1370 2086 1447 2126 Iac.
1477 2100 1522 2126 ex
1552 2088 1596 2127 L.
1654 2089 1796 2129 Extant
1825 2102 1871 2129 ea
1900 2089 2018 2130 etiam
2047 2089 2086 2128 in
2121 2086 2163 2127 C.

1300 2144 1440 2264 §gg-u
1465 2156 1493 2197 C
1518 2157 1562 2207 L,
1591 2157 1616 2198 i.
1649 2171 1682 2198 e.
1705 2160 1918 2215 χριστοῦ

1411 2214 1679 2280 ιαμείνηται
1709 2214 1750 2265 C,
1783 2228 1805 2257 ε
1833 2228 1968 2268 supra.

1299 2270 1342 2321 8)
1373 2271 1477 2322 Lege
1509 2266 1784 2321 ἐπισκόπου,
1813 2278 1857 2312 ιιι
1879 2272 2027 2313 habent
2050 2271 2165 2312 codi—

1217 2339 1283 2366 ces
1311 2327 1558 2377 Augustanus
1591 2333 1628 2366 et
1649 2327 1938 2368 Leicestrensis
1948 2328 2164 2381 (epistolae

1216 2383 1513 2436 interpolatae).
1552 2383 1686 2424 Smilh.
1731 2384 1824 2424 Mihi
1855 2385 2015 2436 quidem
2043 2385 2164 2425 lectio

1217 2436 1452 2496 ἐπισκοπῇ
1498 2439 1676 2491 sequiori
1717 2446 1843 2480 aetate
1886 2453 1966 2481 non
2012 2440 2164 2493 absque

1221 2495 1390 2534 consilio
1444 2496 1546 2534 sacta
1593 2507 1681 2535 esse
1731 2495 1887 2535 videtur
1937 2508 1981 2536 ex
2037 2495 2163 2548 priori
