2340 3900
551 127 775 175 mmm
808 127 1082 175 EPISTOLA
1116 130 1187 176 AD
1226 130 1566 179 TARSENSES.
1615 130 1688 177 lx.
1724 130 1776 178 X.

182 263 403 350 αἰδεῖσθε
418 260 447 287 ‘¹
485 257 539 311 οῖ
565 260 740 327 γονεῖς,
776 253 836 309 τὰ
882 256 1026 310 τέκνα
1061 258 1136 311 ἐκ-

182 331 376 400 τρέφετε
414 329 472 383 &v
515 278 742 414 παιδείᾳ
765 326 851 380 καὶ
895 330 1138 400 νουθεσίᾳ

185 402 388 486 Κυρίου.
464 393 564 458 Τὰς
584 395 638 448 ἐν
658 397 928 484 παρθενία’
955 402 1134 482 τιμᾶτε,

185 469 252 532 ὥς
284 468 460 553 ἱερείας
496 470 736 554 Χριστοῦ·
772 463 861 529 τὰς
877 449 933 520 ἐν
964 463 1134 534 σεμνό-

180 558 284 605 τητι
311 535 482 623 χήρας,
507 556 576 597 ως
595 533 950 606 θυσιαστήριον
987 538 1133 590 Θεοῦ.

185 605 441 694 Οῖκῦριοι,
462 603 581 672 μετὰ
596 606 802 672 φειδοῦς
817 613 922 669 τοῖς
939 603 1136 668 δούλοις

179 675 477 730 burdonus·
513 675 567 728 οῖ
597 677 779 741 δοῦλοι,
814 674 934 745 μετὰ
969 673 1135 745 φόβου

177 753 279 810 τοῖς
292 748 484 834 κυρίοις
502 745 863 834 ἐξιιιιηρε·ι,ἐ“ι”·ιε.8
936 746 1137 834 Μηδεὶς

178 817 231 870 ἕν
275 814 394 884 ὖμῖν
453 814 600 904 ἀργὸς
644 817 787 869 ἔστω·
833 816 992 886 μήτηρ
1039 814 1131 908 γὰρ

177 891 268 955 τῆς
302 887 491 949 ἐνδείας
522 883 586 973 ἦ
595 883 753 956 ἀργία.
835 891 1001 940 Ταῦτα
1036 886 1130 940 οὐκ

176 954 423 1023 ἐπιτάττοι,
450 953 519 1019 οἷς
544 977 615 1009 ων
636 977 698 1020 τι,
721 957 768 1009 εἰ
789 957 874 1010 καὶ
906 957 1130 1026 δέδεμαι·

176 1024 284 1080 ἄλλ’
308 1049 376 1090 ως
391 1001 658 1116 douffag‘
623 1025 994 1096 υπομιμνήσκω.
1029 1028 1131 1096 Εἴη

177 1093 364 1167 Κύριος
394 1094 518 1165 μεθ’
556 1094 710 1165 ὑμῶν.

313 1300 365 1347 X.
426 1289 669 1378 Ὀναίμην
701 1289 843 1360 ὑμῶν
874 1296 974 1345 τῶν
1018 1310 1136 1361 προ-

179 1366 388 1431 σευχῦν·
435 1359 808 1432 προσεύχεσθε)
860 1363 944 1415 ἵνα
971 1359 1136 1451 Ἰησοῦ

171 1432 399 1523 ἐπιτύχω.
475 1430 873 1504 Παρατίθεμαι”
839 1439 956 1523 υμῖν
973 1429 1064 1500 τὴν
1083 1432 1136 1485 ἐν

171 1501 461 1592 'An-0121&
516 1504 789 1572 ἐκκλησίαν.
881 1501 1135 1566 Ασπᾶζον-

177 1594 256 1626 m
278 1572 408 1642 ὖμᾶς
409 1557 483 1627 αἰ
496 1573 742 1662 ἐκκλησίαι
773 1575 1134 1663 Φιλιππησίων,

175 1642 302 1697 ὅθεν
344 1645 428 1697 καὶ
482 1642 671 1732 γράφω
702 1641 833 1731 ὖμῖν.
906 1641 1135 1707 Ἀσπάζε-

174 1735 254 1766 ται
285 1711 415 1782 ὑμᾶς
438 1716 606 1767 Φίλων
641 1711 671 1768 ὅ
706 1712 934 1776 διάκονος
966 1711 1134 1782 ὑμῶν,

175 1777 219 1856 ᾦ
253 1785 338 1838 καὶ
383 1782 477 1854 ἐγὼ
512 1782 802 1882 ‘filan‘fig
853 1786 1136 1846 σπουδαίως

177 1839 508 1943 ὖπηρετοῦντί
522 1875 608 1923 μοι
606 1854 705 1908 ’ἐν
725 1859 891 1909 πᾶσιν.
957 1852 1136 1907 Ἀσπά-

178 1929 304 2012 germ
337 1922 467 1991 ὑμᾶς
493 1922 813 2014 Ἀγαθόπους
834 1922 864 1977 ὅ
890 1924 1135 1988 διάκονος,

179 1991 210 2047 ὅ
243 1994 299 2047 ἐκ
333 1996 534 2083 Συρίας,
573 2015 631 2057 ος
666 1992 940 2048 ἀκολουθεῖ
968 2014 1052 2062 μοι
1085 1995 1136 2047 ἐν

183 2068 394 2151 {faurqi
454 2061 774 2117 Ἀσπάσασθε
811 2061 1051 2149 αλλήλους
1086 2065 1140 2116 ἐν

179 2131 304 2206 ἇγίω
318 2131 591 2221 φιληματι.
633 2132 933 2202 ’.ἀσπάζομαι
952 2130 1140 2196 πάντας

181 2191 282 2257 καὶ
297 2201 475 2268 πόσας,
509 2201 626 2267 τοὺς
663 2204 717 2257 ἕν
755 2208 966 2276 Χριστῷ.
1016 2202 1138 2288 Ἕξ-

182 2276 351 2343 ᾆοσθε
549 2294 567 2327 ι
595 2275 680 2328 καὶ
885 2258 970 2327 καὶ
989 2293 1137 2327 πνευ-

177 2365 351 2468 pn
330 2344 416 2410 ἑνὶ,
453 2344 537 2398 καὶ
572 2342 787 2435 ἕμοῦμὴ
872 2342 1133 2413 ιλᾶθησθε.

192 2411 459 2483 omaus,-
490 2421 593 2483 μεθ
636 2419 807 2492 υμῶν·

266 2614 364 2668 Cap.
395 2613 456 2657 ΙΧ.
518 2611 561 2666 i)
590 2611 809 2656 αἰνεῖσθε
825 2611 955 2661 Voss„
985 2621 1134 2665 προη-

98 2659 114 2671 ”
178 2674 347 2728 reto-⁹2
378 2671 409 2712 B
431 2670 464 2712 0
485 2670 528 2711 V.

266 2727 312 2781 2)
342 2726 608 2784 παρθενεία
637 2725 685 2767 0.

265 2796 313 2848 3)
341 2797 385 2838 in
415 2796 544 2838 Codd.
575 2796 605 2837 B
622 2795 698 2837 ΟΥ
725 2794 935 2837 invertitur
961 2791 1006 2835 οἱ
1025 2789 1137 2834 δοῦ·

183 2850 681 2919 λοι-ἔξυπηρεῐεῖη·
709 2850 756 2893 οἱ
783 2846 841 2895 κύ
872 2865 935 2891 ιοι
955 2873 1012 2881 --
1031 2847 1138 2891 ἔπι-

185 2904 399 2958 ridden,
433 2907 544 2962 qnod
574 2906 639 2950 ed.
658 2906 839 2949 Vos-ius.
892 2906 1066 2947 essenus
1099 2911 1139 2945 et

185 2965 424 3013 ῦιιηιοιιιιι,
454 2962 730 3005 consentiente
757 2963 830 3005 lnt.
854 2962 922 3003 lat.
944 2969 985 3003 et
1014 2962 1132 3011 Arm„

187 3029 228 3062 nt
268 3033 341 3061 nos
376 3020 415 3061 in
445 3026 564 3061 textu.

269 3134 366 3187 cap.
399 3133 442 3174 x.
505 3131 546 3185 1)
578 3126 859 3189 προσεύχεῐε
890 3129 932 3170 Β.

269 3204 315 3256 2)
343 3202 396 3246 ἐν
425 3200 696 3257 ἀντιοχείαν
724 3200 758 3240 0
781 3199 809 3239 V
838 3198 1045 3240 mendose.

267 3274 315 3327 3)
342 3270 449 3331 ἔμοι
478 3272 521 3314 Β.

268 3343 311 3385 ln
352 3343 380 3382 V
417 3341 659 3396 epigraphe:
709 3341 792 3384 τοῦ
831 3336 969 3396 ἁγίου
1010 3335 1134 3395 ἱερο-

939 3490 1075 3497 ———
1107 3493 1109 3495 .

2049 129 2149 180 263

1194 268 1307 325 Filii,
1345 269 1569 317 honorate
1594 275 1845 331 parentes:
1886 276 1931 318 et
1966 284 2047 318 vos
2071 286 2147 333 pa-

1191 331 1388 395 renteS,¹¹
1425 337 1544 386 filios
1598 339 1771 387 nutrite
1810 340 1877 387 ἰιι
1890 339 2148 388 eruditione

1192 413 1238 452 et
1260 407 1495 468 disciplina
1528 409 1718 456 Domini.
1788 402 1913 467 Ειιε,8
1949 424 2067 471 quae
2102 409 2150 455 in

1191 475 1442 536 virginitate
1480 485 1599 535 sunt,
1637 479 1886 536 honorate,
1924 480 2044 526 sicut
2080 493 2148 526 sa·

1193 557 1296 589 cras
1335 544 1526 592 Christi:
1578 548 1736 594 viduas
1766 548 1956 609 pudicas
1994 553 2045 595 ut
2079 562 2148 595 sa·

1194 613 1390 659 crarium
1439 614 1518 661 Dei
1577 618 1871 664 veneramini.
1951 616 2145 674 Domini,

1194 695 1296 728 cum
1350 684 1568 743 parcitate
1606 692 1768 733 estote.
1839 685 1995 745 Servi,
2046 700 2149 734 cum

1191 751 1356 797 timore
1420 747 1639 800 dominis⁴
1697 755 1936 803 deservite.
2005 756 2147 803 Nemo

1191 821 1369 867 otiosus
1418 822 1463 867 in
1511 823 1637 869 vobis
1687 818 1780 870 sit.⁵
1849 825 1991 872 Mater
2027 826 2148 872 enim

1190 890 1405 952 egestatis
1442 898 1514 938 est
1558 892 1771 940 vacuitas.
1841 893 1962 942 Haec
1998 901 2149 941 autem

1190 959 1364 1016 dicens,
1378 974 1470 1006 non
1494 962 1687 1023 impero,
1706 969 1922 1023 quantum
1936 969 2145 1026 oportet:

1189 1035 1235 1076 et
1261 1029 1300 1075 si
1338 1029 1521 1090 quidem
1560 1031 1735 1078 vinctus
1773 1045 1888 1086 sum,
1933 1039 2146 1094 tanquam

1191 1097 1356 1145 fratres
1396 1112 1731 1147 commemoro:
1769 1107 1814 1148 et
1850 1102 1889 1148 si
1932 1101 2148 1149 Dominus

1190 1174 1262 1215 est
1290 1163 1564 1216 vobiscum.⁶

1295 1297 1346 1344 X.
1419 1299 1652 1360 Adquisivi
1692 1314 1787 1346 vos.
1859 1298 2150 1345 Orationibus

1190 1369 1356 1415 vestris
1395 1368 1659 1425 incumbite,
1696 1374 1748 1415 ut
1783 1367 1935 1415 Iesum
1970 1381 2151 1414 merear

1191 1438 1397 1500 adipisci.
1438 1438 1718 1486 Commendo
1733 1437 1863 1484 vobis
1880 1437 2149 1492 Ecclesiam,

1192 1522 1309 1568 quae
1370 1515 1441 1555 est
1498 1509 1544 1554 in
1607 1507 1859 1554 Antiochia.
1944 1505 2152 1554 Salutant

1190 1592 1270 1625 vos
1310 1577 1480 1625 electae
1517 1577 1747 1624 Ecclesiae
1772 1576 2150 1637 Philippensium,

1192 1647 1314 1694 unde
1353 1654 1400 1694 et
1435 1647 1590 1694 scribo
1636 1647 1781 1693 vobiS.
1853 1645 2024 1692 Salutat
2069 1660 2150 1692 vos

1192 1717 1356 1764 Philon
1395 1718 1614 1764 diaconus
1651 1722 1826 1772 vester,
1874 1714 1948 1761 cui
1982 1720 2028 1760 et
2064 1729 2151 1775 ego

1193 1788 1361 1850 gratias
1400 1801 1509 1849 ago,
1547 1786 1667 1833 bene
1704 1785 1815 1832 mihi
1853 1785 2066 1831 servienti
2104 1785 2149 1830 in

1194 1857 1423 1904 omnibus.
1509 1854 1682 1902 Salutat
1745 1867 1825 1900 vos
1886 1853 2150 1915 Agathopus

1195 1927 1415 1973 diaconus
1451 1926 1507 1972 de
1529 1925 1673 1986 Syria,
1712 1917 1808 1985 qui¹
1843 1937 1915 1968 me
1939 1923 2151 1983 sequitur

1197 1996 1241 2041 in
1297 1995 1491 2041 Christo.
1599 1993 1798 2039 Salutate
1855 1991 2046 2037 invicem
2105 1992 2151 2038 in

1196 2065 1355 2110 osculo
1390 2055 1585 2109 sancto?
1658 2061 1815 2108 Saluto
1841 2061 2080 2107 universos
2106 2067 2151 2107 et

1195 2135 1457 2189 universas,
1541 2131 1618 2192 qui
1680 2136 1786 2176 sunt
1846 2130 1891 2175 in
1953 2129 2150 2175 Christo.

1198 2203 1451 2250 incolumes
1487 2206 1637 2247 estote
1676 2212 1872 2260 corpore
1899 2205 1943 2246 et
1981 2192 2150 2247 anima³

1195 2279 1241 2320 et
1277 2271 1453 2333 spiritu,
1487 2277 1534 2316 et
1566 2269 1658 2315 mei
1693 2261 1772 2314 ne⁴
1808 2267 2148 2316 obliviscamini.

1196 2341 1248 2388 Et
1283 2342 1342 2387 sit
1379 2340 1497 2386 Deus
1530 2329 1803 2385 vobiscum}⁵

1189 2600 1458 2700 μάρτυρος
1455 2598 1689 2656 ’Ῑγνατίου
1705 2596 2010 2654 ἐπιστολὴΔ’
2029 2596 2152 2658 πρὸς

1191 2659 1300 2708 τοὺς
1331 2657 1382 2702 ἐν
1414 2659 1602 2716 Ταρσῷ.

1283 2772 1329 2826 2)
1362 2772 1463 2825 Eph.
1495 2771 1535 2821 6,
1566 2771 1606 2812 4.

1281 2830 1327 2882 3)
1359 2842 1501 2883 easque
1531 2828 1625 2878 Reg.

1282 2887 1347 2939 4)
1361 2886 1512 2927 domini
1544 2883 1627 2926 Pal.

1281 2943 1326 2997 5)
1359 2942 1476 2983 Nemo
1509 2942 1551 2981 in
1586 2941 1697 2981 vobis
1734 2940 1891 2980 ociosus
1924 2938 1976 2978 sit
2007 2936 2093 2978 Pal.

1278 3000 1324 3053 6)
1354 3000 1555 3040 vobiscum
1586 3003 1643 3038 est
1675 2996 1769 3046 Reg.

1279 3056 1376 3110 Cap.
1407 3054 1450 3096 X.
1515 3054 1557 3108 1)
1587 3066 1660 3108 que
1691 3053 1785 3101 neg.

1278 3112 1324 3166 2)
1352 3110 1492 3154 neor.
1529 3111 1593 3161 13,
1635 3109 1698 3151 12.

1276 3169 1323 3221 3)
1353 3168 1410 3210 lta
1444 3180 1489 3210 ex
1522 3168 1629 3219 Reg„
1664 3167 1792 3207 auimo
1824 3162 1910 3205 Pal.
1945 3161 2051 3214 vulg.

1276 3226 1302 3268 4
1350 3237 1430 3266 non
1459 3225 1554 3277 Reg-

1277 3227 1322 3334 53
1356 3281 1633 3335 Subscriptio:
1666 3278 1837 3332 Euticu
1871 3276 1921 3316 ad
1952 3281 2149 3317 tarsenses

1192 3339 1229 3380 in
1263 3338 1361 3390 Pet,
1390 3338 1562 3392 Explicit
1596 3342 1737 3391 quarta
1771 3333 1808 3374 in
1843 3334 1935 3385 Reg.

1346 3490 1405 3497 ...-
