2340 3900
544 185 773 236 mnu
805 185 1040 233 PASTOR.
1110 186 1274 234 lmen
1310 187 1343 234 Ι.
1411 184 1561 233 VISIO
1596 183 1671 233 111.
1709 177 1782 241 (B)
2037 175 2137 227 425

184 327 342 374 volens
390 338 682 388 cognoscere
717 337 795 378 ca,
841 339 958 386 quae
1002 325 1060 372 ad
1116 334 1286 373 turrem
1324 286 1570 387 pertinent.
1637 322 1692 369 Et
1728 335 1816 383 ego
1853 319 1982 369 dixi:
2006 318 2143 369 etiam

185 397 381 452 domina,
413 401 468 442 ιιι
498 393 716 442 tratribus
749 393 866 440 meis
902 394 1122 450 nuntiem,
1159 402 1205 441 et
1233 394 1471 442 audientes
1505 397 1786 455 cognoscant
1820 389 2059 438 Dominum
2094 387 2151 440 in

184 464 326 511 multa
359 463 507 525 gloria
538 468 589 510 et
619 461 800 509 laetitia.
864 461 920 508 Ει
955 463 1028 508 illa
1065 464 1175 510 dixit
1205 464 1337 510 mihi·
1389 462 1578 510 audient
1626 459 1812 522 quidem
1857 458 2011 515 multi,
2057 455 2143 504 sed

184 533 368 594 quidam
403 544 562 579 eorum
596 530 836 578 audientes
872 531 1157 589 exultabunt,-
1193 539 1240 579 et
1274 532 1458 592 quidam
1495 528 1753 593 plorabunt.
1823 527 1917 575 Sed
1962 533 2010 574 et
2051 525 2140 582 isti,

183 602 223 648 si
257 599 487 647 audierint
517 605 566 647 et
597 600 922 677 poenitentiam
959 601 1161 660 egerint,
1199 608 1245 647 et
1290 602 1376 661 ipsi
1426 600 1701 647 exultabunt.
1771 597 1887 644 Audi
1937 609 2049 657 ergo
2094 598 2143 642 et

181 668 421 731 parabolas
474 669 611 716 buius
659 668 829 724 turris,
879 663 1012 730 quas¹
1063 669 1215 716 revelo
1268 669 1375 725 tibi,
1429 676 1476 716 et
1509 682 1739 729 nunquam
1774 680 1846 713 me
1885 666 2046 726 fatiges
2084 663 2141 711 de

180 737 356 784 iisdem.
424 736 738 785 Revelationes
773 743 924 785 antem
961 738 1074 784 istae
1112 737 1247 784 finem
1283 737 1467 794 habent,
1505 739 1719 824 quoniam
1744 734 1996 797 completae
2021 739 2143 780 sunt.

179 806 279 852 Non
309 811 460 852 autem
496 806 783 868 relinquetur
816 806 1053 863 revelatio,
1090 821 1207 868 quae
1246 807 1473 868 postulata
1525 797 1713 860 suerit,¹
1757 818 1911 851 vacua.
1983 802 2142 849 Turris

178 875 301 921 enim
335 888 471 935 quam
505 875 658 932 vides,
696 888 814 937 quae
849 875 1139 932 aedificatur,
1170 890 1257 936 ego
1295 889 1396 922 sum
1438 875 1662 931 ecclesia,
1714 886 1831 934 quae
1876 872 2010 934 parui
2058 869 2142 917 tibi

179 942 318 990 modo
359 950 409 990 et
459 951 606 992 antea.
675 944 795 1002 Quid
844 958 956 1007 ergo
1002 959 1126 992 nunc
1159 946 1227 991 vis
1261 946 1546 1004 interrogare
1584 943 1641 989 de
1677 942 1837 989 turre?
1887 942 1939 988 Et
1991 939 2141 988 revelo

178 1011 286 1068 tibi,
322 1018 374 1059 ιιι
406 1014 606 1074 gaudeas
641 1028 746 1061 cum
782 1015 967 1061 sanctis.
1038 1014 1093 1060 Et
1128 1014 1218 1061 dixi
1254 1013 1321 1060 ei:
1365 1008 1599 1072 [domina,
1637 1013 1742 1073 quia
1779 1010 1921 1057 semel
1956 1010 2143 1071 dignum

177 1094 251 1128 me
283 1081 467 1139 l'ccisti,
497 1089 551 1130 ιιι
585 1084 738 1130 omnia
771 1083 883 1130 mibi
919 1083 1124 1140 reveles,
1160 1082 1322 1130 revela.
1398 1081 1475 1128 llla
1511 1088 1660 1129 autem
1698 1081 1808 1127 dixit
1841 1080 1979 1126 mihi:
2018 1078 2143 1139 quic-

178 1150 289 1212 quid
323 1152 496 1212 poterit
527 1151 610 1199 tibi
643 1152 861 1208 revelari,
863 1145 884 1172 ⁸
926 1152 1224 1209 revelabitur,
1262 1158 1435 1199 tantum
1471 1164 1555 1198 cor
1590 1156 1717 1196 tuum
1754 1149 1874 1210 apud
1910 1148 2051 1195 Deum
2084 1147 2146 1193 sit

178 1226 227 1266 ct
259 1232 355 1266 non
390 1220 560 1268 dubius
594 1221 661 1268 sis
697 1222 744 1268 in
780 1222 869 1278 bis,
905 1235 1023 1283 quae
1059 1222 1239 1269 videris.
1310 1220 1365 1267 Et
1400 1234 1486 1282 ego
1525 1218 1798 1279 interrogavi
1826 1232 1953 1265 eam.
2001 1228 2145 1278 quare

179 1289 320 1335 turris
361 1303 505 1350 supra
553 1284 738 1352 aqnam‘
781 1290 1112 1338 fabricabitur?
1172 1290 1226 1336 Et
1268 1290 1342 1337 illa
1386 1291 1449 1336 ait
1489 1289 1628 1335 milii·
1690 1288 1780 1334 dixi
1829 1287 1910 1333 tibi
1957 1287 2043 1332 iam
2098 1289 2145 1330 et

179 1358 354 1418 primo:
399 1364 449 1405 ct
482 1365 532 1407 tu
568 1360 752 1421 quaeris
788 1359 1050 1449 diligenter;
1087 1374 1200 1421 ergo
1237 1359 1477 1420 requirens
1508 1358 1680 1404 invenis
1716 1356 1963 1403 veritatem.
2034 1351 2143 1398 Pro·

178 1432 283 1487 pter
331 1426 444 1487 quid
486 1429 625 1476 turris
673 1443 814 1491 supra
857 1422 1040 1490 aquam⁸
1084 1428 1357 1483 fabricatur,
1409 1427 1539 1482 audi,
1588 1425 1761 1485 inquit:
1804 1423 2019 1483 quoniam
2055 1422 2144 1466 vita

178 1502 326 1542 vestra
370 1510 456 1558 per
500 1511 667 1559 aquam
712 1498 882 1544 salvata
927 1503 1000 1544 est
1045 1504 1092 1543 et
1137 1495 1394 1543 salvabitur.
1467 1494 1671 1540 Fundata
1713 1499 1785 1539 est
1832 1492 1952 1538 enim
2003 1490 2143 1537 turris

177 1563 318 1612 verbo
354 1566 681 1628 omnipotentis
716 1572 765 1614 et
797 1566 990 1628 gloriosi
1024 1566 1222 1612 nominis
1259 1571 1307 1611 et
1338 1562 1578 1610 invisibilis
1614 1561 1793 1608 virtutis
1830 1560 2020 1607 Domini.

1666 1641 1714 1683 Ο

315 1718 465 1782 (=)1v.
534 1723 591 1771 Et
623 1723 913 1786 respondens
949 1724 992 1771 ei
1030 1723 1147 1770 dixi:
1183 1724 1387 1780 domina,
1423 1735 1587 1784 magne
1625 1727 1672 1769 et
1706 1719 1975 1768 mirabiliter
2010 1717 2147 1765 habet

177 1806 229 1839 sc
275 1805 352 1839 res
400 1792 527 1840 baec.
599 1792 687 1840 Sex
731 1799 881 1841 autem
937 1793 1020 1839 viri
1058 1792 1145 1850 illi,
1183 1794 1262 1854 qui
1302 1791 1627 1850 aedificabant,
1668 1791 1746 1852 qui
1780 1796 1887 1837 sunt
1923 1788 2025 1835 isti?
2091 1787 2146 1833 Et

176 1860 252 1908 illa
287 1862 401 1909 dixit
433 1861 569 1909 mibi:
626 1862 702 1909 isti
738 1863 884 1910 sancti
921 1862 1094 1924 angeli,
1130 1863 1208 1923 qdi
1242 1863 1391 1924 primo
1430 1861 1572 1908 creati
1610 1868 1740 1916 sunt,
1791 1859 1957 1920 quibus
2007 1855 2141 1902 tradi·

178 1930 245 1977 dit
277 1930 492 1978 Dominus
528 1944 710 1978 omnem
745 1939 999 1978 creaturam
1036 1945 1165 1978 suam
1203 1932 1536 1978 incrementare
1575 1938 1621 1976 et
1660 1926 2061 1990 superaedificare,
2098 1932 2144 1972 et

179 1998 414 2047 dominare
448 2000 590 2047 totius
626 2005 877 2047 creaturae.
948 2000 1038 2047 Per
1072 2001 1186 2046 istos
1221 2014 1333 2061 ergo
1372 1998 1557 2046 finietur
1592 1997 1849 2045 aedificatio
1875 1996 2028 2043 turris.
2090 1994 2143 2041 Et

178 2081 266 2129 ego
303 2067 417 2115 dixi:
469 2067 564 2126 illi,
601 2068 681 2130 qui
717 2068 1053 2116 transferebant
1103 2068 1303 2130 lapides,
1355 2070 1435 2130 qui
1482 2068 1646 2115 erant?
1707 2066 1784 2112 llla
1837 2072 1986 2113 autem
2034 2063 2143 2111 dixit

178 2135 315 2183 mibi:
360 2142 407 2184 et
441 2137 519 2184 isti
554 2138 699 2184 uncti
733 2145 843 2185 sunt
877 2137 1025 2199 angeli
1059 2137 1164 2194 θεὶς
1213 2137 1276 2184 illi
1313 2139 1433 2184 enim
1481 2151 1561 2184 sex
1607 2148 1934 2198 praecessores
1982 2148 2142 2181 eorum

178 2211 298 2251 σιιιιι.
368 2203 572 2253 Finietur
605 2219 719 2267 ergo
756 2206 1014 2254 aedificatio
1050 2207 1208 2262 turris,
1246 2213 1292 2253 et
1327 2220 1486 2253 omnes
1524 2206 1657 2253 simul
1694 2204 1955 2252 exultabunt
1985 2204 2030 2250 in
2058 2203 2141 2250 cir·

178 2274 303 2321 cuim
338 2274 503 2331 turris,
537 2282 586 2322 ct
618 2274 866 2323 laudabunt
901 2274 1066 2332 Deum,
1105 2277 1318 2337 quoniam
1357 2275 1580 2337 completa
1617 2281 1690 2321 est
1735 2272 1991 2321 aedificatio
2047 2278 2140 2319 tur·

177 2343 256 2389 n's.
327 2342 600 2406 Interrogavi
636 2358 735 2393 eam
772 2344 956 2392 dicens:
1004 2344 1209 2401 domina,
1246 2344 1405 2391 vellem
1441 2344 1562 2390 scire
1599 2343 1799 2405 lapidum
1837 2342 2016 2389 illorum
2053 2341 2141 2388 exi·

178 2418 272 2459 tum
307 2418 356 2459 et
390 2412 601 2461 virtutem
637 2413 831 2471 illorum,
868 2413 1015 2475 qualis
1053 2421 1139 2462 est.
1210 2413 1265 2460 Et
1298 2413 1586 2475 respondens
1623 2413 1685 2459 ait
1719 2412 1858 2459 mihi:
1907 2425 1999 2458 non
2037 2410 2143 2471 quia

262 2630 333 2683 10)
360 2632 531 2673 revelare
560 2630 671 2680 Vat,
704 2629 773 2684 qui
803 2628 1126 2682 interpunctione
1275 2629 1320 2682 6)
1354 2637 1390 2671 et
1420 2632 1500 2683 ipsi
1535 2632 1660 2671 sancti
1692 2631 1824 2682 anyeli
1855 2630 2030 2671 domini?
2086 2629 2141 2670 Hi

176 2686 311 2728 vinata
350 2686 415 2727 vb.
456 2688 515 2729 cie
556 2685 690 2728 reiicit
730 2691 826 2739 post
875 2686 1124 2728 revelabitur.
1184 2692 1311 2728 aulem
1338 2688 1617 2739 praecellentes
1665 2688 1755 2728 illos
1791 2686 1875 2727 Vat.
1948 2685 2137 2727 Diversus

175 2742 318 2785 Extant
348 2742 449 2785 baec
477 2755 621 2795 graece
648 2740 831 2784 inClcm.
848 2741 956 2783 Alex.
975 2742 1123 2783 Strom.
1182 2742 1416 2794 angelorum
1451 2743 1599 2795 gradus
1634 2756 1713 2784 non
1743 2743 1901 2794 ignorat
1923 2742 1969 2783 N.
1995 2742 2039 2782 T.
2057 2741 2137 2782 Cir.

175 2797 222 2847 ll,
256 2799 292 2841 1.
321 2811 363 2852 p.
391 2799 504 2849 4³0„
477 2755 642 2840 ‘nunde
670 2796 977 2851 adscripsimus.
1182 2799 1438 2848 lThess.4,
1475 2800 1537 2840 16.
1580 2799 1727 2852 Ephesi.
1762 2800 1797 2847 1,
1830 2798 1896 2839 21.
1939 2798 2080 2850 3,10,
2123 2799 2136 2838 Ι

267 2854 341 2905 11)
369 2856 491 2896 lon-ia
519 2866 641 2909 quare
669 2853 754 2895 Vnt.
1181 2855 1286 2896 Petr.
1316 2856 1356 2905 3,
1390 2855 1455 2896 22.

264 2909 317 2952 12
368 2908 581 2964 nequ-dia
619 2921 700 2953 on.
728 2908 813 2951 Vul-
1265 2912 1311 2958 6)
1343 2916 1579 2952 structuram
1607 2910 1689 2950 Vat.
1737 2908 1885 2950 lineola
1918 2921 1955 2948 m
1975 2860 2135 2949 ’literne

261 2965 312 3008 ¹2
359 2970 518 3007 σεῖσαι.
552 2970 590 3006 u
630 2977 721 3007 ene
757 2965 863 3007 cirea
904 2968 1120 3019 scriptur-aa
1182 2967 1338 3008 calamo
1374 2967 1599 3019 supposita.

182 3022 347 3075 adise-t
378 3019 619 3086 ιιρσῐοαο
646 3019 733 3061 vat.
1267 3023 1313 3071 7,
1345 3026 1416 3063 erit
1449 3034 1525 3062 om.
1560 3022 1643 3062 νει.

272 3076 342 3129 u)
371 3078 573 3118 inu-im
602 3074 689 3118 Vnt.
1263 3078 1310 3128 8)
1339 3080 1516 3120 volebam
1546 3078 1628 3117 Vat.

266 3133 336 3185 ¹5)
369 3146 462 3184 erqo
496 3143 577 3172 on.
604 3130 690 3173 vat.
1270 3134 1320 3186 v)
1349 3140 1478 3175 autem
1510 3147 1586 3174 οιιι.
1623 3133 1704 3173 vat.

266 3188 337 3242 10)
363 3200 551 3243 perque·
460 3188 694 3230 macha
721 3189 833 3239 lucu
861 3198 904 3228 ea
936 3186 1019 3229 Vat.
1273 3189 1323 3231 10
1373 3191 1430 3231 nir
1466 3202 1508 3230 es
1538 3202 1579 3241 p.
1611 3202 1651 3228 es
1685 3188 1768 3228 Vnt.

272 3244 343 3295 17)
371 3249 432 3286 eat
460 3256 539 3286 ont.
571 3238 656 3285 Va't.
1271 3243 1316 3286 11
1375 3246 1418 3286 ia
1451 3244 1630 3286 excludit
1660 3244 1742 3284 Vnt.

264 3300 334 3353 18)
363 3302 611 3343 coni-eatur
662 3301 766 3340 eni·
816 3311 855 3353 p.
906 3302 1128 3341 continetur

177 3363 306 3399 ente·
330 3356 415 3398 vat.
980 3401 991 3411 ,
1273 3355 1369 3409 Cap.
1401 3353 1464 3398 111.
1529 3356 1569 3410 1)
1604 3368 1702 3408 quon
1722 3353 1818 3405 vat,
1849 3354 1915 3409 qui
1947 3367 2024 3396 scr.
2049 3355 2134 3399 Ιιὲι-

1186 3414 1269 3451 dem
1299 3424 1338 3465 p.
1371 3412 1522 3453 iisdem.

263 3467 361 3527 Cap.
394 3467 455 3510 lv.
515 3466 559 3521 1)
589 3480 632 3509 ae
664 3467 808 3509 habent
841 3465 923 3508 vat.
1271 3468 1318 3515 2»
1354 3466 1599 3519 &pungitur
1629 3473 1689 3509 eut
1720 3473 1811 3509 ante
1830 3467 1950 3519 suerit
1981 3467 2022 3510 in
2049 3465 2133 3511 Pal.

335 3522 793 3569 unnim-aiam.
809 3523 892 3564 Vat.
906 3523 1052 3566 etfab.
1068 3525 1125 3563 St.
1269 3523 1315 3575 3)
1346 3523 1518 3564 revelare
1547 3522 1659 3619 prius
1691 3522 1774 3566 l'al.

261 3580 288 3623 3
337 3579 499 3621 mandi
527 3583 568 3622 οι
598 3578 749 3623 exva.
774 3591 815 3632 p.
838 3580 1017 3621 struendi
1036 3579 1319 3687 Cot-13
1351 3590 1453 3633 aqua
1489 3576 1542 3620 r·

262 3635 288 3677 4
340 3638 527 3677 alneu·
555 3633 640 3679 Vat-
1348 3645 1452 3687 aqua
1483 3631 1567 3675 Pal.
