2340 3900
266 202 365 251 210
798 195 1124 244 MARTYRIUM
1162 195 1671 243 S.1GNAT11.11.111.

264 337 354 384 νοῦ
388 335 475 382 τοῦ
508 326 761 395 βασιλέως·
800 327 888 388 ,τίς
915 322 973 387 εἴ,
1003 323 1317 392 κακόδαιμον,
1362 324 1448 386 τὰς
1471 323 1701 393 ἡμετέρας
1726 322 2010 385 σπουδάζων
2050 320 2210 374 διατά-

265 404 359 462 ξεις
371 397 718 495 ὑπερβαίνειν,
754 392 870 462 μετὰ
903 392 980 446 τὸ6
1015 395 1098 446 καὶ
1133 395 1320 480 ἐτέρους
1355 393 1657 458 ἀναπείθειν,
1698 395 1780 445 ι’να
1804 398 1965 453 κακῶς
1995 389 2211 443 ἀπολῶν-

264 489 365 531 wa,-
371 463 644 555 (Ἰγνάτιος
679 462 834 516 εἶπεν·
872 461 1049 527 ,οὐδεὶς
1078 461 1329 532 Θεοφόρον
1365 462 1601 516 ἀποκαλεῖ
1629 465 1980 530 κακοδαίμονα·
1988 458 2212 548 ἀφεστή-

263 553 375 588 κασι
408 536 498 604 γὰρ
535 532 631 587 ἀπὸ
668 539 763 585 τῶν
800 530 988 586 δούλων
1019 538 1106 585 τοῦ
1147 537 1274 586 Θεοῦ
1325 531 1384 585 τὰ
1435 531 1678 619 δαιμόνια.
1745 533 1814 582 Εἰ
1860 532 1936 594 δὲ,
1988 529 2060 582 ότι
2105 529 2212 582 τού-

263 626 364 666 τοις
398 603 620 671 ἐπαχθής
657 605 767 669 εἰμι,
803 604 902 654 καὶἿ
940 599 1092 655 κακόν
1127 623 1184 670 με
1219 600 1341 671 πρὸς
1372 600 1485 663 τοὺς
1522 604 1755 687 δαίμονας
1789 598 2061 686 ἀποκαλεῖς,
2100 615 2211 652 συν-

262 680 408 741 ομολο
565 670 775 759 Χριστὸν
809 669 898 741 γὰρ
945 673 1063 738 ἔχων
1098 672 1416 761 ἐπουράνιον
1432 671 1654 738 βασιλέα,
1704 667 1790 730 τὰς
1843 667 2026 722 τούτων
2071 689 2212 720 κατα-

262 742 361 795 λύω
399 696 691 827 ἕπιβουλας.ι
769 740 1010 828 Τραϊανὸς
1046 738 1196 794 εἶπεν·
1238 742 1336 806 ,καὶ
1371 742 1442 802 τίς
1484 741 1609 792 ἐστιν
1648 735 1943 825 Θεοφόρος;ι
1981 736 2214 825 Ἰγνάτιος

262 812 574 884 ἀπεκρίνατο
631 807 676 873 ,ό
715 808 926 898 Χριστὸν
974 812 1092 877 ἔχων
1139 812 1191 863 ἐν
1241 811 1464 879 στέρνοις,
1471 816 1484 838 ‘
1563 806 1803 900 Τραϊανὸς
1857 805 2013 860 εἶπεν·
2061 805 2214 875 ,ἡμεῖς

262 884 353 934 οὐν
389 898 463 933 σοι
501 882 740 966 δοκοῦμεν
774 877 894 932 κατὰ
930 886 1051 932 νοῦν
1085 877 1149 968 μὴ
1188 880 1308 947 ἔχειν
1351 877 1532 942 Θεοὺς,
1572 876 1647 940 οἷς
1694 879 1774 930 καὶ
1815 876 2052 963 χρώμεθα
2098 892 2213 943 συμ-

262 949 428 1017 μάχοις
464 947 588 1017 πρὸς
623 946 736 1010 τοὺς
770 950 1071 1016 πολεμίους;“
1122 947 1352 1019 Ἰγνάτιος
1385 945 1539 1001 εἶπεν·
1578 946 1652 1012 ,τὰ
1679 946 1908 1034 δαιμόνια
1931 953 2028 999 τῶν
2050 946 2214 999 ἐθνῶν

268 1018 422 1081 Θεοὺς
477 1017 848 1108 προσαγορεύεις
905 1017 1236 1085 πλανώμενος·
1287 1015 1356 1079 εἷς
1403 1015 1492 1087 γὰρ
1549 1017 1675 1070 ἔστιν
1733 1014 1879 1081 Θεὸς,
1927 1013 1956 1068 ὁ
2005 1012 2214 1103 ποιήσας

262 1087 346 1141 τὸν
382 1086 593 1179 οὐρανὸν
624 1088 706 1140 καὶ
741 1086 830 1155 τὴν
865 1109 957 1157 γην
991 1088 1074 1140 καὶ
1097 1086 1195 1175 τὴν
1231 1085 1516 1146 θάλασσαν,
1550 1087 1632 1138 καὶ
1666 1084 1823 1138 πάντα
1856 1084 1915 1137 τὰ
1951 1086 2003 1138 ἐν
2023 1082 2211 1146 αὐτοῖς·

262 1159 345 1210 καὶ
380 1154 448 1219 εἷς
486 1154 695 1254 Χριστὸς
719 1155 935 1224 Ἰησοῦς,
972 1154 999 1208 6'
1034 1155 1144 1218 υἱὸς
1178 1162 1265 1209 τοῦ
1308 1158 1434 1208 Θεοῦ
1471 1152 1500 1206 ὁ
1534 1153 1827 1243 μονογενὴς,
1862 1176 1922 1207 ου
1955 1159 2043 1221 τῆς
2077 1157 2211 1222 βασι-

260 1229 391 1289 λείας
439 1224 674 1313 ὀναίμηνέ
753 1223 992 1312 Τραϊανὸς
1040 1222 1198 1278 εἶπεν·
1246 1222 1345 1311 ,τὸν
1389 1224 1731 1307 σταυρωθέντα
1776 1223 1923 1310 λέγεις
1973 1224 2052 1275 ἐπὶ
2082 1228 2209 1276 Πον-

259 1299 366 1349 τίου
404 1293 668 1359 Πιλάτους(
713 1293 943 1381 Ἰγνάτιος
979 1291 1132 1347 εἶπεν·
1169 1292 1269 1359 ,τὸν
1305 1290 1740 1377 ἀνασταυρώσαντα
1772 1290 1862 1358 τὴν
1894 1289 2016 1360 ἐμκὴν
2062 1290 2212 1379 ἆμαρ-

260 1368 367 1418 τίαν
400 1363 515 1432 μετᾶ
549 1370 635 1417 τοῦ
661 1363 842 1450 ταύτης
873 1362 1094 1451 εὑρετοῦ,
1143 1364 1226 1414 καὶ
1274 1368 1438 1415 πᾶσαν
1491 1358 1876 1413 καταδικάσαντα
1925 1359 2211 1444 δαιμονικὴν

262 1433 451 1501 πλάνην
484 1435 566 1487 καὶ
600 1436 775 1486 κακίαν
809 1431 907 1486 ύπό
944 1454 1058 1495 τους
1091 1430 1247 1494 πόδας
1281 1437 1378 1484 τῶν
1414 1428 1562 1484 αὐτὸν
1599 1431 1651 1483 ἐν
1684 1431 1862 1501 καρδία
1894 1427 2211 1518 φορούντων]

269 1501 508 1571 Τραϊανὸς
541 1499 697 1555 εἶπεν·
736 1501 811 1567 ,σύ
849 1524 939 1555 ουν
975 1503 1027 1554 ἐν
1063 1502 1217 1572 ἑαυτῷ
1253 1501 1416 1587 φέρεις
1442 1498 1527 1554 τὸν
1557 1499 1939 1590 σταυρωθένταῗ
1983 1495 2216 1586 Ἰγνάτιος

262 1570 418 1625 εἶπεν·
456 1574 576 1633 ,ναῖ’
610 1547 868 1658 γέγράπται
902 1569 1071 1661 γάρ’,
1087 1555 1360 1637 ,ἐνοικήσωὸ
1394 1571 1446 1622 ἐν
1480 1568 1658 1634 αὐτοῖς,
1681 1569 1764 1622 καὶ
1789 1565 2214 1636 ἐμπεριπατήσωέι

267 1639 506 1729 Τραϊανὸς
541 1640 849 1727 ἀπεφήνατο·
891 1640 1134 1730 ,Ιγνάτιον
1166 1637 1550 1730 προσετάξαμεν,
1587 1637 1674 1691 τὸν
1720 1639 1773 1690 ἐν
1816 1637 1973 1720 εαυτῷ
2019 1638 2216 1724 λέγοντα

260 1711 541 1796 περιφέρειν
583 1708 668 1762 τὸν
705 1710 1090 1797 ἐσταυρωμένον,
1126 1710 1320 1776 δέσμιον
1355 1707 1453 1762 ύπό
1488 1713 1784 1794 στρατιωτῶν
1818 1691 2077 1828 γενόμενοίν
2110 1704 2215 1776 άγε-

262 1789 382 1832 σθαι
417 1777 548 1847 παρὰ
583 1776 671 1845 τὴν
706 1778 914 1865 μεγάλην
947 1777 1158 1866 Ρώμην,
1197 1779 1387 1847 βρῶμα9
1433 1777 1752 1864 γενησόμενον
1785 1779 1978 1864 θηρίων
2013 1798 2035 1829 ε
2038 1779 2082 1838 ἰς
2116 1777 2215 1845 τέρ-

261 1863 370 1935 ψιν
387 1854 475 1900 τοῦ
512 1845 701 1913 δήμου]
778 1849 967 1915 Ταύτης
1002 1846 1030 1899 ὁ
1066 1848 1203 1917 άγιος
1239 1848 1422 1915 μάρτυς
1457 1846 1730 1909 ἐπακούσας
1774 1852 1862 1913 τῆς
1904 1845 2214 1932 ἀποφάσεως,

262 1915 379 2006 μετὰ
408 1922 555 2001 χαρᾶς
591 1915 817 1983 ἐβόησεν·
854 1916 1129 1985 ,εὐχαριστῶ
1165 1934 1262 1980 σοι,
1301 1917 1533 1981 δέσποτα,
1569 1916 1644 1970 ότι
1692 1937 1749 1983 με
1793 1918 1948 1988 τελεία
1989 1922 2049 1988 τῇ
2091 1914 2214 1985 πρός

262 2003 314 2039 σε
350 1984 512 2056 ἀγάπη
546 1991 743 2052 τιμῆσαι
777 1989 1101 2072 κατηξίωσας,
1139 2008 1204 2038 τω
1242 1961 1493 2039 ἀποστόλω
1529 2003 1617 2039 σου
1656 1982 1841 2038 Παύλω
1875 1968 2068 2074 δεσμοῖς
2103 2000 2214 2037 συν-

261 2054 413 2142 δήσας
448 2057 697 2138 σιδηροῖςέ
773 2061 934 2107 Ταῦτα
971 2053 1143 2119 εἰπὼν,
1171 2040 1262 2108 καὶ
1297 2053 1400 2122 μετ’
1443 2041 1748 2141 εὐφροσύνης
1797 2039 2112 2124 περιθέμενος
2157 2052 2219 2107 τὰ

260 2123 436 2192 δεσμὰ,
488 2122 808 2191 ἐπευξάμενος
852 2121 1085 2214 πρότερον
1136 2131 1194 2197 τῇ
1227 2125 1478 2212 ἐκκλησία,
1516 2126 1599 2178 καὶ
1646 2122 1825 2192 ταύτην
1879 2125 2217 2212 παραθέμενος

258 2193 374 2262 μετὰ
409 2192 634 2280 δακρύων
668 2199 734 2266 τῷ
751 2197 948 2278 κυρίω,
985 2194 1144 2263 ὥσπερ
1179 2192 1317 2262 κριὸς
1353 2178 1611 2281 ἐπίσημος,
1660 2193 1840 2280 ἀγέλης
1871 2201 2024 2263 καλῆς
2068 2192 2215 2264 ηγού-

258 2285 428 2331 μενος,
463 2261 562 2316 ύπὸ
600 2247 894 2351 θηριώδους
920 2270 1259 2352 στρατιωτικῆς
1304 2263 1576 2332 δεινότητος
1618 2261 1968 2351 συνηρπάζετο,
2015 2266 2215 2334 θηρίοις

260 2331 542 2402 αἷμοβόροις
577 2333 656 2384 ἐπὶ
687 2331 776 2400 τὴν
808 2331 993 2401 Ῥώμην
1028 2330 1432 2401 ἀπαχθησόμενος
1467 2333 1590 2404 πρὸς
1623 2333 1792 2401 βοράν.

792 2490 865 2536 ΙΙΙ.
936 2492 1149 2551 Ιρηαιίαε
1185 2492 1431 2550 Smyrnam
1465 2495 1674 2553 naviyat

399 2577 544 2632 Μετὰ
580 2585 760 2646 πολλῆς
794 2581 960 2631 τοίνυν
994 2582 1278 2666 προθυμίας
1312 2581 1394 2630 καὶ
1427 2586 1588 2647 χαρᾶς,
1628 2581 1868 2650 ἐπιθυμία
1894 2585 1982 2631 τοῦ
2011 2577 2211 2642 πάθους

256 2648 505 2703 κατελθὼν
541 2647 637 2704 ἀπὸ
667 2647 957 2715 Ἀντιοχείας
992 2651 1059 2709 εἰς
1089 2646 1177 2714 τὴν
1203 2647 1523 2711 Σελεύκειαν,1
1547 2651 1738 2701 ἐκεῖθεν
1761 2651 1905 2716 εἴχετο
1930 2655 2018 2701 τοῦ
2036 2647 2209 2711 πλοός·

257 2721 339 2772 καὶ
374 2717 597 2806 προσχὼν
635 2716 748 2785 μετὰ
799 2716 954 2770 πολὺν
1001 2715 1237 2783 κάματον2
1285 2724 1341 2790 τῆ
1379 2721 1670 2786 Σμυρναίων
1711 2717 1875 2782 πόλει,
1922 2717 2012 2770 σὺν
2059 2724 2212 2792 πολλῇ

255 2795 378 2878 χαρᾷ
414 2786 628 2855 καταβὰς
660 2793 747 2854 τῆς
783 2785 924 2854 νηὸς,
977 2787 1176 2839 ε’σπευδε
1220 2784 1306 2839 τὸν
1343 2787 1491 2871 άγιον
1529 2787 1886 2872 Πολύκαρπον,
1932 2786 2018 2841 τὸν
2049 2794 2211 2855 Σμυρ-

255 2860 408 2910 ναίων
444 2859 722 2923 ἐπίσκοπον,
757 2855 840 2908 τὸν
875 2854 1231 2943 συνακροατὴν,
1260 2854 1566 2910 θεάσασθαι·
1592 2855 1902 2946 ἐγεγόνεισαν
1936 2855 2033 2947 γὰρ
2061 2856 2210 2910 πάλαι

257 2928 475 2995 μαθηταὶ
505 2933 593 2979 τοῦ
631 2925 791 2995 άγίου3
829 2923 1101 2978 ἀποστόλου
1121 2923 1374 2977 Ἰωάννου·
1414 2925 1531 2995 παρ’
1574 2930 1612 2998 ῷ
1648 2927 1918 2994 καταχθεὶς,
1956 2928 2039 2980 καὶ
2068 2948 2208 2979 πνευ-

256 3002 470 3082 ματικῶν
505 2994 636 3067 αὐτῷ
671 2993 970 3062 κοινωνήσας
1001 2992 1315 3063 χαρισμάτων,
1353 2997 1434 3047 καὶ
1467 3003 1568 3057 τοῖς
1605 2999 1797 3062 δεσμοῖς
1833 2994 2205 3065 ἐγκαυχωμενος,

254 3063 512 3134 παρεκάλει
560 3050 841 3117 σύναθλεῖν4
887 3069 945 3135 τῆ
996 3064 1146 3116 αὐτοῦ
1192 3064 1450 3152 προθέσει,
1499 3065 1698 3132 μάλιστα
1751 3087 1837 3133 μεν
1873 3072 2013 3156 κοινῇ
2046 3072 2209 3118 πᾶσαν

256 3135 513 3202 ἐκκλησίαν
551 3135 843 3220 (ἐδεξιοῦντο
878 3136 967 3202 γαρ
1003 3132 1089 3186 τὸν
1126 3133 1263 3202 άγιον
1299 3132 1378 3185 διὰ
1413 3141 1509 3187 τῶν
1552 3133 1831 3188 ἐπισκόπων
1878 3136 1959 3186 καὶ
2003 3138 2208 3204 πρεσβυ-

255 3206 404 3272 τέρων
439 3206 522 3256 καὶ
559 3201 801 3256 διακόνων
837 3205 890 3254 αἱ
920 3209 1007 3269 τῆς
1034 3202 1201 3264 Ἀσίας
1234 3201 1398 3265 πόλεις
1433 3205 1516 3256 καὶ
1551 3205 1824 3290 ἐκκλησίαι,
1857 3201 2052 3256 πάντων
2085 3204 2206 3255 ἐπει-

251 3274 466 3342 γομένων
501 3271 630 3342 πρὸς
665 3270 839 3341 αὐτὸν,
881 3274 927 3324 εἰ’
962 3294 1063 3334 πως
1098 3273 1259 3341 μέρος5
1294 3275 1581 3340 χαρίσματος
1616 3271 1797 3341 λάβωσι
1831 3276 2205 3341 πνευματικοῦ)·

271 3449 275 3452 ⁴
341 3470 384 3522 6)
416 3472 497 3512 τοῦ
527 3469 675 3510 mavult
707 3468 910 3510 Smithius.
1345 3467 1389 3519 9)
1405 3468 1508 3533 lpse
1546 3468 1718 3518 Ignatius
1763 3469 1812 3508 ad
1842 3469 1952 3509 Rom.
1985 3481 2018 3509 c.
2049 3468 2074 3510 6
2104 3468 2205 3508 seri-

335 3526 379 3578 7)
426 3526 501 3566 καὶ
554 3525 757 3565 abundare
810 3525 965 3566 videtur
1017 3525 1198 3566 Smithio.
1256 3523 1359 3574 psit:
1405 3517 1568 3578 Ἄφετεξ
1590 3537 1652 3580 με
1686 3526 1866 3578 θηρίων
1895 3522 2017 3566 εἶναι
2050 3519 2207 3579 βοράν

254 3581 376 3632 Syrus
397 3588 433 3623 et
465 3583 650 3622 adversus
672 3582 1075 3633 spiritusimmundos
1101 3594 1197 3621 sum.
1256 3578 1336 3620 Csr.
1371 3580 1514 3620 Euseb.
1546 3580 1592 3620 Η.
1626 3581 1794 3630 E.V111,
1831 3581 1893 3621 13.

339 3637 381 3690 8)
417 3636 1032 3687 Cs12Levit.26,12.11C0r.
1067 3637 1104 3687 6,
1135 3637 1196 3678 16.
1338 3634 1432 3687 Cap.
1465 3635 1528 3676 ΙΙΙ.
1592 3634 1634 3690 1)
1664 3636 1758 3676 Erat
1791 3636 1970 3678 Seleucia
2008 3632 2205 3687 (Seleucia
