2340 3900
694 167 766 214 ΒΕ
802 165 1035 213 ΗΕΒΜΑΕ
1074 166 1161 214 GR.
1199 168 1337 216 LlPS.
1373 167 1573 215 FONTE.
2070 180 2126 218 LI

291 299 387 350 Sed
421 299 519 350 iam
551 299 612 349 ad
646 299 931 365 gravissima
968 300 1238 351 sententiae
1273 309 1471 352 nostrae
1499 307 1781 367 argumenta
1802 301 2123 367 progredien-

151 370 267 420 dum
312 375 411 429 est,
455 383 577 434 quae
612 384 762 434 quum
797 368 858 419 ab
892 368 1115 419 universa
1153 371 1396 421 sermonis
1442 370 1493 420 in
1529 370 1715 421 Graeco
1751 376 1884 420 textu
1918 370 2122 422 adhibiti

148 438 374 498 ratione,
408 443 512 487 tum
545 453 574 486 a
609 437 811 503 singulis
847 438 1134 504 quibusdam
1165 440 1407 504 pendent,
1444 455 1650 506 quorum
1687 454 1856 491 caussa
1891 455 1993 490 non
2027 455 2122 506 po-

151 514 249 558 test
281 522 383 556 non
418 522 477 556 ex
510 506 700 557 Latinis
734 507 905 574 repeti.
1202 541 1207 545 -

284 576 355 626 Ac
402 575 464 626 dc
500 574 584 626 illo
635 575 859 642 quidem,
913 577 973 627 de
1019 576 1246 626 universo
1283 577 1490 628 Hermae
1528 577 1700 628 Graeci
1735 593 1988 641 sermone,
2024 578 2122 629 iam

147 645 201 697 R.
252 645 416 710 Anger
458 651 509 695 et
554 644 610 694 G.
653 644 864 696 Dindorf
915 645 1005 696 viri
1061 645 1335 696 doctissimi
1385 647 1435 695 in
1483 648 1846 713 prolegomenis
1892 646 2122 698 editionis

146 714 382 781 principis
417 714 654 764 dixerunt.
724 715 860 776 Quos
896 715 939 765 si
971 714 1207 777 audimuS,
1242 731 1434 776 „sermo
1473 723 1549 766 est
1586 716 1930 779 hellenisticuS,
1967 717 2121 784 qualis

145 783 318 850 primis
350 782 663 849 potissimum
698 783 887 835 duobus
921 800 968 850 p.
1005 784 1118 835 Chr.
1154 798 1200 833 n.
1236 783 1465 845 saeculiS,
1517 786 1682 850 paucis
1730 792 1918 836 tantum
1965 786 2120 836 inter—

147 853 311 903 mixtis
351 851 453 903 aevi
502 852 706 903 serioris
740 853 940 915 formis,
989 853 1146 919 iisque
1182 859 1385 918 propter
1420 853 1577 918 ipsam
1613 854 1737 904 hanc
1773 854 2022 905 raritatem
2058 856 2120 906 li—

145 922 320 973 brariis
352 921 518 988 potius
556 938 701 989 quam
736 922 966 988 scriptori
1001 921 1363 972 attribuendis.“
1418 922 1559 982 Quod
1596 922 1826 973 iudicium
1862 924 2120 975 maximam

145 998 278 1042 certe
321 998 508 1057 partem
554 1007 583 1041 a
630 992 802 1042 falsato
838 991 1106 1042 Simonidis
1141 991 1420 1056 apographo
1457 991 1749 1056 pependisse
1799 1008 1900 1043 non
1949 993 2119 1045 oblivi-

145 1060 378 1111 scendum
408 1067 508 1112 est:
557 1060 674 1111 illud
709 1061 842 1111 enini
876 1061 930 1111 in
963 1060 1179 1110 falsando
1211 1059 1374 1110 libello
1412 1059 1638 1126 inprimis
1672 1062 1980 1126 propositum
2017 1070 2121 1114 erat

145 1129 399 1192 Simonidi,
431 1130 595 1181 adiuto
632 1130 701 1180 illi
736 1130 932 1197 quidem
969 1129 1191 1180 doctrina
1227 1129 1528 1195 consilioque
1566 1129 1782 1180 hominis
1819 1130 1990 1181 Latine
2029 1148 2118 1198 pa-

144 1198 266 1259 riter
297 1214 355 1250 ac
389 1198 572 1251 Graece
609 1199 771 1262 docti,
806 1200 941 1251 brevi
975 1205 1087 1248 ante
1124 1198 1366 1248 detectam
1402 1198 1622 1248 fraudem
1657 1198 1988 1251 Simonideam
2024 1201 2119 1251 vita

144 1268 368 1331 defuncti,
401 1275 457 1320 ut
489 1285 611 1336 quae
647 1269 810 1320 minus
844 1276 977 1320 recte
1013 1268 1088 1318 vel
1123 1267 1325 1318 barbare
1362 1267 1546 1333 scripta
1581 1267 1868 1331 invenisset,
1915 1270 1974 1319 ad
2011 1285 2117 1320 me-

142 1337 265 1389 liora
308 1345 572 1390 revocaret.
638 1338 793 1390 Nobis
837 1354 952 1389 vero
1003 1338 1063 1388 de
1110 1337 1390 1403 incorrupta
1438 1336 1663 1402 corporis
1710 1337 1873 1387 delicti
1910 1338 2006 1387 hoc
2043 1346 2120 1388 est

142 1407 327 1458 codicis
373 1407 594 1459 barbarie
639 1408 898 1459 dicendum
946 1414 1049 1458 est:
1093 1405 1333 1456 barbariei
1382 1406 1513 1456 enim
1559 1421 1743 1456 nomen
1778 1422 1879 1456 non
1915 1423 2118 1472 possum

142 1476 259 1543 quin
294 1484 499 1529 teneam.
567 1478 671 1540 Qua
705 1477 758 1528 in
789 1494 845 1529 re
878 1493 981 1528 non
1018 1477 1067 1526 id
1102 1475 1314 1541 agimus,
1350 1482 1403 1525 ut
1439 1491 1765 1542 quaecumque
1800 1476 1874 1526 vel
1911 1476 1962 1525 in
1996 1492 2116 1543 apo-

140 1547 325 1612 grapho
376 1547 452 1598 vel
493 1547 546 1598 in
593 1547 750 1598 tribus
795 1547 1008 1614 antiquis
1052 1545 1182 1597 foliis
1232 1561 1491 1611 perperam
1539 1545 1720 1610 scripta
1753 1552 1865 1595 sunt
1900 1573 1967 1582 —
2004 1553 2118 1596 sunt

138 1622 301 1667 autem
333 1614 624 1683 permulta⁹)
658 1645 730 1653 —
762 1617 861 1684 ipsi
900 1616 1168 1667 tribuamus
1203 1615 1314 1665 libri
1354 1614 1562 1676 auctori,
1607 1615 1824 1680 neglecta
1861 1615 2116 1666 socordiae

141 1686 525 1753 teme-itatisque
558 1686 868 1738 librariorum
905 1685 1119 1746 ratione,
1157 1700 1446 1751 quamquam
1482 1683 1655 1734 vitiosa
1690 1683 1763 1733 vel
1799 1684 2003 1734 barbara
2043 1691 2118 1734 sat

141 1754 290 1805 nuilla
325 1763 452 1818 sunt,
485 1772 606 1823 quae
639 1755 898 1808 videndum
933 1762 1011 1806 est
1043 1770 1106 1804 ne
1142 1754 1295 1804 nimio
1334 1753 1495 1804 studio
1533 1760 1614 1803 aut
1647 1752 1973 1818 praeiudicata
2007 1753 2115 1819 opi-

142 1823 290 1875 nione
323 1825 417 1891 ipsi
451 1825 682 1892 scriptori
716 1826 1063 1878 abiudicentur.
1131 1823 1315 1873 Eorum
1354 1839 1411 1874 ex
1446 1839 1635 1887 genere,
1670 1822 1730 1872 de
1769 1838 1975 1888 quorum
2012 1823 2115 1872 ori—

140 1893 253 1975 gine
286 1894 506 1946 dlibitaoe
536 1894 717 1961 possiS,
753 1897 872 1947 baec
907 1901 1046 1944 sunt:
1088 1887 1414 1959 θυγατέραν,
1452 1894 1737 1958 γυναῖκαν,
1774 1885 2002 1958 τέσσερα,
2040 1884 2115 1942 ἐπ’

143 1958 381 2027 υῦᾶτων,
425 1958 718 2030 πρεσβύτης
750 1982 843 2031 pro
877 1962 1153 2030 πρεσβῦτις
1169 2006 1181 2029 ,
1231 1956 1523 2027 ὑπένεγκαν
1561 1961 1705 2027 (bis),
1755 1956 2110 2028 έκατάκρινας,

141 2026 464 2100 ἐσερότησα,
501 2027 818 2097 heduinus,
856 2030 1147 2099 ἐρρίπτουν,
1186 2024 1649 2101 ᾠκοδομούμενον,
1686 2027 2113 2097 οἰκοδομημένου,

141 2096 511 2169 παραγεγόνει,
547 2098 785 2169 ἐλᾶβατε,
820 2098 1040 2169 ἔφεραν,
1076 2097 1394 2163 έδοκοῦσαν,
1432 2096 1503 2167 μή
1556 2095 1857 2166 διψυχήσεις
1893 2101 2114 2167 (Visione

145 2171 218 2222 [V.
263 2188 365 2239 αι).
422 2175 465 2224 1.
511 2172 589 2224 bis
643 2172 864 2240 legitur),
920 2167 992 2239 μὴ
1044 2167 1396 2238 ῥαθυμήσεις,
1453 2165 1545 2221 ἐὰν
1602 2164 1726 2236 ἔχει,
1786 2164 1878 2220 ἐὰν
1936 2163 2113 2237 ἀνέβη,

142 2234 237 2292 ἐὰν
279 2234 548 2326 θελήσετε,
596 2237 700 2294 κᾶν
742 2238 974 2310 ἐπιμένῃ
1022 2238 1113 2293 καὶ
1152 2236 1225 2308 μὴ
1279 2233 1613 2307 μετανοήσει,
1666 2234 1783 2290 ὅσοι
1837 2234 1906 2290 ἄν
1966 2235 2114 2307 ἐργά-

142 2322 351 2379 σονται,
397 2323 500 2363 οσα
533 2307 604 2363 ἄν
639 2304 989 2375 ἀκούσονται,
1028 2309 1116 2362 ἴνα
1151 2312 1487 2372 συντελεῖται,
1525 2307 1614 2359 ’ἵνα
1648 2307 1882 2374 γίνονται
1915 2305 2004 2359 καὶ
2040 2326 2113 2375 γι-

142 2374 436 2451 νοᾷσκουσι,
472 2380 563 2433 ἵνα
594 2378 953 2466 μετανοήσωσι
989 2377 1077 2432 καὶ
1111 2374 1394 2447 ζήσωνται,
1443 2374 1911 2442 κατορθώσωνται,
1962 2374 2113 2430 ἐκτεί-

139 2467 236 2512 νας
280 2445 473 2503 ἑαυτὸν
522 2468 614 2503 και
656 2446 965 2520 προέβαλλε,
1023 2443 1117 2501 ἐὰν
1160 2446 1339 2518 λαβὼν
1394 2445 1485 2500 καὶ
1531 2443 1759 2516 ἐπιχέῃς,
1809 2443 1869 2499 τὸ
1919 2447 2113 2516 θηρίον

137 2686 180 2729 (u
223 2686 302 2720 νος
338 2663 481 2724 οὖσα,
511 2668 771 2724 δοξάζουσα
887 2671 1227 2731 παραμένουσα
1257 2670 1337 2714 διὰ
1375 2669 1557 2718 παντὸς
1585 2673 1762 2726 πραεῖα
1795 2669 1874 2712 καὶ
1900 2668 2112 2727 ἡσύχιος·

137 2744 167 2770 α
200 2743 225 2772 τ
296 2722 381 2772 οὖν
409 2727 436 2783 ἠ
510 2733 674 2787 ακροθ.
713 2732 925 2773 κατοικεῖ
954 2727 1078 2787 μετὰ
1120 2731 1215 2772 τῶν
1258 2731 1339 2781 τῆς
1377 2730 1584 2775 πίστεως
1614 2723 1822 2783 ἐχόντων
1846 2725 2112 2785 ὁλόκληρον.

132 2783 195 2828 Ἡ
253 2783 273 2829 ὲ
313 2744 530 2843 ὀξυχοῦα
566 2788 759 2843 πρῶτον
793 2785 885 2844 μὲν
922 2781 1062 2844 μωρά
1104 2783 1236 2828 ἔστιν
1276 2780 1458 2842 ἐλαφρά
1489 2798 1538 2826 τε
1568 2785 1644 2825 καὶ
1675 2781 1856 2841 ἄφρων.
1915 2785 2052 2826 Doctr.
2083 2783 2110 2837 ἡ

135 2840 188 2886 δὲ
212 2855 313 2900 ‚nux
370 2845 417 2884 θ.
488 2838 628 2898 εγᾶλη
658 2840 759 2885 ἐστὶ
788 2842 866 2885 καὶ
894 2837 1055 2899 ὀχυρά,
1087 2839 1257 2897 ἔχουσα
1290 2840 1373 2895 τὴν
1403 2836 1611 2898 δύναμιν
1639 2838 1839 2897 ἰσχυρὰν
1863 2840 1941 2906 καὶὶ
1961 2844 2111 2894 καθη-

134 2899 284 2956 μένην
310 2853 369 2941 53
391 2857 654 2957 πῙιιιττυσμῷ
680 2914 715 2957 μ
775 2895 893 2955 ἅλῳ·
926 2894 1089 2955 ἱλαρά,
1123 2896 1446 2955 ἀγαλλιωμένη
1477 2898 1554 2938 καὶ
1585 2895 1843 2954 ἀμέριμνος
1882 2895 2110 2962 ουσαὶὃο-

137 2951 260 3004 ξᾶζει
369 2955 708 3013 παραμένουσα
721 2911 820 2998 εἴιὰ
846 2953 1027 3003 παντὸς
1061 2954 1151 3006 [ἐν]
1186 2951 1419 3013 πραότητι
1453 2954 1532 2995 καὶ
1562 2950 1746 3008 ἡσυχίᾳ.
1803 2949 1937 3006 Αὕτη
1974 2966 2056 2995 ουν
2083 2950 2110 3006 ἡ

135 3013 339 3069 μακροθ.
369 3013 581 3054 κατοικεῖ
605 3009 731 3070 μετὰ
757 3013 855 3056 τῶν
885 3013 1052 3054 πίστιν
1078 3007 1286 3067 ἐχόντων
1324 3006 1585 3067 ὁλόκληρος.
1639 3007 1701 3051 ‘II
1727 3006 1778 3051 δὲ
1807 3007 1931 3064 ὀξυχ.
1962 3010 2110 3067 πρῶϊ.

135 3065 228 3124 μὲν
261 3068 421 3124 μωρία
450 3063 582 3110 ἐστὶν
611 3067 689 3110 καὶ
716 3065 918 3126 ἔλαφρία
950 3070 1154 3125 φρενῶν.
1216 3068 1325 3109 Text.
1358 3067 1467 3119 Lips.
1505 3066 1647 3120 βλέπε
1681 3056 1765 3107 οὖν
1797 3060 1983 3123 μήποτε
2016 3078 2110 3105 πα-

137 3124 445 3190 ρενθυμηθῇς
493 3121 578 3177 τὴν
615 3121 807 3179 ἐντολὴν
847 3120 1044 3178 ταύτην·
1087 3122 1170 3167 ἐὰν
1197 3121 1287 3181 γὰρ
1320 3121 1492 3177 ταύτης
1521 3124 1598 3176 τῆς
1623 3120 1821 3174 Δἐντολῆς
1848 3116 2109 3179 κυριεύσῃς,

136 3178 215 3221 καὶ
249 3191 334 3227 τας
362 3176 531 3228 λοιπὰς
553 3176 745 3229 ἐντολὰς
771 3175 950 3239 δυνήσῃ
1012 3177 1199 3230 ιυλάξαι,
1228 3175 1282 3227 ἅς
1314 3190 1384 3222 σοι
1416 3179 1570 3237 μέλλω
1601 3176 1915 3220 ἐντέλλεσθαι.
1972 3177 2110 3218 Doctr.

133 3234 276 3288 βλέπε
316 3225 400 3278 οὖν
432 3233 494 3293 μ’
531 3232 837 3296 παραλογῆσῃ
868 3235 954 3291 τὴν
1004 3235 1172 3291 ντολὴν
1202 3232 1401 3290 ταύτην·
1443 3233 1526 3279 ἐὰν
1557 3232 1648 3292 γὰρ
1683 3229 1860 3286 ταύτην
1888 3229 2109 3292 φυλάξῃς,

136 3286 314 3350 δυνήσῃ
342 3289 422 3332 καὶ
448 3305 473 3334 τ
558 3290 729 3341 λοιπὰς
756 3294 967 3352 τηρῆσαι.

248 3362 293 3411 9)
323 3361 378 3403 lu
408 3373 500 3414 pag.
536 3362 572 3404 1.
604 3359 751 3416 αὐτὴν
777 3375 854 3416 pro
885 3360 1059 3415 αὐτὸν,
1089 3359 1118 3415 ἢ
1147 3375 1222 3414 pro
1267 3362 1332 3413 εἰ,
1375 3359 1651 3419 ἀπερρωγὸς
1689 3373 1764 3412 ΡΠ)
1790 3355 1896 3421 “2⁷¹⁶
1930 3356 2107 3415 θωγώῗ,

137 3428 227 3468 pag.
259 3416 299 3459 2.
326 3413 572 3460 nautium
599 3430 676 3472 pro
704 3413 988 3472 βουλεύεται,
1018 3421 1106 3475 γῆν
1136 3419 1335 3474 ἐρῶντες
1364 3432 1439 3471 pro
1469 3412 1855 3473 yccv(›a‹5vte;(?)‚
1915 3415 1997 3457 λον
2025 3412 2108 3458 τὸν

137 3469 264 3515 οἶκον
292 3483 531 3525 praegresso
561 3475 735 3526 genitivo
766 3487 842 3528 pro
875 3470 986 3517 ὅλου
1021 3479 1102 3518 τοῦ
1134 3477 1275 3527 οἴκου,
1307 3471 1634 3531 ιἰστομάχητος
1674 3485 1748 3524 pro
1791 3465 2108 3526 ἀστονᾶχητῠς

138 3533 214 3568 etc.
269 3528 473 3570 eiusmodi
512 3530 605 3571 vitia
646 3530 909 3584 plerumque,
952 3531 1025 3571 sed
1066 3546 1145 3572 non
1188 3531 1335 3583 ubique
1365 3554 1422 3560 ——
1453 3529 1674 3571 constantia
1705 3527 1808 3567 enim
1841 3540 1913 3567 nec
1949 3533 2108 3579 poterat

139 3582 224 3623 {leri
265 3596 339 3624 nec
373 3590 464 3637 opu
491 3585 701 3628 videbatur
725 3586 850 3627 —in
880 3587 1057 3629 editione
1090 3595 1227 3629 nostra
1257 3587 1523 3635 correximus,
1556 3585 1757 3625 mentione
1795 3582 1921 3635 ipsius
1954 3582 2108 3624 codicis

136 3660 189 3668 —
226 3651 300 3679 nec
328 3638 454 3691 magis
481 3642 567 3685 fere
602 3642 826 3696 apographi
856 3665 911 3677 —
940 3643 1165 3697 scripturae
1196 3655 1391 3696 nusquam
1422 3641 1615 3694 neglecta.

1697 3708 1752 3750 d*
