2340 3900
465 198 673 248 mmm
711 198 986 246 EPISTOLA
1019 201 1090 247 An
1128 201 1491 250 TRALLIANOS.
1538 200 1652 272 xn„
1666 201 1780 249 xm.
2002 197 2100 250 241

146 344 322 406 spiritu.
390 337 627 387 Postulant
658 350 740 384 vos
772 337 952 384 vincula
985 353 1100 397 mea,
1139 355 1255 402 quae
1291 348 1484 403 propter
1520 341 1668 389 lesum
1693 340 1923 390 Christum
1951 348 2101 404 porto,

142 425 311 474 rogans
346 410 501 464 Deum,
535 412 585 453 nt
618 406 884 453 mereamini
921 406 967 452 in
1005 422 1234 455 consensu
1271 417 1317 456 et
1354 411 1559 457 oratione
1590 411 1781 458 invicem
1817 424 2101 474 permanere.

138 481 277 529 Decet
309 478 428 527 enim
460 488 833 539 unumquemque
867 481 1069 523 vestrum
1105 476 1224 524 hene
1261 478 1493 527 deservire
1541 479 1855 541 Presbyteris3
1912 481 2101 544 Episco-

139 541 269 613 pum⁸
301 553 351 594 et
381 545 428 592 in
462 544 687 591 honorem
728 544 809 592 Dei
841 542 991 591 Patris
1027 551 1074 592 et
1127 545 1178 592 in·
1209 547 1434 594 honorem
1470 549 1573 595 lesu
1610 548 1779 597 Christi
1817 557 1953 612 atque
1986 551 2101 611 Apo·

139 615 360 664 stolorum
414 613 639 660 venerari.
708 613 942 675 Deprecor
990 627 1072 660 vos
1109 628 1165 661 ex
1201 614 1368 661 affectu
1404 616 1561 663 audire
1599 631 1698 674 me,
1748 626 1799 666 ut
1833 634 1926 667 non
1961 619 2022 666 sit
2057 620 2103 667 iu

136 684 461 738 testimonium,
498 682 622 743 quod
658 681 789 729 vohis
825 682 1009 744 scripsi.
1078 682 1133 729 Et
1168 690 1295 730 orate
1331 698 1418 745 pro
1445 699 1531 742 me,
1567 686 1798 748 indigente
1843 688 2104 736 misericor·

138 754 212 803 clia
244 753 325 800 Dei
360 765 414 799 ac
449 758 600 798 vesu-a
631 751 832 809 caritate,
869 758 921 797 ut
959 765 1141 799 merear
1176 753 1403 813 consequi
1438 762 1625 812 sortem,
1664 757 1737 803 cui
1774 756 2004 816 subiaceo,
2043 771 2101 805 ne

143 821 371 886 reprobus
408 821 626 868 inveniar.

273 946 390 993 xm.
461 945 635 993 Salutat
689 959 772 992 vos
817 944 1000 993 dileetio
1039 944 1395 1007 Smyrnaeorum
1445 954 1492 993 et
1538 947 1856 1009 Ephesiorum.
1928 948 2103 998 Memor

139 1023 211 1065 est
242 1016 380 1064 vestri
415 1015 621 1062 Ecclesia
686 1028 803 1076 qnae
838 1021 910 1062 est
945 1015 992 1061 in
1029 1012 1175 1077 Syria,
1213 1015 1334 1063 unde
1369 1030 1460 1063 non
1500 1030 1601 1063 sum
1638 1017 1803 1079 dignus
1858 1018 1949 1066 dici
2000 1019 2102 1067 ulti·

141 1099 245 1135 mus
289 1088 451 1133 eorum
498 1085 578 1146 qui
626 1083 689 1131 ibi
745 1090 867 1130 sunt.
939 1083 1195 1132 incolumes
1227 1091 1375 1132 estote
1426 1085 1471 1131 in
1508 1085 1690 1133 Christo
1740 1086 1874 1145 lesu,
1907 1087 2103 1136 subiecti

140 1155 394 1218 Episcopo,
449 1153 659 1201 similiter
691 1159 746 1200 ut
776 1152 1064 1216 Presbyteris
1100 1160 1235 1215 atque
1270 1154 1495 1202 Diaconis.
1568 1155 1734 1203 Omnes
1777 1156 1970 1204 invicem
2008 1157 2103 1204 dili·

136 1218 245 1288 gite¹
280 1224 421 1271 eorde
457 1221 766 1286 inseparabili.
838 1221 1070 1270 Castiflcet
1103 1237 1183 1270 vos
1221 1223 1407 1285 spiritus
1443 1216 1610 1282 meuS,²
1647 1239 1740 1272 non
1779 1226 1928 1273 solum
1964 1241 2103 1284 nuno,

137 1293 221 1342 sed
254 1285 321 1341 et⁸
356 1293 537 1356 quando
573 1292 713 1340 Deum
752 1306 965 1339 meruero
1004 1292 1210 1354 adipisci.
1283 1293 1440 1340 Adhuc
1478 1293 1599 1340 enim
1648 1295 1692 1341 in
1729 1295 1940 1356 periculo
1978 1310 2102 1344 sum:

138 1363 220 1411 sed
255 1362 405 1411 fidelis
442 1368 516 1410 est
550 1362 685 1410 Pater
707 1362 813 1409 lesu
840 1361 1022 1419 Christi,
1060 1361 1310 1424 adimplere
1347 1363 1613 1424 petitionem
1634 1378 1780 1411 meam
1818 1371 1864 1412 et
1886 1371 2098 1422 vestram,

139 1433 184 1480 in
217 1446 307 1495 qua
339 1432 622 1481 inveniamur
655 1431 927 1479 immaculati
963 1438 1011 1479 et
1045 1432 1257 1494 acquisiti
1294 1432 1338 1479 in
1376 1433 1582 1480 Domino.
1653 1426 1828 1480 Amen.⁴

221 1623 270 1677 3)
297 1624 562 1678 episcopor-
589 1620 673 1664 1²21.
703 1620 814 1673 Reg„
843 1621 884 1662 in
914 1633 996 1675 quo
1021 1633 1093 1663 su·
1150 1634 1184 1662 c.
1229 1627 1334 1663 textu
1379 1633 1461 1673 gr.‚
1518 1621 1602 1663 des.
1646 1621 1686 1663 in
1729 1621 1812 1665 Pal.
1851 1630 1891 1665 et
1930 1636 1994 1677 ap.
2025 1623 2105 1666 Cu-

139 1680 260 1723 hiule
288 1686 324 1722 d
353 1691 432 1722 on.
1150 1684 1280 1719 reton.

1234 1734 1282 1783 4)
1318 1735 1517 1787 adquisivi
1544 1748 1611 1776 vos
1634 1737 1678 1776 in
1707 1736 1858 1777 domino
1894 1749 1934 1790 p.
1965 1742 2001 1778 et
2037 1750 2106 1779 ac*

223 1792 321 1846 Cap.
349 1793 447 1835 xm.
506 1791 550 1846 1)
576 1793 730 1845 diligite
766 1791 851 1833 des.
882 1791 923 1832 in
954 1791 1048 1842 neg.
1149 1793 1288 1844 quisiti
1332 1794 1374 1832 in
1401 1791 1587 1833 Domino.
1619 1792 1736 1834 Amen
1764 1792 1848 1834 Pal.
1878 1793 1973 1845 fleg.
2030 1794 2104 1835 lile

227 1848 277 1901 2)
304 1856 462 1892 ασκεω
492 1849 587 1902 neg.
1149 1847 1340 1889 subinde:
1385 1847 1560 1900 Explicit
1593 1850 1644 1889 ad
1671 1849 1895 1900 trallianos,
1925 1849 1991 1890 hic
2022 1850 2104 1891 Ea:-

221 1904 271 1958 3)
304 1911 341 1946 et
371 1912 533 1948 tuentur
574 1906 668 1957 fleg.
708 1905 772 1946 ed.
800 1905 947 1945 Veneta
982 1904 1088 1946 1546
1146 1904 1259 1955 plicit
1295 1904 1480 1945 secunda.

266 3745 420 3788 an
448 3756 588 3789 non.
1709 3746 1759 3788 16
