2340 3900
396 161 728 214 MARTYmUM
764 161 810 209 S.
848 159 1073 210 IGNATII.
1122 164 1253 213 XXII.
1292 162 1445 210 XXIII.
1480 160 1627 229 XXIV.
1663 158 1790 206 XXV.
1826 158 1972 205 XXVI.
2070 155 2171 206 365

204 310 304 355 dies
341 305 600 354 advenisset
635 309 954 365 opportunuS,
995 303 1176 363 quando
1206 310 1304 349 erat
1352 302 1449 349 dies
1500 301 1647 348 festus
1685 305 1732 347 et
1781 298 1969 347 celeber
2014 297 2171 360 populi

201 377 405 433 Romani,
447 373 624 420 iuducit
660 387 764 419 eum
803 373 850 418 in
886 372 1084 417 medium
1119 373 1372 430 theatrum,
1410 373 1530 419 sicut
1565 385 1730 432 nempe
1781 368 1969 417 iubebat
2005 369 2171 429 impro-

201 447 308 496 bum
343 444 453 492 illud
486 441 697 489 Edictum
731 441 1044 502 Imperatoris,

334 568 490 615 XXIII.
563 568 675 614 Cum
711 579 824 628 ergo
861 566 1076 612 universa
1112 565 1267 612 civitas
1320 566 1511 626 sederetf
1543 567 1587 613 in
1626 567 1806 613 theatro
1857 563 2034 611 ardenti
2083 563 2172 624 spi-

198 642 289 688 ritu
325 647 372 686 et
409 638 553 702 oculis
594 638 681 683 iam
718 635 1035 698 spectaculum
1075 635 1328 690 aventibuS‚
1366 643 1525 697 utpote
1565 637 1690 696 quod
1733 637 1819 681 iam
1847 634 1965 681 sama
1999 632 2169 694 ubique

196 709 547 765 annunciasset,
599 706 758 768 Syriae
812 704 1095 767 Episcopum
1146 719 1249 750 cum
1299 704 1410 750 feris
1460 719 1565 752 esse
1615 706 1700 751 hac
1743 705 1814 751 die
1850 709 2171 765 pugnaturum,

198 793 449 827 conversus
488 777 563 823 ille
614 776 672 822 ad
717 775 941 838 populum
975 788 1079 821 cum
1116 774 1249 835 plane
1299 788 1527 834 generoso
1565 782 1612 821 et
1647 774 1876 836 intrepido
1915 774 2078 830 animo,
2124 778 2176 818 ut

197 849 275 910 qui
324 848 601 909 gloriaretur
647 859 701 892 ac
748 845 840 892 sibi
886 858 1167 905 magnopere
1215 844 1421 904 placeret
1468 843 1525 890 ob
1577 850 1870 905 apparentem
1918 844 2035 889 hanc
2088 855 2172 904 pro

198 919 380 964 Christo
418 915 738 978 ignominiam:
777 914 886 971 Viri,
924 914 1086 975 inquit,
1124 914 1315 960 Romani
1353 920 1399 959 ct
1445 914 1702 975 praesentis
1741 914 1874 959 huius
1914 912 2172 959 certaminis

197 994 506 1049 spectatores,
543 1000 636 1032 non
673 985 789 1032 haec
827 984 940 1031 mihi
977 983 1091 1029 fiunt
1129 983 1188 1030 ob
1226 983 1410 1043 aliquod
1447 982 1749 1040 maleficium,
1787 996 1936 1043 neque
1974 989 2024 1028 ut
2057 982 2175 1027 luam

196 1072 369 1119 poenas
406 1070 650 1118 pravorum
687 1054 961 1111 sacInorum,
1000 1054 1083 1100 sed
1119 1059 1169 1100 ut
1195 1052 1337 1100 Deum
1358 1067 1593 1113 assequar,
1633 1053 1762 1099 cuius
1786 1053 1970 1113 quidem
2012 1058 2177 1098 teneor

196 1127 457 1183 desiderio,
496 1132 540 1172 et
578 1139 716 1186 quem
754 1124 891 1186 cupio
930 1123 1262 1170 insatiabiliter.
1335 1122 1446 1169 Sum
1483 1123 1605 1170 enim
1654 1122 1751 1175 eius
1803 1122 2080 1168 frumentum
2133 1126 2177 1166 et

195 1198 347 1244 molor
378 1211 464 1258 per
501 1196 660 1242 dentes
699 1194 981 1251 bestiarum,
1017 1199 1069 1240 ut
1106 1191 1210 1239 fiam
1248 1193 1288 1240 ei
1326 1207 1471 1254 purus
1508 1193 1654 1254 panis.
1726 1191 1850 1238 Haec
1893 1193 2005 1238 dixit
2041 1197 2176 1251 atque

197 1267 373 1314 dimissi
407 1266 570 1312 leones
608 1279 712 1312 eum
751 1265 904 1310 statim
943 1263 1252 1310 dilacerarunt
1287 1276 1341 1309 ac
1375 1263 1652 1310 devorarunt
1697 1276 1723 1308 a
1761 1261 1872 1308 solis
1909 1259 2174 1308 durioribus

198 1337 320 1384 illius
357 1335 541 1383 ossibus
578 1334 886 1389 abstinentes,
934 1347 1099 1394 reapse
1143 1333 1258 1379 votis
1305 1334 1403 1380 viro
1441 1331 1666 1394 impletiS,
1713 1338 1764 1378 ut
1798 1331 1975 1377 bestiae
2011 1329 2178 1376 fierent

198 1407 242 1453 ei
291 1406 554 1468 sepulcrum
593 1411 639 1451 et
672 1404 786 1451 nihil
821 1403 1045 1464 reliquum
1083 1409 1209 1449 esset
1244 1404 1479 1463 corporis,
1517 1407 1675 1461 utpote
1714 1400 1839 1460 quod
1875 1400 1993 1445 Deus
2032 1398 2177 1458 pluris

199 1476 371 1522 Iaceret
405 1474 561 1521 famuli
593 1487 759 1535 preces
797 1479 844 1519 et
879 1485 1083 1519 amorem
1121 1472 1177 1518 ad
1215 1471 1352 1517 finem
1389 1472 1662 1532 perducere,
1702 1482 1836 1529 quam
1877 1467 2088 1524 efficere,
2128 1472 2179 1512 ut

196 1559 288 1592 non
326 1550 593 1606 tangeretur
629 1557 656 1589 a
690 1541 918 1599 leonibuS,
958 1556 1049 1603 quo
1088 1554 1173 1588 suo
1212 1541 1387 1587 nomini
1425 1539 1654 1586 tribueret
1691 1538 1897 1599 gloriam.

336 1674 483 1720 XXIV.
557 1673 807 1737 Postquam
843 1680 997 1721 autem
1034 1674 1147 1720 haec
1184 1677 1435 1719 evenerunt
1483 1676 1530 1717 et
1566 1668 1705 1716 finem
1752 1675 2050 1731 acceperunt,
2101 1669 2179 1729 qui

203 1746 372 1792 Romae
411 1751 543 1791 erant
580 1743 756 1802 fideles,
794 1745 850 1791 ad
889 1759 1007 1805 quos
1047 1744 1196 1790 adhuc
1234 1743 1387 1789 vivens
1421 1739 1725 1802 Theophorus
1765 1740 2016 1800 scripserat
2052 1738 2178 1800 lgna-

195 1817 311 1873 tius,
358 1814 438 1861 ubi
475 1815 716 1862 dimissum
753 1814 840 1861 fuit
889 1815 1142 1871 theatrum,
1195 1812 1543 1867 convenientes,
1591 1824 1694 1856 cum
1744 1824 1851 1856 ossa
1888 1807 2178 1870 cupientibus

196 1885 407 1931 manibus
441 1885 734 1932 sustulissent
777 1898 923 1945 eaque
947 1882 1206 1930 honorifice
1244 1896 1296 1928 ac
1320 1887 1586 1928 reverenter
1609 1879 1997 1941 composuissent,
2039 1878 2178 1938 depo-

196 1960 389 2001 suerunt
427 1955 473 2000 in
511 1954 616 2001 loco
651 1954 820 2015 insigni
868 1959 996 2000 extra
1031 1951 1199 1999 Urbem
1242 1966 1401 1998 mense
1439 1949 1705 1996 Decembris
1741 1948 2011 2009 vigesimum
2058 1947 2177 1994 diem

198 2032 309 2070 tunc
342 2022 557 2070 habente.
629 2023 755 2070 Haec
779 2029 943 2084 postea
965 2022 1202 2083 deportata
1225 2027 1332 2068 sunt
1355 2022 1400 2066 in
1422 2020 1615 2082 patriam
1641 2018 1854 2079 martyris
1878 2018 2178 2074 Antiochiam,

200 2101 247 2140 et
283 2107 399 2153 quae
438 2094 560 2140 inter
595 2099 836 2154 utramque
874 2091 1037 2139 urbem
1074 2100 1181 2138 sunt
1230 2091 1445 2146 civitates,
1485 2088 1716 2150 duplicem
1752 2101 2005 2149 percepere
2042 2087 2178 2134 bene·

200 2164 465 2219 dictionem,
502 2169 598 2209 tum
633 2163 762 2224 prius
801 2162 986 2223 quando
1024 2167 1198 2223 martyr
1232 2161 1408 2207 vinctus
1446 2158 1698 2206 ducebatur
1736 2157 1923 2204 Romam
1962 2171 2017 2204 ex
2057 2157 2179 2203 Anti-

200 2233 347 2289 ochia,
380 2239 475 2278 tum
511 2246 635 2279 nunc
673 2233 858 2293 quando
915 2246 1018 2278 cum
1053 2231 1303 2292 praeclaris
1340 2230 1544 2291 tropaeis
1583 2228 1709 2275 illiuc
1731 2227 2032 2284 referebatur,
2072 2233 2178 2273 tam-

198 2316 333 2363 quam
369 2316 480 2364 apes
517 2302 667 2349 savum
703 2302 830 2349 illum
868 2301 1260 2348 circumvolantes.

338 2441 464 2488 XXV.
534 2442 599 2488 Ac
636 2441 804 2488 dicitur
842 2440 1041 2502 quidem,
1091 2441 1217 2501 quod
1271 2446 1379 2501 post
1415 2440 1499 2487 viri
1536 2454 1622 2502 per
1649 2439 1916 2501 martyrium
1969 2451 2179 2484 consum-

198 2512 459 2567 mationem,
497 2525 602 2557 cum
637 2510 853 2572 lugerent
890 2510 1012 2557 illius
1066 2510 1366 2571 privationem
1404 2509 1435 2555 ii
1500 2511 1577 2571 qui
1615 2509 1784 2556 Romae
1836 2515 1965 2554 erant
2004 2507 2180 2563 fideleS,

196 2588 243 2644 et
278 2581 445 2627 nullam
483 2581 670 2627 omnino
711 2581 978 2642 acciperent
1015 2580 1189 2626 doloris
1229 2578 1610 2634 consolationem,
1644 2585 1858 2626 vacarent
1892 2591 2001 2624 vero
2031 2577 2179 2639 sepul·

198 2650 400 2698 cralibus
449 2650 632 2713 hymnis
684 2664 738 2697 ac
773 2650 952 2711 vigiliis,
990 2650 1089 2711 ipse
1127 2650 1173 2696 in
1211 2650 1384 2696 somnis
1424 2664 1650 2712 apparens
1690 2656 1736 2696 et
1785 2663 1866 2695 eos
1918 2648 2049 2709 quasi
2092 2661 2181 2693 am-

195 2720 416 2781 plectens,
444 2721 523 2781 qui
560 2719 740 2767 scilicet
777 2736 826 2766 se
854 2721 981 2781 ipsos
1008 2720 1136 2780 prius
1163 2720 1470 2781 praebuerant
1495 2721 1657 2782 dignos
1686 2720 1805 2766 illlus
1833 2717 2181 2773 consuetudine,

200 2790 371 2836 luctum
409 2792 475 2836 eis
514 2790 672 2836 ell'ecit
708 2789 887 2836 facilem
925 2803 978 2835 ac
1016 2789 1265 2846 leniorem,
1318 2797 1362 2836 et
1401 2790 1575 2836 doloris
1625 2789 1801 2835 sedavit
1835 2787 2179 2834 vehementiam.

197 2858 282 2904 Alii
316 2873 479 2904 rursus
520 2859 759 2915 dixerunt,
810 2873 860 2906 se
897 2859 1066 2905 vidisse
1106 2873 1208 2905 eum
1261 2860 1431 2906 sudore
1470 2859 1779 2914 diffluentem,
1828 2864 2055 2917 tamquam
2104 2855 2182 2915 qui

202 2941 351 2988 nuper
386 2927 662 2988 respirasset
699 2942 725 2974 a
758 2927 993 2973 laboribus
1031 2928 1374 2986 decertationis,
1416 2935 1460 2975 et
1497 2934 1763 2990 precantem
1801 2940 1888 2987 pro
1940 2925 2082 2971 salute
2124 2924 2182 2969 ci-

204 2996 353 3041 vitatis
394 2996 687 3056 omnIumque
725 2995 946 3045 fidelium.

341 3120 483 3167 XXVI.
556 3118 644 3166 llic
681 3120 866 3181 quidem
904 3119 989 3166 suit
1024 3109 1171 3167 exitus
1210 3121 1491 3183 Theophori,
1530 3123 1644 3168 haec
1681 3126 1786 3166 suut
1825 3118 2095 3171 certamina,
2134 3117 2181 3163 hi

200 3192 436 3252 conspicui
475 3192 574 3236 eius
613 3203 795 3236 amores
835 3190 878 3235 in
918 3190 1162 3236 Christum.
1235 3190 1288 3235 Et
1326 3191 1415 3237 fert
1452 3191 1760 3237 testimouium
1818 3189 2030 3234 irenaeus
2069 3186 2181 3247 Lug-

282 3382 326 3435 7)
358 3382 394 3422 Is
427 3382 531 3423 ordo
563 3393 680 3420 voce.
712 3379 897 3427 inAEN,
930 3380 994 3433 τῷ
1025 3375 1165 3433 ἀνδρὶ
1313 3380 1409 3431 Cap.
1441 3379 1567 3419 XXIV.
1633 3377 1673 3430 1)
1705 3374 1925 3418 ἔπέστελε
1958 3376 2001 3416 Ε.

197 3440 278 3491 τῆς
309 3436 444 3493 εὐχῆς
473 3438 578 3490 vulg.
1000 3513 1002 3515 V
1068 3511 1072 3514 η
1314 3462 1410 3514 (lap.
1444 3462 1552 3501 XXV.
1631 3460 1670 3513 l)
1705 3457 1787 3501 τὸν
1822 3460 1864 3499 Ε.

196 3578 254 3618 ΑΙ.
286 3518 696 3630 ξζιὺἔὲἐηφθῆναι
729 3521 775 3570 N'
811 3518 1151 3575 ὑπολελεῖἾθω
1320 3547 1415 3597 Cap.
1450 3545 1574 3585 XXVI.
1638 3544 1676 3597 1)
1708 3545 1921 3586 τοιοῦτον
1952 3543 1997 3584 N.

1305 3604 1349 3654 2)
1383 3602 1660 3657 περιμανεῖς
1701 3600 1848 3651 AEN,
1892 3598 2185 3657 περικαλλεΐς

281 3662 325 3716 9)
359 3662 616 3717 περιθῆναι
646 3674 725 3704 scr.
758 3661 848 3702 EN.
1222 3658 1281 3698 ΑΙ.
1318 3670 1381 3710 ap.
1415 3658 1502 3698 Cot.
