2340 3900
777 133 1064 181 BARNABAE
1097 132 1382 181 EPISTOLA.
1433 133 1522 180 Vll.
2071 126 2133 176 15

173 295 229 329 ae
265 277 424 326 laudea
458 273 632 322 offerre
667 271 930 320 debeamus.
993 271 1042 318 Si
1071 286 1182 334 ergo
1223 273 1302 319 Dei
1339 272 1475 329 filius,
1513 271 1591 332 qui
1622 275 1695 317 est
1709 267 1925 316 Dominus
1952 274 1999 314 et
2024 268 2135 315 iudi-

176 355 359 397 eamms
398 350 472 392 ωε
501 343 629 390 vivos
662 356 717 389 ac
750 347 983 398 mortuos,
1020 355 1184 402 passus
1222 349 1318 399 est,
1366 349 1417 389 ut
1458 340 1590 403 plaga
1638 339 1782 401 ipsius
1830 337 2002 384 vividos
2050 351 2136 385 nos

178 417 417 471 redderet3
452 413 707 470 credamus,
741 426 835 458 non
856 410 1064 472 potuisse
1100 409 1243 457 filium
1271 412 1351 458 Dei
1379 412 1474 472 pati
1506 411 1595 457 nisi
1615 415 1808 472 propter
1841 421 1942 455 nos.
2003 406 2137 454 Cruci

173 500 283 535 vero
318 483 480 531 affixus
517 489 643 529 aceto
668 495 723 528 ac
756 480 863 527 selle
899 480 1156 542 potabatur.
1213 481 1388 538 Audite,
1426 479 1656 541 quomodo
1686 479 1743 526 de
1777 479 1864 525 hac
1891 491 1943 524 re
1974 476 2141 524 indicia

174 556 384 604 dederint
415 552 681 600 sacerdotes
715 549 874 613 populi
909 549 1089 596 iudaici.
1160 548 1343 611 Scripto
1377 556 1649 611 praecepto,
1687 554 1760 605 ut,
1808 548 1888 608 qui
1922 547 2139 595 ieiunium

174 639 266 673 non
300 624 535 679 ieiunat-et,
570 627 720 668 morte
754 620 1150 674 exterminaretur,
1185 621 1420 681 praecepit
1447 620 1677 675 Dominus,
1709 618 1816 679 quia
1851 623 1897 664 et
1930 617 2030 679 ipse
2052 631 2137 679 pro

173 694 375 757 peccatis
410 691 584 739 nostris
620 705 697 738 vas
732 689 922 752 spiritus
958 688 1195 736 oblaturus
1233 695 1332 735 erat
1368 689 1414 734 in
1449 689 1671 746 liostiam3
1707 694 1758 734 ut
1790 694 1837 734 et
1873 686 2141 749 impleretur

174 764 320 826 ligura
354 761 475 809 facta
508 761 557 808 in
591 758 741 816 Isaac,
791 760 870 820 qui
917 773 1058 820 super
1106 758 1246 804 altare
1295 758 1382 804 fuit
1418 757 1611 804 oblatus.
1683 757 1799 813 Quid
1844 756 1983 817 igitur
2030 756 2141 803 dicit

173 834 293 895 apud
329 829 636 894 prophetam?
690 829 760 886 ,Et
793 828 1063 875 manducent
1112 828 1170 875 de
1207 826 1365 880 hirco,
1424 827 1500 887 qui
1545 828 1590 872 in
1629 827 1702 873 die
1753 826 1910 873 ieiunii
1947 825 2142 873 offertur

175 917 260 966 pro
295 901 507 949 omnibus
539 900 759 962 peccatis.
828 898 1056 946 Attendite
1083 897 1350 958 diligenter:
1386 903 1448 953 ,et
1482 896 1757 943 manducent
1793 895 1879 942 soli
1903 909 1956 942 ac
1981 909 2139 943 omnes

175 971 444 1019 sacerdotes
481 970 747 1016 intestinum
783 982 876 1015 non
911 967 1079 1024 lotum,
1132 981 1236 1014 cum
1274 963 1435 1014 aceto.‘
1505 965 1572 1012 Ad
1610 965 1749 1026 quid?
1799 965 2017 1021 Quoniam
2053 980 2139 1022 me,

174 1042 342 1103 inquit,
386 1053 474 1102 pro
509 1039 616 1086 novi
649 1038 809 1100 populi
844 1037 1023 1085 delictis
1058 1036 1316 1084 oblaturum
1350 1049 1533 1082 carnem
1568 1049 1743 1090 meam,
1797 1036 1995 1096 potaturi
2032 1036 2142 1082 estis

175 1110 279 1158 felle
314 1123 417 1158 cum
451 1114 610 1165 aceto;
646 1107 751 1156 ideo
787 1107 1014 1155 comedite
1050 1121 1132 1154 vos
1170 1106 1270 1164 soli,
1306 1107 1411 1153 dum
1449 1104 1647 1166 populus
1685 1105 1856 1151 ieiunat
1891 1111 1936 1151 et
1971 1104 2144 1166 plangit

173 1182 223 1229 in
257 1193 395 1228 sacco
433 1186 481 1227 et
515 1179 687 1226 cinere.
758 1177 884 1224 Haec
929 1183 982 1223 ut
1026 1177 1319 1232 ostenderet,
1373 1175 1498 1236 quod
1545 1180 1782 1236 oporteret
1829 1175 1978 1234 ipsum
2026 1176 2143 1221 mori

175 1264 263 1314 pro
297 1249 402 1297 illis.
466 1248 706 1306 Quomodo
741 1249 882 1310 igitur
913 1246 1183 1309 praecepit2
1233 1246 1479 1293 Attendite.
1525 1242 1757 1301 ,Sumite,‘
1790 1245 1961 1304 inquit,
2011 1244 2142 1299 ,duos

175 1321 333 1367 hireos
366 1319 516 1366 bonos
551 1325 600 1365 et
633 1317 830 1375 similes,
879 1323 926 1364 et
962 1316 1125 1364 offerte
1164 1331 1272 1373 eos3
1321 1322 1367 1363 et
1411 1315 1606 1376 accipiat
1654 1314 1872 1360 sacerdos
1919 1326 2061 1358 unum
2098 1314 2144 1373 in

177 1390 495 1437 holocaustum
525 1402 612 1451 pro
656 1383 891 1451 peccatis!
961 1387 1023 1434 De
1073 1387 1215 1434 altero
1263 1399 1372 1432 vero
1423 1385 1533 1446 quid
1580 1383 1783 1430 facient?
1834 1381 2145 1439 ,Maledictus,‘

178 1460 339 1521 inquit,
375 1455 539 1516 ,unnsf
601 1457 855 1514 Attendite,
904 1471 995 1518 quo
1034 1463 1167 1518 pacto
1217 1455 1364 1517 figura
1398 1455 1501 1502 Iesu
1538 1453 1867 1500 manifestetur.
1932 1451 2001 1509 ,Et
2039 1466 2143 1499 eou-

177 1530 329 1591 spuite
363 1527 489 1576 illum
525 1541 711 1586 omnes,
758 1541 812 1575 ac
854 1526 1105 1584 lancinate3
1158 1533 1205 1573 et
1250 1525 1468 1587 imponite
1514 1524 1662 1570 lanam
1712 1523 1976 1570 coccineam
2024 1523 2147 1569 circa

178 1605 314 1661 eaput
348 1598 472 1655 eius3
518 1605 567 1645 et
612 1599 679 1646 sic
725 1597 772 1645 in
817 1597 1051 1645 desertum
1098 1593 1359 1644 emittatur.‘
1431 1594 1487 1641 Et
1524 1608 1627 1640 cum
1676 1594 1739 1640 ita
1788 1593 1955 1640 factum
1993 1591 2145 1649 fuerit,

178 1670 259 1731 qui
293 1674 446 1731 portat
479 1668 672 1725 hircum,
708 1667 894 1715 abducit
927 1681 1032 1715 eum
1068 1667 1115 1714 in
1152 1680 1382 1723 eremum,
1422 1671 1468 1712 et
1500 1663 1649 1711 aufert
1683 1663 1740 1710 ab
1777 1663 1857 1710 illo
1893 1662 2065 1719 lanam,
2103 1668 2149 1709 et

179 1739 311 1801 ponit
343 1751 445 1785 eam
479 1751 620 1799 super
654 1737 889 1794 fruticem,
939 1738 1018 1798 qui
1064 1744 1251 1784 vocatur
1285 1736 1454 1791 rubuS,
1505 1735 1634 1781 cuius
1683 1734 1887 1795 germina
1935 1733 1982 1779 in
2024 1733 2146 1794 agris

181 1814 367 1870 reperta
401 1806 602 1855 solemus
633 1807 935 1866 manducare3
982 1814 1030 1854 et
1062 1807 1196 1854 liuius
1236 1807 1380 1854 solius
1426 1805 1580 1867 vepris
1618 1803 1795 1851 fructus
1833 1802 1991 1851 dulces
2029 1809 2148 1850 sunt.

273 1982 345 2034 14)
373 1982 592 2041 μέλλεται
621 1980 651 2022 C
671 1981 774 2023 Heu.
806 1980 846 2022 in
877 1987 999 2031 textu,
1027 1980 1133 2022 idern
1190 1980 1322 2020 tiones
1351 1991 1433 2019 non
1461 1977 1647 2031 scriptas,
1678 1985 1722 2018 ut
1751 1984 1888 2018 notum
1908 1984 1969 2019 est
1992 1990 2037 2019 ex
2053 1976 2149 2019 Phi-

185 2039 379 2099 μωεῐε
405 2040 447 2080 i·
473 2050 598 2090 marg.
1193 2037 1287 2076 lone
1308 2035 1456 2075 ludaeo
1472 2034 1540 2075 lib.
1566 2035 1615 2075 de
1637 2034 1967 2076 circumcisione:
1999 2037 2149 2078 ταῦτα

273 2096 344 2149 15)
374 2091 549 2138 σᾶαου
572 2094 606 2135 0
627 2094 670 2136 V.
1191 2083 1276 2136 οὖν
1304 2092 1372 2139 εἰς
1402 2089 1543 2139 ἀκοὰς
1569 2082 1685 2144 ἦλθε
1707 2089 1790 2139 τὰς
1807 2088 2038 2148 ἡμετέρας
2065 2090 2150 2150 ἆρ-

271 2152 343 2205 16)
370 2149 515 2200 δείξει
546 2151 589 2191 V.
1224 2143 1562 2204 αιολογούμενα
1601 2145 1732 2204 παρὰ
1761 2151 2041 2196 θεσπεσίοις
2071 2144 2149 2191 ἄν·

277 2209 348 2261 17)
378 2208 460 2250 etr.
489 2206 655 2257 Baetin,
688 2207 823 2261 Symb.
853 2207 909 2256 11,
939 2207 1036 2250 679.
1091 2207 1136 2248 Η.
1186 2164 1380 2263 florium,
1415 2205 1463 2245 οἳ
1496 2203 1554 2248 τὰ
1580 2204 1803 2252 Μωσέως
1827 2202 1881 2247 οὐ
1904 2205 2151 2264 παρέργως

187 2265 311 2307 [erit.
344 2265 407 2312 16,
438 2264 479 2305 7.
510 2276 602 2316 sqq.
782 2288 785 2290 ·
1193 2258 1556 2321 διηρμήνευσαν.
1596 2262 1696 2302 Men.

278 2321 347 2373 18)
375 2320 569 2378 utpotae
596 2320 748 2373 absque
777 2327 943 2361 accentu
974 2319 1017 2360 C.
1278 2319 1352 2371 22)
1382 2318 1438 2359 lta
1471 2331 1505 2358 c.
1541 2318 1569 2358 B
1595 2316 1627 2357 Ο
1650 2318 1679 2358 V
1708 2318 1843 2369 Voss,
1882 2313 2150 2363 ἔκπτὺσατε

274 2377 344 2431 19)
373 2374 502 2431 ἱρεὺς
513 2376 561 2417 0.
610 2376 710 2417 Tum
730 2389 841 2418 voce.
856 2374 974 2432 ὑπὲρ
987 2373 1137 2434 ἆμαρ·
1194 2374 1222 2415 C
1258 2375 1330 2416 lnt.
1359 2381 1436 2416 vet.
1466 2375 1567 2415 Meu.

184 2434 301 2477 ιιῦν
333 2431 519 2475 numi
561 2444 609 2473 ex
642 2432 671 2473 F
692 2432 727 2473 0
749 2433 778 2473 V
818 2445 942 2486 marg.
974 2433 1138 2474 Codicis
1277 2430 1351 2484 23)
1386 2433 1615 2488 περιθῆτε
1648 2430 1740 2472 OV.
1844 2479 1849 2483 .

185 2490 215 2532 B
245 2497 286 2531 et
315 2497 391 2531 vet.
421 2489 496 2531 lnt.
1278 2487 1352 2542 24)
1385 2486 1470 2531 τὸν
1498 2487 1612 2528 Voss.
1651 2488 1691 2528 in
1732 2488 1910 2540 margine
1951 2501 2027 2542 pro
2067 2502 2148 2531 var.

266 2552 342 2606 20)
370 2569 428 2590 =
451 2542 600 2612 32:¹13}
612 2550 695 2592 etr.
708 2551 837 2593 Baehr
849 2551 875 2593 Ι.
891 2566 925 2593 c.
939 2552 1078 2606 p.668.
1091 2553 1137 2593 Η.

264 2612 341 2665 21)
372 2613 480 2655 llaec
518 2626 617 2655 sane
660 2614 865 2664 notanda,
911 2626 1001 2655 cum
1045 2627 1138 2666 gra-

181 2669 302 2722 phice
330 2670 550 2723 exprimant
578 2669 727 2712 Christi
758 2672 1004 2725 passionem,
1036 2683 1139 2724 quae

180 2726 300 2767 etiam
333 2726 519 2768 observat
550 2726 820 2770 Tertullianus
854 2727 910 2769 lib
936 2728 970 2770 1.
1000 2734 1138 2768 contra

182 2782 378 2832 ludaeos,
419 2791 461 2826 et
501 2783 570 2825 tit».
600 2784 641 2826 3.
692 2792 831 2827 contra
872 2784 1138 2826 Marcionem:

185 2839 292 2880 Um
334 2846 463 2882 caten
497 2853 632 2883 eorm
672 2843 934 2883 eurumdem:
979 2843 1136 2883 coccino

180 2897 408 2938 maledictu
462 2902 501 2939 et
542 2903 800 2951 comatulus
847 2902 886 2940 el
931 2900 1137 2940 convulsus

181 2958 219 2993 et
263 2959 512 3007 conpunctus
561 2967 587 2995 a
626 2955 771 3009 populo
824 2960 938 2997 extra
994 2957 1137 2997 civita-

183 3015 277 3070 ten.
303 3010 561 3052 afficiebatur
601 3012 645 3051 ia
682 3012 967 3065 perditionem,
1008 3014 1136 3053 mani-

179 3067 299 3118 [κω
356 3071 519 3108 notem
563 3068 787 3120 iniquibus
846 3068 989 3111 Christi
1038 3082 1135 3123 pas-

181 3124 333 3171 είοκίε,
359 3124 427 3177 qni
455 3125 631 3165 coccinea
658 3125 918 3168 circumdatus
950 3130 1069 3179 vesle,
1100 3133 1153 3181 el,

179 3185 438 3233 consputatur
478 3186 517 3222 el
563 3182 743 3223 omnibu
778 3183 1026 3224 contumeliis
1065 3186 1135 3235 as-

180 3236 310 3285 βίαις
334 3242 449 3278 extra
467 3238 667 3279 civitaten·
682 3240 895 3290 crucifixus
919 3245 992 3281 ert.
1027 3240 1136 3289 Quae

185 3291 347 3344 quidem
378 3293 701 3336 circumstantiae
731 3307 753 3335 a
772 3295 952 3337 Barnaba
975 3302 1136 3337 notatae

182 3348 260 3389 etsi
303 3361 382 3390 non
419 3348 502 3391 aiut
536 3349 576 3392 in
616 3350 846 3406 Scriptura,
889 3359 1019 3394 tamen
1062 3365 1137 3406 per

184 3403 441 3447 traditionem
485 3405 747 3451 innotuerunt
788 3414 833 3450 ut
876 3409 956 3450 alia
1004 3409 1136 3462 plura,

187 3471 292 3524 guae
325 3460 367 3502 ia
396 3461 473 3503 hac
500 3463 675 3517 epistola
708 3466 985 3515 continentur,
1027 3466 1137 3519 quod

188 3518 558 3568 impraesentiarum
576 3521 791 3564 ostendere
807 3534 957 3575 operae
968 3522 1138 3575 pretinm

190 3572 295 3614 duxi,
353 3574 512 3629 Antiqui
533 3575 663 3630 igitur
680 3578 852 3621 Hebraei
884 3585 1046 3633 praeter
1080 3578 1139 3618 le·

189 3641 277 3680 gem
313 3629 505 3684 scriptam
539 3632 742 3678 habebant
777 3634 971 3690 quasdam
1014 3634 1140 3677 tradi-

1195 2544 1285 2587 lect.
1350 2545 1450 2586 Tum
1483 2542 1656 2601 ἀφερεῖ
1683 2544 1726 2586 C.

1281 2615 1353 2670 25)
1383 2613 1548 2674 ῥαχίηλ
1567 2615 1683 2667 Men„
1715 2615 1781 2668 qui
1813 2616 1889 2668 leg.
1920 2622 2035 2668 putat
2065 2613 2150 2675 ῥα-

1186 2668 1293 2728 χόν.
1352 2673 1497 2713 Vossio
1551 2679 1716 2714 auctore
1764 2673 1947 2714 dedimus
1997 2671 2149 2733 ῥαχίη.

1194 2729 1236 2770 ln
1269 2730 1298 2770 B
1318 2730 1345 2770 C
1370 2730 1402 2770 Ο
1425 2730 1452 2768 V
1486 2735 1526 2769 et
1552 2740 1675 2781 marg.
1696 2729 1828 2770 Vossii
1845 2727 1993 2789 ῥαχίλ.
2047 2730 2150 2771 Tum

1191 2784 1424 2839 βλαστοὺς
1454 2785 1578 2826 BOV
1610 2801 1642 2828 c.
1675 2786 1842 2837 Vossio,
1872 2783 2077 2840 βαστοὺς
2105 2787 2148 2836 C,

1191 2840 1363 2897 βατοὺς
1393 2843 1516 2893 Men„
1550 2844 1616 2903 qui
1656 2843 1696 2883 in
1729 2843 1836 2884 notis
1867 2843 2030 2884 scribit:
2093 2842 2150 2893 ‚ln

1193 2906 1298 2941 textu
1332 2900 1487 2941 Graeco
1527 2905 1581 2944 οὑ
1624 2896 1732 2947 τοὺς
1759 2897 1931 2953 βατοὺς
1962 2905 2152 2952 corrupte

1193 2956 1365 3008 legitur3
1403 2969 1493 2997 nam
1514 2954 1659 3012 βατὸς
1688 2963 1859 3009 oxytone
1891 2963 1952 2997 est
1978 2957 2149 3010 pervius,

1193 3019 1232 3054 et
1269 3009 1412 3068 βάτος
1447 3016 1652 3065 gravitone
1689 3015 1821 3054 rubim.
1891 3014 1995 3064 Lege
2033 3012 2153 3064 igitur

1193 3059 1248 3112 οὗ
1278 3069 1356 3111 καὶ
1397 3068 1457 3112 τὰ
1483 3067 1672 3125 βάτινα·
1714 3076 1774 3110 est
1815 3069 1919 3110 onim
1957 3067 2151 3123 βάτινον

1193 3127 1346 3167 (nictus
1399 3128 1502 3169 rubi.
1569 3128 1742 3169 Galenus
1786 3126 1810 3167 2
1857 3126 1905 3166 de
1952 3124 2151 3167 alimentis

1193 3184 1290 3226 τῶν
1337 3180 1496 3238 βάτων
1538 3182 1724 3240 καρπὸν
1759 3177 2071 3240 ὀνομάζουσιν
2108 3180 2153 3222 οἱ

1193 3237 1312 3296 παρ’
1346 3238 1462 3298 ἡμῖν
1491 3236 1739 3300 ἅνθρωποι
1759 3234 1972 3292 βάτινον·
2004 3237 2044 3279 id
2077 3244 2151 3288 est,

1192 3297 1387 3338 ruborum
1424 3297 1593 3339 fructum
1627 3296 1833 3338 nominant
1861 3295 2043 3335 homines
2075 3308 2151 3335 no-

1193 3353 1264 3394 stri
1302 3350 1530 3408 flcitn'ov.⁴
1593 3353 1762 3402 Memini,
1804 3353 1951 3393 Romae
1989 3350 2150 3404 saepius

1194 3423 1256 3451 me
1303 3410 1450 3451 vidisse
1494 3411 1558 3451 ‹lie
1600 3411 1703 3450 sesto
1746 3411 1786 3449 S.
1824 3407 2003 3450 Andreae
2042 3408 2151 3462 Apo-

1194 3466 1289 3507 stoli
1321 3468 1394 3516 (30
1426 3480 1528 3508 men.
1564 3465 1797 3517 Norembis)
1828 3470 1919 3507 ante
1958 3463 2150 3518 templum

1195 3522 1272 3575 ipsi
1303 3523 1529 3564 dedicatum
1551 3522 1682 3575 (Snnt'
1702 3522 1855 3564 Andren
1893 3520 2000 3562 della
2021 3519 2152 3573 Valle)

1196 3579 1353 3631 populo
1393 3592 1527 3621 ramos
1579 3578 1693 3620 vendi
1743 3591 1832 3620 cum
1872 3577 1980 3619 dulci
2020 3577 2151 3619 smctu

1195 3635 1336 3688 (legno
1369 3636 1407 3677 di
1441 3635 1550 3677 Sant'
1581 3636 1736 3678 Audi-ea
1767 3648 1838 3678 seu
1878 3634 1996 3689 legno
2034 3640 2151 3676 santo
