2340 3900
244 168 344 219 588
970 173 1196 218 IIERMAE
1234 174 1457 221 PASTOR.

974 374 1341 422 ENTOAH
1376 369 1462 425 A'.

381 466 588 529 Πρῶτον
619 462 813 516 πάντων
846 466 1103 518 πίστευσον
1138 465 1212 519 ότι
1229 463 1343 554 Μεῖς
1351 468 1445 519 ἐστὶ
1481 466 1625 536 θεός,
1664 467 1691 522 6
1726 468 1784 521 τὰ
1819 466 1977 522 πάντα
2022 468 2187 528 κτίσας

243 530 319 581 καὶ
363 534 670 614 καταρτίσας,
717 534 797 584 καὶ
833 552 1068 621 ποιησας
1076 537 1130 587 ἔκ
1166 541 1252 587 τοῦ
1285 534 1359 621 μὴ
1387 534 1527 599 ὄντος
1562 539 1629 598 εἷς
1663 537 1715 591 τὸ
1753 536 1876 590 εἶναι
1910 534 1968 588 τὰ
2014 535 2185 600 πάντα,

240 599 322 650 καὶ
353 621 509 650 παντα
542 607 736 669 χωρῶν,
774 603 922 667 μόνος
958 604 1009 654 66
1043 601 1286 691 ἆχώρητος
1321 602 1414 667 ὤν,
1453 608 1532 658 καὶ
1571 609 1821 692 φοβήθητι
1857 602 2017 658 αὐτόν.
2089 605 2189 655 Καὶ

241 666 498 734 ἀποβαλεῖς
547 676 708 721 πᾶσαν
757 674 996 756 πονηρίαν
1043 671 1139 725 ἀπὸ
1189 679 1307 735 σοῦ,
1356 675 1438 724 καὶ
1483 673 1658 761 ἐνδύσῃ
1702 682 1864 727 πᾶσαν
1900 671 2073 760 ἀρετὴν
2107 674 2189 725 καὶ

241 735 580 804 δικαιοσύνην·
617 740 699 790 καὶ
734 738 849 810 ζησῃ
886 747 952 812 τῷ
989 747 1125 815 θεῶ,
1165 739 1249 794 ἐὰν
1284 741 1502 815 φυλάξῃς
1537 763 1625 810 την
1662 743 1856 811 ἐντολὴν
1889 742 2080 810 ταύτην.

971 924 1339 972 ΕΝΤΟΛΗ
1383 893 1459 972 Β’

374 1013 520 1098 Λέγει
569 1035 650 1079 μοι
699 1012 962 1099 Ἀπλότητα
1008 1018 1106 1086 ε’χε,
1162 1017 1242 1068 καὶ
1289 1035 1469 1076 ακακος
1513 1016 1701 1083 γίνου,1
1746 1014 1829 1066 καὶ
1876 1014 1985 1099 ἔσῃ2
2034 1035 2101 1075 ως
2133 1011 2191 1065 τὰ

242 1079 389 1164 νήπια
424 1081 482 1133 τὰ
518 1081 582 1149 μὴ
618 1082 915 1152 γινώσκοντα
951 1088 1190 1171 πονηρίαν
1225 1083 1310 1150 τὴν
1348 1082 1646 1135 ἆπολλῦσαν3
1684 1081 1774 1148 τὴν
1809 1067 1945 1150 ζωὴν
1980 1089 2078 1135 τῶν
2111 1081 2192 1134 ἇν-

239 1148 465 1218 θρώπων.
540 1157 748 1219 Πρῶτον
783 1154 868 1221 μὲν
902 1154 1133 1242 μηδενὸς
1143 1151 1393 1206 καταλάλει
1429 1152 1548 1218 μηδὲ
1582 1151 1756 1217 ἡδέως4
1793 1151 1942 1204 ’ἄκουε
1989 1158 2190 1204 καταλα-

238 1226 466 1282 λοῦντος·
515 1223 558 1272 εἰ
586 1221 638 1273 66
674 1243 763 1289 μη,
799 1224 880 1274 καὶ
914 1223 973 1275 σὺ
1011 1221 1205 1274 ἀκούων
1241 1223 1403 1288 ε’νοχος
1439 1222 1522 1307 ἔσῃ
1567 1243 1654 1287 της
1702 1219 1934 1306 ἆμαρτίας
1975 1227 2062 1273 τοῦ
2108 1242 2194 1272 κα-

237 1295 576 1354 ταλαλοῦντος,
622 1289 707 1342 ἐὰν
752 1291 1008 1364 πιστεύσῃς
1059 1298 1118 1363 τῇ
1165 1295 1426 1360 καταλαλιᾷ
1474 1289 1507 1362 ᾖ
1550 1288 1612 1342 ἂν
1648 1289 1884 1377 ἀκούσῃς·
1939 1288 2195 1350 πιστεύσας

237 1356 325 1424 γὰρ
360 1360 440 1410 καὶ
478 1357 536 1410 συ
572 1358 716 1421 αὐτὸς
752 1361 918 1423 ἕξεις..
931 1347 988 1415 ..5
1024 1368 1110 1413 τοῦ
1145 1359 1358 1425 ἀδελφοῦ
1395 1376 1509 1411 σου·
1546 1359 1700 1420 οὕτως
1748 1361 1839 1411 οὖν
1876 1361 2057 1447 ε’νοχος
2104 1360 2188 1430 ε’σῃ

237 1433 295 1498 τῇ
332 1425 537 1498 ἁμαρτία
570 1434 657 1480 τοῦ
688 1436 1079 1490 καταλαλοῦντος.
1153 1426 1359 1516 Πονηρᾶ
1372 1426 1430 1512 ἦ
1465 1427 1726 1480 καταλαλιὰ
1760 1429 1843 1480 καὶ
1865 1426 2191 1481 ἀκατάστατον

239 1479 514 1562 δαιμόνιον,
548 1498 782 1571 μηδέποτε
816 1501 1104 1587 εἰρηνεῦον,
1150 1496 1268 1549 ἀλλὰ
1316 1518 1519 1548 παντοτε
1566 1519 1618 1549 εν
1667 1500 1990 1564 διχοστασίαις
2033 1518 2192 1550 κατοι-

238 1571 371 1618 κοῦν.
437 1564 642 1632 Ἀπὲχου
680 1571 770 1618 οὐν
806 1566 893 1619 ἀπ’
935 1566 1115 1630 αὐτοῦ,
1152 1567 1234 1618 καὶ
1269 1565 1508 1636 εὐθηνίαν
1542 1564 1746 1618 πάντοτε
1786 1566 1904 1627 εξεις
1932 1564 2050 1633 μετὰ
2071 1587 2191 1618 παν-

239 1655 344 1686 των.
399 1632 643 1686 ’Ἐνδυσαι
679 1635 731 1687 66
749 1657 851 1720 την
869 1634 1173 1723 σεμνότητα,
1212 1637 1262 1687 ἐν
1295 1636 1326 1705 ἡ
1383 1633 1527 1686 οὐδὲν
1575 1634 1887 1722 πρόσκομμά
1909 1636 2007 1687 ἔστι
2040 1655 2190 1702 πονη-

237 1701 349 1789 ρόν,
388 1700 508 1754 ἀλλὰ
541 1702 698 1755 πάντα
735 1702 890 1776 ὁμαλὰ
923 1707 1005 1756 καὶ
1041 1702 1182 1790 ἱλαρὰ
1218 1702 1276 1754 τὰ
1312 1704 1440 1798 ε’δργα
1502 1702 1738 1790 Ἐργάζου
1772 1701 1826 1755 τὸ
1862 1701 2073 1772 ἀγαθόν,
2109 1725 2191 1755 και

238 1771 290 1822 ἐκ
324 1776 421 1821 τῶν
455 1769 622 1823 κόπων
657 1789 762 1833 σου,
801 1776 869 1824 ὠν
905 1771 932 1824 6
967 1771 1086 1833 θεὸς
1122 1774 1291 1823 δίδωσί
1326 1773 1440 1834 σοι,6
1475 1778 1622 1823 πᾶσιν
1659 1771 2026 1839 ὖστερουμένοις
2049 1774 2190 1824 δίδου

237 1837 425 1900 ἅπλῶς,
471 1861 535 1905 μη
584 1840 812 1902 δισταζων
856 1843 952 1892 τίνι
998 1844 1096 1910 δῷς
1141 1863 1172 1906 η
1208 1843 1301 1891 τίνι
1337 1836 1401 1905 μὴ
1438 1841 1556 1909 δῷς·
1593 1847 1713 1892 πᾶσι
1749 1843 1911 1891 δίδου·
1943 1847 2064 1892 πᾶσι
2096 1839 2188 1908 γὰρ

239 1906 269 1959 6
303 1904 423 1968 θεὸς
459 1910 689 1960 δίδοσθαι
724 1910 856 1961 θέλει
894 1911 947 1962 ἐκ
980 1916 1077 1961 τῶν
1114 1911 1250 1960 ἰδίων
1302 1908 1608 1973 δωρηματων.
1684 1909 1749 1959 Οἱ
1792 1928 1883 1959 ουν
1909 1907 2196 1997 ..λαμβανου-

236 1997 311 2037 τες
347 1974 657 2029 ἀποδώσουσι
692 1977 836 2062 λόγον
871 1985 937 2049 τῷ
975 1985 1105 2049 θεῷ,
1144 1975 1223 2029 διὰ
1261 1979 1306 2027 τί
1342 1978 1514 2043 ἔλαβον
1549 1978 1632 2028 καὶ
1663 1980 1730 2038 εἰς
1765 1978 1925 2028 τί·οἷ
1967 1977 2054 2044 μὲν
2102 1975 2194 2063 γὰρ

235 2045 556 2112 λαμβανοντες
591 2046 892 2133 θλιβόμενοι
911 2047 969 2099 οὐ
1007 2033 1417 2135 δικασθησονται,
1454 2049 1504 2097 οἱ
1537 2046 1587 2097 66
1625 2047 1677 2098 ἐν
1711 2043 1962 2133 ’ὑποκρίσει
2011 2045 2190 2133 λαμβα-

237 2136 398 2176 νοντες
433 2117 618 2167 τίσουσι
655 2119 808 2183 δίκην.
878 2114 934 2168 Ο
970 2138 1060 2168 ουν
1097 2114 1263 2176 διδοὺς
1300 2112 1473 2202 ἆθῷός
1509 2116 1660 2167 ἔστιν·
1698 2137 1764 2176 ως
1783 2113 1874 2184 γὰρ
1873 2116 2086 2204 ἔλαβε
2061 2113 2194 2184 παρὰ

236 2191 321 2236 τοῦ
356 2187 529 2270 κυρίου
575 2183 663 2252 τὴν
709 2188 986 2248 διακονίαν,
1036 2187 1247 2253 ἔδ[ωσε],
1254 2187 1269 2212 ‘¹
1322 2183 1385 2250 μὴ
1436 2186 1698 2251 διακρίνων
1745 2187 1791 2235 τί
1826 2187 1908 2254 δῷ.
1986 2185 2192 2252 Εγένετο

238 2275 328 2305 ουν
374 2252 407 2319 ’ἦ
458 2256 683 2306 διακονία
730 2255 851 2321 αὕτη
901 2253 1065 2316 απλῶς
1110 2260 1387 2306 τελεσθεῖσα
1438 2254 1631 2315 ε’νδοξος
1678 2251 1810 2322 παρὰ
1846 2259 1912 2325 τῷ
1949 2260 2068 2340 θεῷ.
2138 2253 2194 2306 Ὁ

238 2316 326 2374 οὖν
363 2322 515 2384 οὕτως
552 2321 714 2385 ἅπλῶς
751 2327 990 2376 διακονῶν
1025 2330 1090 2395 τῷ
1127 2329 1231 2394 θεῷ
1248 2320 1466 2409 ζήσεται.
1543 2320 1765 2375 Φύλασσε
1812 2315 1903 2374 οὐν
1937 2320 2024 2384 τὰς
2059 2323 2188 2375 ἐντο-

238 2390 324 2452 λᾶς
370 2390 545 2452 ταύτας
593 2393 658 2453 ὥς
707 2411 780 2445 σοι
817 2392 1072 2458 λελαληκα,
1110 2394 1192 2444 ι’να
1227 2415 1258 2458 η
1300 2389 1526 2457 μετάνοιά
1562 2408 1650 2443 σου
1686 2392 1770 2443 καὶ
1802 2397 1891 2443 τοῦ
1927 2394 2066 2446 οἴκου
2103 2409 2191 2445 σου

240 2460 291 2511 ἐν
326 2456 555 2526 απλότητι
592 2459 792 2533 ευρεθῇΒ
826 2463 908 2513 καὶ
943 2459 1164 2532 ἀπολαύῃ
1194 2467 1428 2528 καθαρῶς
1462 2461 1544 2513 καὶ
1581 2459 1797 2521 ἆνιατως.

987 2643 1338 2690 ΕΝΤΟΛΗ
1369 2637 1447 2689 Γ’.

382 2732 541 2786 Πάλιν
601 2735 721 2803 λέγει
781 2755 861 2801 μοι
899 2734 1162 2821 Ἀλήθειαν
1209 2732 1393 2803 ἆγαπα,
1442 2734 1521 2784 καὶ
1569 2739 1702 2785 πᾶσα
1749 2730 1957 2799 ἀλήθεια
2003 2734 2057 2784 ἐκ
2103 2739 2190 2786 τοῦ

241 2801 472 2867 στόματός
494 2819 582 2854 σου
609 2804 957 2889 ἐκπορευέσθω,
991 2806 1074 2855 ι’να
1088 2801 1141 2854 τὸ
1168 2809 1373 2868 πνεῦμα,
1403 2800 1431 2853 ὃ
1449 2799 1566 2862 θεὸς
1591 2800 1869 2891 κατῴκισεν1
1903 2802 1954 2853 ἐν
1971 2807 2030 2873 τῇ
2043 2803 2190 2886 σαρκὶ

237 2870 402 2956 ταύτῃ,
440 2870 619 2938 ἀληθὲς
655 2870 836 2943 ευρεθῇ
874 2870 1010 2959 παρὰ
1041 2878 1188 2923 πᾶσιν
1221 2869 1519 2958 ἀνθρώποις,
1556 2872 1639 2921 καὶ
1678 2870 1804 2922 οὕτω
1837 2854 2190 2936 δοξασθήσεται

240 2938 364 3006 ὁμοῦ
401 2939 431 2992 6
465 2941 516 2992 ἐν
552 2942 627 2992 σοὶ
663 2947 929 2993 κατοικῶν·
982 2940 1056 2992 ότι
1090 2938 1266 3011 κύριος
1293 2937 1531 3022 ἀληθινός
1567 2939 1693 2990 ἐστιν
1731 2939 1782 2990 ἐν
1815 2939 1960 2990 παντὶ
1996 2938 2186 3023 ῥήματι,

239 3010 323 3060 καὶ
359 3008 502 3061 οὐδὲν
519 3007 641 3096 παρ’
683 3008 814 3079 αὐτῷ
845 3012 1047 3075 ψεῦδος
1124 3011 1189 3059 Οἱ
1205 3010 1296 3061 οὖν
1314 3005 1610 3073 ψευδόμενοι
1645 3006 1877 3059 ἆθετοῢσι
1896 3005 1980 3059 τὸν
1977 3006 2185 3094 κύριον,

240 3078 322 3129 καὶ
355 3080 569 3146 γίνονται
616 3063 931 3147 ἀποστερηταὶ
964 3084 1052 3130 τοῦ
1087 3080 1282 3146 κυρίου,
1320 3077 1402 3128 καὶ
1438 3074 1503 3143 μὴ
1538 3074 1885 3141 παραδιδόντες
1931 3072 2063 3147 αὐτῷ
2098 3073 2205 3144 τὴν,

327 3273 748 3327 Mand.11.1)ycvov:
772 3285 908 3324 apogr.
928 3283 1030 3313 νου·
1052 3272 1185 3323 priore
1330 3271 1373 3323 5)
1404 3270 1595 3310 nonnulla
1626 3269 1765 3309 deesse
1795 3274 1973 3319 apparet.

241 3329 394 3378 syllaba
427 3329 585 3368 omissa.
1330 3327 1373 3377 6)
1406 3324 1582 3365 δίδωσί
1608 3334 1701 3364 σοιε
1734 3336 1870 3373 apogr.
1901 3320 2111 3363 δίδωσοι.

328 3384 370 3427 2)
401 3385 476 3422 καὶ
522 3381 629 3439 ἕσῃε
679 3396 816 3434 apogr.
857 3379 909 3421 δ’
951 3379 1063 3449 ἔσῃ,
1113 3382 1186 3420 sed
1326 3381 1370 3429 7)
1402 3378 1619 3428 ἔδ[ωσε];
1658 3378 1716 3417 sie
1746 3378 1786 3416 in
1818 3378 1907 3428 ipso
1939 3390 2076 3427 apogr.
2111 3386 2182 3418 est.

242 3450 363 3486 super
393 3436 433 3476 d
466 3444 599 3477 notata
632 3444 723 3476 sunt
753 3438 876 3476 haee:
907 3434 1009 3491 γὰρ,
1030 3434 1072 3487 ἢ,
1095 3436 1183 3476 καὶ.
1324 3435 1367 3485 8)
1398 3435 1501 3472 inter
1531 3430 1701 3494 εὑρεθῆ
1719 3438 1757 3471 et
1769 3432 1845 3471 καὶ
1867 3433 2182 3483 suprascriptum

326 3491 370 3540 3)
402 3504 535 3541 apogr.
570 3488 852 3532 ἀπόλλυσαι).
1241 3496 1300 3529 est
1320 3490 1466 3544 κριτῇ,
1495 3486 1767 3526 recentissima
1799 3499 1915 3525 manu
1946 3499 2083 3526 rursus
2112 3485 2182 3526 de-

328 3545 372 3593 4)
402 3558 540 3595 apogr.
585 3553 794 3596 corrupte:
850 3542 999 3597 μηδὲν
1041 3543 1182 3598 μηδη,
1238 3545 1371 3583 letum.

244 3610 364 3648 super
395 3613 420 3649 η
453 3607 623 3640 extremo
656 3601 797 3640 litteris
826 3600 909 3642 ἕνα
938 3600 1094 3650 positis.
1322 3596 1450 3637 Mand.
1484 3595 1549 3634 ΙΙΙ.
1612 3594 1654 3647 1)
1684 3607 1822 3646 apogl.
1857 3591 2139 3649 κατῴκησεν.
