2340 3900
155 158 255 209 444
434 160 656 207 HERMAE
690 158 923 205 PASTOR.
993 158 1154 205 LIBER
1175 158 1227 206 u.
1299 159 1538 209 MANDAT.
1573 163 1604 209 1.
1643 161 1694 209 11.
1732 158 1804 220 (A)

902 288 1278 344 MANDATUM
1311 292 1347 345 1.

799 392 871 437 De
907 392 999 452 fide
1032 393 1084 438 in
1118 408 1263 441 unum
1298 395 1460 442 Deum.

289 480 606 545 (A)*,Primum
644 486 843 532 omnium
880 488 1031 545 crede,
1069 483 1208 549 quod¹
1245 504 1362 537 unus
1399 498 1469 537 est
1489 492 1621 546 Deus,
1659 491 1736 550 qui
1762 489 1910 535 omnia
1933 491 2103 538 creavit

153 564 197 604 et
235 556 574 612 consummavit,
609 562 653 602 et
688 569 741 601 ex
775 556 919 602 nihilo
958 558 1106 603 omnia
1141 558 1258 606 fecit.
1330 559 1431 620 lpse
1461 574 1599 621 capax
1623 559 1937 605 universorum
1973 559 2100 606 solus

153 628 398 672 immensus
435 617 542 681 est,²
583 624 662 685 qui
697 638 782 670 nec
817 624 956 671 verbo
995 625 1186 684 definiri,
1225 641 1311 674 nec
1337 635 1485 674 mente
1517 627 1695 688 concipi
1721 632 1887 688 potest.
1960 627 2103 675 Crede

151 694 287 755 igitur
323 694 368 739 in
406 707 520 750 eum,
560 700 605 739 et
639 693 745 739 time
783 708 901 750 eum,
943 701 989 741 et
1016 696 1178 742 timens
1209 696 1322 743 habe
1359 697 1672 743 abstinentian.
1745 695 1866 741 Haec
1907 696 2099 754 custodi,

149 769 195 808 et
229 762 372 809 abiice
409 761 490 808 abs
527 767 572 808 te
612 775 790 808 omnem
831 764 1242 825 concupiscentiam
1281 758 1344 811 et³
1373 766 1631 826 nequitiam,
1671 771 1716 811 et
1734 764 1870 812 indue
1894 764 2102 812 virtutem

149 830 358 888 iustitiae,
396 836 441 877 et
477 831 598 878 vives
634 831 742 888 Deo,
781 831 819 877 si
856 833 1127 880 custodieris
1164 835 1422 880 mandatum
1458 830 1577 880 hoc‘

892 951 1269 1003 MANDATUM
1305 951 1363 1004 II.

231 1039 302 1085 De
338 1039 566 1100 fugienda
603 1041 938 1094 obtrectatione,
977 1046 1017 1086 et
1051 1041 1336 1099 eleemosyna
1372 1040 1593 1099 facienda
1625 1041 1676 1087 in
1710 1040 2014 1100 simplicitate.

284 1117 537 1180 (AM-Dixit
570 1123 707 1168 mihi:
745 1122 1090 1182 ‚simplicitatem
1126 1122 1256 1177 habe,
1295 1127 1340 1167 et
1360 1123 1578 1167 innocens
1615 1128 1739 1179 est03
1777 1115 1839 1168 et¹
1868 1123 1960 1168 eris
1985 1123 2103 1170 sicut

151 1190 310 1243 infans,
350 1191 428 1251 qui
465 1192 612 1237 nescit
646 1190 872 1251 malitiam,
915 1205 1028 1250 quae
1066 1189 1266 1250 perdidit
1313 1190 1444 1236 vitam
1480 1191 1725 1236 hominum.
1796 1191 1998 1237 Primum
2044 1192 2100 1238 de

148 1259 272 1306 nullo
312 1259 426 1305 male
463 1260 696 1320 loquaris,
734 1273 882 1319 neque
920 1259 1114 1305 libenter
1162 1259 1316 1304 audias
1352 1259 1470 1305 male
1507 1259 1783 1319 loquentem.
1854 1253 1955 1305 Sin²
1989 1274 2099 1307 vero

147 1335 192 1374 et
227 1333 275 1373 tu
311 1328 520 1384 audieriS‚
557 1330 783 1389 particeps
822 1329 913 1374 eris
951 1327 1128 1388 peccati
1153 1327 1267 1373 male
1285 1327 1537 1387 loquentis·
1575 1334 1620 1374 et
1639 1328 1831 1374 credens
1847 1334 1897 1375 tu
1917 1343 2100 1389 quoque

146 1403 383 1473 peccatum
419 1390 645 1453 habebis,³
685 1397 790 1456 quia
827 1397 1061 1442 credidisti
1109 1396 1222 1442 male
1276 1396 1479 1455 loquenti
1531 1397 1586 1442 de
1636 1397 1775 1442 fratre
1825 1402 1920 1443 tuo.
1992 1397 2099 1444 Per-

145 1465 321 1511 niciosa
359 1470 430 1511 est
464 1458 722 1526 detractiost
756 1465 1017 1510 inconstans
1055 1464 1337 1510 daemonium
1372 1471 1465 1520 est;
1502 1479 1733 1524 nunquam
1769 1465 1815 1510 in
1844 1479 1956 1526 pace
1993 1479 2100 1512 con·

145 1533 280 1588 sistit,
318 1534 400 1580 sed
439 1547 618 1594 semper
655 1534 698 1579 in
739 1533 967 1579 discordia
1003 1539 1166 1578 manet
1238 1533 1443 1578 Contine⁰
1464 1525 1530 1578 te⁵
1566 1533 1620 1578 ab
1676 1532 1765 1589 illa,
1820 1539 1865 1579 et
1914 1547 2098 1595 semper

145 1615 304 1663 pacem
341 1602 456 1648 habe
495 1616 597 1648 cum
635 1601 773 1647 fratre
809 1608 903 1647 tuo.
976 1601 1116 1647 Indue
1156 1602 1453 1647 constantiam
1489 1608 1717 1658 sanctam,
1771 1602 1815 1647 in
1854 1616 1943 1662 qua
1978 1603 2099 1648 nulla

145 1678 251 1717 sunt
285 1679 488 1731 peccata,
526 1671 607 1716 sed
634 1670 784 1716 omnia
804 1671 923 1716 laeta
949 1677 1076 1726 sunt;
1114 1676 1159 1716 et
1180 1663 1394 1716 benefac⁶
1433 1671 1489 1716 de
1509 1670 1742 1716 laboribus
1776 1671 1878 1716 tuis.
1951 1671 2096 1717 Omni-

143 1739 228 1785 bus
283 1733 514 1799 inopibus⁷
571 1738 626 1784 da
672 1739 967 1798 simpliciter,
1011 1739 1132 1783 nihil·
1173 1738 1382 1783 dubitans
1433 1738 1506 1784 cui
1571 1739 1666 1784 des
1748 1738 1838 1784 Sed
1887 1739 2098 1786 omnibus

146 1808 224 1866 da3
262 1807 471 1853 omnihus
516 1806 634 1852 enim
681 1806 798 1851 Deus
837 1807 934 1851 dari
969 1806 1062 1850 vult
1099 1807 1155 1851 de
1205 1807 1298 1851 suis
1339 1799 1505 1851 donis!3
1576 1806 1660 1862 Qui
1705 1819 1814 1866 ergo
1853 1808 2098 1868 accipiunt,

143 1874 340 1921 reddent
377 1875 597 1920 rationem
632 1874 740 1928 Deo,
779 1888 918 1934 quare
953 1880 1243 1933 acceperunt,
1282 1879 1328 1919 et
1363 1867 1438 1918 ad⁹
1478 1874 1602 1933 quid.
1676 1874 1760 1929 Qui
1797 1880 1945 1920 autem
1981 1877 2098 1921 acci-

144 1944 273 2004 piunt
309 1943 413 1990 ficta
447 1942 738 2029 necessitate,
776 1942 969 1988 reddent
1006 1943 1256 1998 rationem3
1294 1942 1372 2002 qui
1409 1948 1559 1987 autem
1598 1943 1701 1998 dat,
1735 1942 1957 1989 innocens
1995 1944 2098 1990 erit·

143 2012 271 2058 Sicut
305 2013 425 2058 enim
462 2005 675 2072 accepit¹⁰
693 2026 718 2057 a
748 2012 956 2067 Domino,
992 2010 1291 2057 ministerium
1315 2012 1657 2068 consummavit,
1692 2010 1803 2056 nihil
1835 2011 2098 2070 dubitando,

143 2081 217 2127 cui
256 2082 385 2127 daret
420 2086 466 2127 et
502 2081 574 2126 cui
622 2094 713 2125 non
766 2081 919 2137 daret3
970 2086 1013 2126 et
1049 2080 1157 2126 fecit
1208 2080 1295 2126 hoc
1347 2079 1648 2126 ministerium
1700 2080 1965 2140 simpliciter
2017 2074 2097 2127 et¹¹

142 2151 342 2211 gloriose
378 2150 434 2195 ad
470 2150 622 2196 Deum.
695 2148 882 2195 Custodi
920 2163 1029 2209 ergo
1066 2149 1322 2195 mandatum
1358 2150 1463 2205 hoc,
1501 2149 1618 2195 sicut
1656 2147 1736 2194 tibi
1765 2148 1942 2196 locutus
1980 2163 2098 2208 sum,

140 2226 192 2266 ut
229 2219 507 2280 poenitentia
543 2225 618 2264 tua
655 2211 844 2279 simplex
879 2218 1145 2273 inveniatur,
1177 2223 1223 2264 et
1257 2218 1404 2278 possit
1427 2217 1579 2264 domui
1604 2224 1706 2265 tuae
1740 2217 1857 2265 bene
1887 2218 2015 2275 fieri;
2053 2225 2100 2266 et

142 2301 222 2335 cor
254 2288 470 2335 mundum
507 2284 658 2335 habe‘

279 2377 303 2403 *
321 2380 527 2445 Πρῶτον
560 2373 755 2428 πάντων
801 2377 1071 2439 πίστευσον,
1105 2374 1179 2428 ’ὅτι
1227 2371 1296 2437 εἷς
1329 2375 1456 2428 ἐστὶν
1493 2374 1523 2428 6
1564 2372 1714 2439 Θεὸς,
1770 2371 1800 2427 6
1834 2372 1894 2427 τὰ
1939 2373 2098 2428 πάντα

142 2446 307 2506 κτίσας
341 2446 425 2497 καὶ
433 2447 768 2535 καταρτίσας,
805 2446 889 2497 καὶ
922 2443 1131 2511 ποιήσας
1167 2445 1220 2496 ἐκ
1255 2451 1341 2496 τοῦ
1378 2443 1443 2530 μὴ
1482 2443 1623 2506 ὄντος
1660 2447 1729 2506 εἰς
1764 2441 1819 2496 τὸ
1866 2440 1991 2496 εἶναι
2038 2443 2100 2496 τὰ

141 2533 311 2567 παντα.
382 2510 476 2575 Εἷς
517 2513 641 2575 Θεὸς
679 2513 828 2580 μόνος
863 2511 891 2565 6
925 2514 1084 2566 πάντα
1116 2519 1299 2581 χωρῶν,
1336 2512 1486 2580 μόνος
1522 2514 1573 2565 δὲ
1608 2511 1852 2581 ἆχώρητος
1887 2510 1969 2566 ὤν.

283 2601 592 2669 -ΉΛπλότητα
628 2603 712 2670 ἔχε,
751 2603 834 2654 καὶ
871 2600 1054 2663 ἄκακος
1088 2607 1260 2670 γενοῦ,
1308 2603 1391 2654 καὶ
1438 2603 1518 2653 ἔσο
1557 2622 1624 2663 ως
1657 2622 1716 2673 τα
1749 2599 1902 2689 νήπια
1934 2599 1995 2654 τὰ
2028 2600 2095 2670 μκὴ

142 2670 438 2760 γινώσκοντα
482 2674 750 2759 πονηρίαν,
808 2668 896 2737 τὴν
945 2669 1224 2723 ἄπολοῦσαν
1258 2669 1347 2738 τὴν
1383 2672 1624 2758 σωτηρίαν
1657 2675 1755 2723 τῶν
1803 2668 2094 2741 ἀνθρώπων.

144 2746 351 2810 Πρῶτον
385 2741 471 2809 μὲν
510 2739 720 2809 μηδενὸς
755 2738 1019 2804 καταλάλει,
1058 2740 1178 2807 μηδὲ
1211 2738 1422 2807 ἦδέως”
1392 2761 1540 2793 ακουε
1574 2745 1660 2792 τοῦ
1687 2746 2092 2803 καταλαλοῦντος·

225 2883 356 2923 Mand.
387 2884 416 2922 Ι.
483 2883 518 2933 l)
551 2883 644 2933 quia
666 2882 764 2932 Vat„
799 2881 861 2920 cui
897 2880 987 2920 dein
1021 2893 1087 2919 ex-
1229 2879 1272 2931 2)
1303 2882 1387 2920 Huc
1434 2893 1561 2932 usque
1605 2881 1734 2920 Mand.
1786 2879 1894 2919 istud
1945 2879 2095 2921 Graece

144 2939 240 2980 cidit
271 2951 388 2990 pron.
407 2940 474 3004 qui
503 2945 542 2978 et
558 2950 608 2977 etc
630 2949 772 2988 praep.
805 2936 956 2976 Graeca
973 2942 1085 2975 sunt:
1147 2936 1303 2976 exhibet
1342 2943 1482 2977 auctor
1521 2937 1730 2977 Doctrinae
1775 2937 1824 2975 ad
1866 2935 2096 2977 Antiochum

143 2997 333 3064 πρῶτον
363 2989 559 3035 πάντων
594 2994 873 3043 πίστευσον,
916 2987 992 3032 ὅτι
1025 2984 1090 3037 εἷς
1145 2993 1287 3032 Ducem
1328 2993 1458 3032 editae
1516 3006 1538 3031 a
1593 2991 1890 3032 Montfauconio
1920 2990 1989 3032 “Τ.
2030 2992 2094 3032 111.

142 3048 271 3092 ἐστὶν
299 3047 324 3090 6
359 3047 488 3104 θεὸς
516 3046 540 3089 6
569 3045 627 3089 τὰ
645 3024 983 3093 πάντακτίσας
1012 3046 1090 3087 καὶ
1148 3048 1250 3099 Opp.
1296 3048 1335 3087 S.
1379 3048 1581 3088 Athanasii
1622 3060 1662 3099 p.
1702 3047 1798 3088 252.
1837 3060 1876 3087 n.
1924 3047 1972 3096 1,
2025 3047 2094 3088 ubi

145 3107 451 3172 καταρτίσας,
475 3089 550 3145 καὶ
585 3099 786 3169 ποιήσας
827 3101 876 3143 ἐκ
907 3105 988 3143 τοῦ
1023 3100 1088 3158 μὴ
1148 3103 1225 3142 alia
1255 3109 1462 3154 praeterea
1505 3117 1550 3144 ex
1580 3104 1746 3144 Pastore
1781 3103 1989 3154 desumpta
2029 3103 2092 3143 in-

142 3156 277 3208 ὄντος
308 3161 376 3208 εἰς
404 3158 456 3201 τὸ
488 3158 609 3202 εἶναι
632 3157 690 3201 τὰ
710 3155 880 3202 πάντα.
921 3159 1091 3210 Sapien—
1148 3159 1296 3199 venies.

145 3217 298 3256 tissimo
331 3217 516 3257 Mandato
547 3216 625 3255 hoc
670 3215 733 3255 usi
764 3220 855 3254 sunt
887 3214 982 3254 olim
1014 3215 1086 3254 SS.
1236 3215 1281 3266 3)
1311 3216 1662 3267 concupiscentiam
1705 3218 1740 3254 et
1769 3225 1847 3253 om.
1879 3213 1984 3262 Van,
2022 3213 2091 3253 ubi

146 3273 296 3322 Patres,
328 3272 391 3311 usi
421 3277 460 3311 et
489 3270 688 3311 Haeretici
713 3270 858 3319 Ariani,
891 3282 979 3310 cum
1009 3270 1087 3310 hoc
1145 3276 1239 3322 post
1267 3273 1371 3311 vives
1400 3270 1669 3322 interponitur
1699 3281 1796 3309 cum.

146 3327 390 3378 discrimine,
425 3326 533 3379 quod
562 3325 621 3365 illi
642 3326 802 3378 quidem
825 3325 975 3376 optimo
1000 3326 1086 3365 iure

145 3381 186 3421 id
227 3382 415 3432 fecerint,
461 3382 501 3421 hi
547 3394 642 3421 vero
682 3381 858 3433 pessimo
891 3381 1085 3433 exemplo,
1230 3379 1359 3419 Mand.
1389 3380 1436 3419 ΙΙ.
1498 3379 1538 3432 1)
1569 3385 1606 3420 et
1639 3391 1715 3419 om.
1739 3378 1836 3428 Vat„
1866 3378 1934 3417 ubi
1956 3379 2090 3431 insan-

146 3437 417 3489 singularique
444 3437 703 3488 impudentia,
737 3436 850 3489 quasi
879 3443 997 3487 neget
1009 3438 1086 3476 Ec-
1144 3440 1201 3475 tes
1232 3436 1298 3486 qui
1330 3436 1506 3475 nesciunt
1534 3447 1574 3486 p.
1602 3436 1747 3485 infans,
1779 3435 1846 3485 qui
1869 3436 2004 3475 nescit.
2033 3435 2091 3476 Ab

147 3491 268 3530 clesia
289 3505 407 3532 unum
430 3506 518 3533 esse
545 3493 693 3542 Deum,
720 3498 952 3533 cunctorum
973 3505 1087 3532 crea-
1144 3489 1258 3529 initio
1288 3501 1415 3541 usque
1446 3491 1497 3530 ad
1525 3489 1667 3529 verba:
1699 3490 1826 3529 omnia
1860 3491 1963 3530 laeta
2001 3495 2092 3532 sunt

147 3552 285 3586 torem.
322 3547 399 3587 Cot.
459 3548 539 3587 Cfr.
565 3547 643 3587 Vis.
671 3550 706 3598 1,
741 3549 797 3589 1.:
829 3549 1006 3589 condidit
1035 3559 1085 3587 ea:
1141 3545 1331 3585 habemus
1363 3544 1512 3584 Graece
1530 3545 1666 3584 Doctr.
1701 3544 1752 3584 ad
1770 3544 1953 3587 Antioch.
1983 3558 2022 3587 n.
2052 3545 2091 3587 2.

144 3602 264 3641 nihilo
305 3614 365 3651 ea,
432 3616 531 3655 quae
572 3607 671 3644 sunt.
1136 3599 1295 3652 ,p.253.
1331 3599 1430 3640 Fere
1461 3599 1651 3640 eademin
1667 3599 1850 3653 Antiochi
1870 3599 2009 3642 homil.
2023 3600 2091 3642 29.

2320 1443 2340 1501 ’ΔΜ
