2340 3900
140 155 239 206 460
388 157 612 203 HERMAE
649 154 876 201 PASTOR.
948 155 1110 201 LIBER
1145 155 1199 203 11.
1267 155 1506 204 MANDAT.
1542 157 1614 203 vl.
1652 156 1738 202 VII.
1771 153 1840 214 (A)

141 309 240 341 rum
278 306 464 354 operum
502 297 547 336 et
582 291 855 350 optimorum
901 289 1106 336 ciborum
1143 297 1190 337 et
1225 290 1517 350 ebrietatum,
1567 300 1610 340 et
1646 286 1938 353 appetentialo
1973 292 2083 338 mul-

139 370 281 408 tarum
315 373 468 405 rerum
505 359 764 414 alienarum,
801 364 847 404 et
883 358 1095 418 superbia
1133 365 1178 404 et
1211 359 1495 420 multiloquia
1531 368 1576 407 et
1612 361 1825 413 ambitio,
1867 367 1912 406 et
1949 374 2082 420 quae·

141 442 316 488 cunque
352 427 407 472 iis
447 427 607 471 similia
643 432 761 472 sunt.

139 497 286 556 tellige
344 494 533 540 Genium
571 494 819 581 iniqulitatis
850 500 998 540 tecum
1035 508 1150 541 esse
1152 489 1185 514 ¹¹
1251 496 1315 541 Tu
1354 509 1463 557 ergo
1503 512 1603 543 cum
1644 497 1908 557 cognoveris
1945 509 2086 557 opera

138 565 270 620 illius,
308 564 471 609 recede
509 563 563 607 ab
600 555 731 607 iltis¹²
764 561 990 617 omnibu8‚
1027 569 1072 608 et
1107 563 1218 609 nihil
1255 563 1316 609 illi
1344 565 1510 621 crede;
1548 566 1651 626 quia
1675 566 1788 610 mala
1819 570 1924 611 sunt
1947 577 2087 625 opera

139 632 267 687 illius,
306 638 351 677 et
387 645 478 676 non
517 630 786 677 conveniunt
822 643 954 676 servo
992 630 1085 677 Dei.
1158 631 1305 678 Habes
1345 647 1454 692 ergo
1506 640 1803 709 utrorumque
1841 633 2085 678 Geniorum

140 692 328 760 opera.¹³
395 699 594 758 Intellige
632 712 768 753 nunc,
807 705 852 744 et
889 699 1025 744 crede
1065 693 1243 746 Genio¹⁴
1279 701 1529 760 aequitatis,
1569 702 1671 761 quia
1708 701 1912 747 doctrina
1968 700 2084 746 illius

139 769 255 813 bona
293 774 375 813 est.
435 767 556 812 Licet
591 760 746 812 enim¹5
784 767 843 812 sit
880 766 1166 814 felicissimus
1204 769 1367 824 homo,
1405 775 1450 815 et
1487 769 1697 828 cogitatio
1736 769 1919 814 alterius
1959 768 2086 813 Genii

139 837 352 886 ascendat
388 836 431 880 in
469 849 550 880 cor
587 835 732 891 illius,
789 841 968 895 oportet
1015 836 1136 881 illum
1184 837 1328 882 virum
1379 843 1454 883 aut
1487 837 1724 882 mulierem
1762 849 1968 895 peccare.
2039 834 2089 879 Si

138 910 284 949 autem
322 904 454 949 etiam
490 896 833 963 nequissimus¹⁶
868 903 935 948 vir
960 903 1097 950 suerit
1117 911 1192 950 aut
1213 904 1386 959 mulier,
1424 912 1467 950 et
1491 904 1777 950 ascenderint
1798 904 1843 948 in
1866 916 1946 948 cor
1969 902 2089 949 illius

140 986 278 1032 opera
314 971 440 1018 Genii
477 972 739 1031 aequitatis,
789 985 979 1018 necesse
1018 980 1086 1018 est
1134 973 1257 1018 illum
1295 979 1370 1017 aut
1406 973 1524 1018 illam
1575 971 1743 1031 aliquid
1779 971 1888 1017 boni
1924 971 2091 1017 facere.

141 1040 273 1086 Vides
311 1054 435 1100 ergo,
474 1034 633 1100 quod¹⁷
670 1040 838 1086 bonum
877 1046 958 1095 est,
996 1041 1183 1086 Genium
1223 1040 1458 1100 aequitatis
1497 1040 1640 1099 sequi.
1697 1039 1744 1084 Si
1782 1053 1892 1100 ergo
1931 1032 2089 1085 illam¹⁸

140 1114 322 1154 secutus
359 1107 516 1164 fueris,
546 1111 595 1154 et
633 1108 881 1154 credideris
921 1109 1138 1167 operibus
1174 1109 1316 1164 illius,
1366 1109 1485 1154 vives
1523 1107 1642 1165 Deo;
1693 1114 1739 1154 et
1774 1108 1850 1168 qui
1888 1108 2091 1154 credide·

141 1177 230 1222 rint
265 1175 480 1238 operibus
519 1177 651 1234 illius,
690 1177 836 1222 vivent
874 1174 995 1221 De0.‘
1365 1169 1368 1172 “

854 1319 1230 1373 MANDATUM
1265 1319 1368 1372 VII.

512 1451 581 1495 De
620 1450 715 1495 Deo
752 1451 948 1497 timendo
986 1457 1026 1495 et
1062 1451 1297 1496 Daemone
1332 1464 1425 1496 non
1460 1451 1715 1496 metuendo.

279 1542 344 1603 (Α)
374 1540 396 1566 *
409 1539 604 1602 ,Time‚‘¹
642 1545 813 1604 inquit,
862 1545 1130 1601 ‚Dominum,
1169 1552 1215 1590 et
1249 1545 1457 1591 mandata
1493 1545 1590 1591 eius
1629 1544 1824 1591 custodi.
1900 1542 2094 1589 Servans

142 1615 261 1661 enim
296 1622 538 1674 praecepta
576 1613 668 1670 Dei,
705 1613 796 1658 eris
832 1620 993 1672 potens
1032 1614 1077 1658 in
1113 1614 1234 1658 omni
1270 1621 1386 1670 actu,
1427 1620 1472 1660 et
1509 1605 1640 1659 omne
1675 1612 1908 1672 negotium
1944 1603 2094 1656 tuum²

142 1684 228 1730 erit
275 1681 642 1742 incomparabile.
712 1681 893 1727 Timens
942 1682 1061 1727 enim
1115 1681 1378 1736 Dominum,
1425 1682 1574 1727 omnia
1625 1681 1744 1726 bona
1794 1672 2094 1740 operaberis-⁸

142 1751 224 1798 Hic
261 1759 330 1796 est
366 1751 511 1804 timor,
549 1743 659 1809 quo⁴¹
694 1749 852 1795 timere
891 1757 1085 1809 oportet,
1123 1756 1173 1794 ut
1192 1750 1340 1795 salvus
1359 1763 1460 1796 esse
1476 1750 1641 1810 possis.
1689 1747 1923 1794 Diabolum
1946 1754 2095 1793 autem

143 1832 198 1864 ne
234 1819 418 1875 timeas;
454 1818 613 1862 timens
651 1817 769 1863 enim
791 1817 1040 1872 Dominum,
1080 1817 1384 1862 dominaberis
1423 1811 1592 1872 iltius?
1631 1817 1734 1875 quia
1770 1815 1912 1861 virtus
1940 1816 1987 1860 in
2011 1815 2088 1861 illo

142 1885 262 1931 nulla
299 1892 381 1931 est.
453 1885 501 1929 ln
553 1898 642 1943 quo
680 1890 829 1931 autem
866 1885 1005 1930 virtus
1044 1898 1137 1929 non
1178 1892 1269 1940 est,
1318 1885 1354 1929 is
1406 1899 1463 1930 ne
1500 1884 1725 1930 timendus
1765 1883 1948 1942 quidem
1985 1876 2095 1930 est.⁶

142 1955 190 1999 In
229 1967 320 2013 quo
358 1947 486 1998 vero⁷
520 1953 659 1998 virtus
709 1951 910 2012 gloriosa
946 1959 1040 2009 est,
1095 1954 1134 1998 is
1181 1953 1314 1998 etiam
1352 1953 1578 1999 timendus
1614 1958 1696 1997 est.
1769 1951 1922 1996 Omnis
1978 1949 2099 1995 enim

142 2022 351 2067 virtutem
389 2020 562 2066 habens
600 2021 732 2066 etiam
771 2021 996 2066 timendus
1041 2027 1111 2066 est
1126 2015 1158 2078 ;8
1197 2035 1300 2066 nam
1347 2021 1423 2081 qui
1461 2022 1669 2066 virtutem
1708 2032 1799 2064 non
1837 2018 1986 2075 habet,
2041 2017 2113 2071 ab¹

144 2090 349 2136 omnibus
389 2090 736 2149 contempnitur.
808 2089 931 2135 Time
969 2089 1100 2149 plane
1138 2089 1257 2134 facta
1286 2089 1467 2146 diaboli,
1506 2089 1718 2150 quoniam
1745 2086 1939 2147 maligna
1965 2091 2098 2144 sunt3

142 2164 348 2204 metuens
386 2159 502 2203 enim
539 2157 775 2204 Dominum
810 2157 991 2203 timebis
1012 2193 1023 2213 ,
1063 2164 1107 2203 et
1143 2172 1282 2218 opera
1318 2157 1485 2204 diaboli
1521 2171 1613 2203 non
1651 2157 1808 2210 facieS,
1847 2155 1929 2201 sed
1962 2154 2096 2200 absti-

144 2225 272 2272 nebis
310 2232 354 2272 te
389 2226 443 2272 ab
481 2227 560 2273 eis.
633 2225 803 2286 Duplex
839 2227 958 2272 enim
994 2227 1129 2272 timor
1166 2233 1248 2272 est.
1321 2226 1368 2272 Si
1417 2227 1534 2273 enim
1581 2225 1746 2271 malum
1795 2223 1977 2284 operari
2023 2235 2096 2268 vo·

146 2314 403 2381 ἐπιθυμίαι
451 2314 670 2381 πράξεων
718 2319 923 2377 πολλῶν,
959 2316 1042 2366 καὶ
1075 2314 1353 2367 πολυτέλεια
1389 2311 1658 2381 ἐδεσμάτων
1701 2311 1782 2363 καὶ
1818 2316 2097 2380 κραιπαλῶν

144 2389 345 2446 πολλῶν,
379 2384 462 2435 καὶ
498 2386 730 2435 ποικίλων
750 2389 959 2472 τροφῶν,
996 2383 1080 2436 καὶ
1115 2382 1175 2435 οὔ
1195 2382 1419 2447 δεόντων,
1455 2384 1548 2472 καὶ..
1546 2382 1820 2470 ἐπιθυμίαι
1838 2385 2095 2465 γυναικῶν,

145 2452 228 2503 καὶ
261 2454 540 2515 πλεονεξίαι,
555 2450 885 2538 ³vinnam]cpocvt'oc
919 2473 968 2503 τε
1002 2453 1085 2504 καὶ
1118 2451 1382 2514 ἀλαζονεία,
1416 2453 1498 2504 καὶ
1530 2451 1623 2504 όσα
1644 2447 1833 2510 τούτοις
1815 2446 2098 2535 παραπλή-

148 2537 242 2572 σια.
321 2525 482 2572 Ταῦτα
518 2523 607 2572 οὐν
642 2520 758 2573 όταν
794 2521 872 2571 ἐπὶ
891 2518 980 2587 τὴν
1001 2522 1209 2607 καρδίαν
1231 2526 1320 2572 σοῦ
1345 2520 1517 2607 ἀναβῇ,
1558 2523 1763 2604 γίνωσκε
1800 2516 1874 2569 ότι
1901 2515 2098 2604 αγγελος

147 2595 235 2675 τῆς
268 2591 504 2676 πονηρίας
538 2590 665 2642 ἐστὶν
716 2590 768 2640 ἐν
803 2590 893 2675 opi.
965 2587 1042 2639 Σὺ
1079 2609 1170 2640 ουν
1181 2587 1430 2677 ἐπιγνους
1463 2587 1523 2640 τὰ
1557 2589 1670 2676 ε’ργα
1706 2583 1871 2655 αὐτοῦ,
1909 2583 2098 2637 ἇπόστα

147 2655 235 2708 ἀπ’
278 2656 442 2719 αυτοῦ,
479 2659 561 2710 καὶ
596 2658 746 2725 μηδὲν
783 2655 914 2728 αυτῷ
933 2659 1136 2709 πίστευε.
1168 2653 1332 2724 Ἔχεις
1355 2678 1445 2710 ουν
1466 2656 1751 2724 ἀμφοτέρων
1769 2659 1866 2706 τῶν
1859 2629 2097 2724 ἀγγέλων

147 2724 233 2788 τὰς
267 2701 518 2796 ἐνεργείας.

834 425 957 471 Haec
993 439 1101 487 ergo
1141 440 1241 472 cum
1280 428 1325 473 in
1362 441 1442 475 cor
1476 435 1603 476 tuum
1654 428 1967 481 ascenderint,
2019 427 2083 474 in·
2118 443 2138 461 ⁶

241 2976 310 3029 10)
344 2977 549 3016 ebrietates
589 2975 828 3014 desiderium
855 2986 895 3024 p.
926 2974 1091 3013 ebrieta-

153 3038 245 3079 tum
262 3038 299 3072 et
321 3033 542 3083 appetentia
555 3029 640 3069 Vat.
671 3029 894 3070 Librarium
919 3028 1093 3068 duxerim

153 3089 329 3128 scribere
381 3086 556 3127 voluisse
617 3086 847 3133 ebrietatis,·
906 3085 1093 3148 frequens

155 3144 257 3183 enim
274 3149 334 3182 est
358 3142 431 3182 litt.
449 3155 468 3181 e
497 3142 560 3181 eti
577 3140 616 3179 in
642 3142 712 3182 Ms.
735 3140 816 3179 Vat.
831 3116 1094 3191 permutatio.

154 3199 260 3238 Idem
304 3199 568 3238 ambitiositas
600 3208 639 3247 p.
671 3197 830 3236 ambitio
880 3201 918 3234 et
961 3195 1022 3234 his
1052 3206 1094 3245 p.

155 3255 220 3293 iis.
251 3252 389 3293 Versio
423 3251 582 3292 Codicis
613 3251 695 3291 Pal.
734 3251 880 3290 Deinde
912 3263 996 3290 cum
1026 3250 1094 3288 cle-

156 3310 386 3348 sideraveris
418 3314 526 3348 actus
564 3308 708 3346 multos
752 3311 787 3345 et
819 3307 929 3355 cybos
973 3306 1092 3344 Ζακυ-

155 3365 293 3411 riosos,
328 3367 364 3402 et
396 3365 601 3402 ebrietates
634 3366 672 3400 et
703 3362 858 3401 dititias
888 3361 1095 3400 multarum

156 3423 191 3457 et
231 3421 426 3458 variarum
478 3418 747 3467 voluptatum:
796 3420 831 3454 et
877 3416 1096 3466 cupidinem

155 3474 353 3512 mulier-um
386 3478 423 3512 et
461 3473 668 3511 avaritiam
701 3483 789 3523 sqq.
832 3469 1000 3521 propius
1045 3468 1095 3508 ad

162 3526 310 3567 Graeca
344 3527 508 3567 accedit.

243 3580 310 3630 11)
343 3583 384 3619 in
413 3582 526 3622 corde
558 3587 622 3622 tuo
653 3581 898 3622 ascenderint
919 3578 1096 3627 intelliqe

1149 2974 1242 3024 quia
1273 2972 1433 3011 nuntius
1467 2972 1691 3034 iniqnitatis
1723 2975 1778 3009 est
1812 2975 1932 3010 tecum
1962 2970 2045 3010 vat

1236 3028 1307 3074 12)
1340 3028 1401 3066 his
1422 3027 1520 3076 Vat.,
1551 3026 1591 3065 in
1614 3026 1757 3066 eodem
1770 3026 1959 3077 credasp.
1974 3023 2095 3076 crede,

1149 3084 1319 3135 posthac
1350 3084 1472 3122 servis
1502 3095 1542 3133 p
1575 3095 1696 3122 servo.

1240 3137 1309 3188 13)
1350 3139 1533 3178 nuncium
1601 3149 1758 3188 operum
1801 3148 1841 3187 p.
1895 3135 2098 3175 Geniorum

1151 3206 1267 3246 opera
1295 3194 1379 3233 Vat.

1242 3248 1312 3298 14)
1342 3250 1483 3289 nuncio
1517 3248 1598 3287 Vat.

1242 3303 1312 3353 15)
1343 3306 1446 3343 enim
1477 3315 1553 3343 om.
1583 3303 1683 3352 Vat.,
1712 3299 1781 3340 ubi
1813 3300 1930 3339 huius
1960 3300 2096 3339 nuncii

1154 3371 1192 3409 p.
1212 3359 1376 3398 alterius
1401 3360 1523 3407 Genii,
1553 3357 1675 3408 paulo
1707 3360 1802 3407 post
1830 3355 1944 3394 corde
1966 3366 2006 3405 p.
2022 3366 2096 3395 eor.

1242 3413 1310 3463 16)
1342 3415 1616 3465 iniquissimus
1658 3409 1753 3462 (sic)
1798 3410 1947 3464 absque
1982 3411 2099 3449 etiam

1151 3469 1259 3516 Vat.,
1301 3467 1450 3507 ibidem
1490 3466 1711 3506 ascenderit
1755 3467 1796 3503 in
1837 3466 1946 3505 corde
1984 3465 2095 3505 illius

1155 3534 1272 3574 opera
1300 3524 1434 3561 nuncii
1463 3522 1703 3572 iniquitatis.

1241 3575 1309 3629 17)
1342 3577 1435 3628 quia
1466 3576 1565 3624 Vat.,
1599 3581 1638 3615 et
1666 3576 1850 3617 nuncium
1871 3586 1912 3627 p.
1928 3574 2103 3615 Genium.

2192 125 2340 237 ”373

2327 248 2340 305 l
