2340 3900
445 172 655 222 IGNA'I'II
689 169 960 220 EPISTOLA
998 169 1068 216 AI)
1106 170 1398 218 EPHESIOS.
1445 170 1515 218 xl.
1548 169 1640 217 XII.
1675 169 1787 217 xm.
1826 167 1934 215 XIV.
2082 161 2183 214 333

207 312 338 359 stolis
372 326 555 375 semper
589 309 844 358 conversati
892 315 1000 355 sunt
1045 310 1092 355 in
1139 309 1302 356 virtute
1342 309 1446 357 lesu
1485 293 1679 365 Christi,
1716 306 1883 366 Paulo,
1922 305 2088 354 Ioanne
2138 314 2184 351 et

209 381 447 429 Timotheo
482 379 764 428 fidelissimo.

348 506 441 554 XII.
511 497 663 563 Scio,¹
697 504 777 565 qui
814 517 941 560 sum,
979 510 1026 549 et
1061 500 1228 563 quibus
1267 502 1436 550 scribo.
1507 504 1601 565 Ego
1653 504 1806 565 itaque
1843 504 2184 553 minimissimus

211 592 339 634 sum,
343 569 364 596 ²
399 582 447 622 et
481 573 698 662 supplex,
749 573 835 620 sub
869 539 1118 635 pei-iculiS,
1169 579 1215 619 et
1252 572 1457 630 iudiciis,
1511 580 1558 619 et
1592 573 1695 634 lege
1733 575 2022 622 constitutus
2093 573 2186 620 Vos

209 660 317 693 vero
354 635 615 692 consecuti³
652 643 764 691 estis
800 640 1183 699 misericordiam,
1221 641 1340 687 firmi
1378 642 1423 687 in
1459 641 1654 689 Christo.
1727 643 1936 692 Traditus
1974 659 2076 692 sum
2110 657 2184 691 au-

210 724 301 762 tem
336 722 532 776 propter
564 712 707 759 Deum
743 712 906 774 generi
954 710 1299 758 interfectorum
1339 725 1364 756 a
1400 712 1620 771 sanguine
1655 710 1767 758 Abel
1803 713 1908 760 iusti
1945 727 2094 777 usque
2130 712 2186 760 ad

211 784 479 845 sanguinem
525 782 686 843 Ignatii
734 773 1078 829 minimissimi.⁴
1157 780 1281 827 Pauli
1342 780 1462 826 enim
1510 781 1654 827 sancti
1708 782 1818 829 estis
1868 774 2188 839 conministri,

210 861 257 899 et
290 853 555 916 martyrium
594 852 977 908 consummantis,
1031 850 1109 911 qui
1159 858 1230 897 est
1277 863 1353 896 vas
1391 850 1659 906 electionis,
1710 851 1795 897 sub
1835 853 1964 900 cuius
2001 853 2187 941 vestigia

212 937 393 970 merear
430 922 635 979 inveniri,
661 927 709 968 et
730 927 1017 968 caeterorum
1047 927 1323 976 sanctorum,
1353 918 1533 980 quando
1561 918 1710 965 lesum
1736 920 1964 969 Christum
1985 914 2185 970 merear⁶

211 993 428 1054 adipisci:
481 992 560 1053 qui
595 984 798 1053 semper*¹
837 991 880 1038 in
921 991 1018 1037 suis
1056 989 1340 1037 orationibus
1377 1002 1552 1035 memor
1585 997 1656 1035 est
1691 985 1863 1036 vestri.R

348 1130 465 1178 XIII.
536 1130 768 1177 Festinate
804 1144 917 1208 ergo
956 1129 1224 1191 frequenter
1259 1130 1502 1177 convenire
1539 1130 1596 1177 ad
1634 1130 1957 1179 eucharistiam
1994 1125 2055 1180 et¹
2093 1131 2189 1194 glo·

211 1202 324 1247 riam
356 1201 451 1248 Dei.
521 1200 711 1257 Quando
749 1199 869 1247 enim
906 1199 1088 1247 assidue
1126 1200 1216 1247 hoc
1252 1201 1402 1261 ipsum
1440 1200 1614 1261 agitur,
1644 1201 1954 1289 3expelluntur
2001 1203 2191 1249 virtutes

217 1269 425 1328 Satanae,
463 1270 543 1331 qui
580 1262 732 1317 actus²
766 1283 877 1317 suos
915 1270 1141 1317 convertit
1175 1270 1220 1317 in
1257 1271 1440 1332 sagittas
1478 1263 1662 1332 ignitas³
1700 1272 1757 1318 ad
1793 1278 2048 1334 peccatum.
2111 1271 2191 1318 Ve-

216 1348 313 1387 stra
347 1346 500 1387 autem
536 1338 783 1387 concordia
820 1346 868 1386 et
904 1353 1163 1387 consonans
1200 1338 1316 1386 fides
1355 1341 1498 1403 ipsius
1538 1348 1610 1387 est
1654 1342 1865 1388 interitus
1920 1347 1967 1388 et
2001 1354 2191 1387 consen-

218 1411 364 1457 taneis
400 1409 500 1456 eius
536 1415 827 1457 tormentum.
896 1408 1046 1456 Nichil
1087 1410 1208 1456 enim
1242 1409 1406 1457 melius
1445 1417 1530 1464 cst,
1569 1424 1704 1470 quam
1740 1423 1900 1471 pacem
1937 1409 2107 1456 habere
2144 1411 2189 1455 in

213 1479 410 1536 Christo,
449 1479 495 1525 in
522 1493 613 1540 qua
635 1492 770 1526 omne
797 1471 956 1525 telum⁴
992 1486 1238 1526 evacuatur
1265 1471 1514 1525 aeriorum⁶
1541 1486 1587 1525 et
1607 1478 1894 1525 terrestrium
1913 1471 2192 1540 spirituum-⁶

214 1548 331 1605 ,Non
363 1541 452 1595 aet'
489 1548 610 1595 enim
645 1548 780 1595 nohis
818 1547 1079 1596 colluctatio
1115 1547 1333 1595 adversus
1370 1561 1557 1595 carnem
1593 1555 1638 1594 et
1672 1549 1955 1610 sanguinem,
1996 1549 2079 1595 sed
2117 1547 2191 1595 ad·

211 1631 373 1664 versus
410 1617 696 1679 principatus
729 1623 777 1664 et
810 1623 1062 1679 potestates
1100 1612 1166 1665 et⁸
1203 1618 1420 1666 adversus
1457 1617 1617 1665 mundi
1653 1624 1859 1667 rectores
1898 1617 2193 1666 tenebrarum

211 1688 392 1745 harum,
427 1686 644 1734 adversus
679 1681 957 1749 spiritualia⁹
988 1689 1219 1750 nequitiae
1256 1690 1301 1735 in
1338 1685 1647 1736 caelestibus!

349 1825 459 1873 XIV.
528 1826 650 1888 Ergo
673 1826 815 1875 nolite
847 1842 927 1875 vos
954 1828 1192 1876 vulnerare
1230 1821 1295 1874 in¹
1331 1828 1482 1889 aliqua
1506 1821 1800 1890 contagione'²
1828 1828 2016 1886 Diaboli,
2057 1829 2193 1875 sicuti

214 1904 261 1945 et
293 1896 463 1943 Paulus
498 1894 635 1953 dicit,
682 1896 903 1944 hahentes
950 1898 995 1943 in
1034 1898 1264 1945 Christum
1300 1890 1458 1945 fidem⁸
1495 1904 1542 1944 et
1578 1898 1893 1956 dilectionem,
1947 1892 2085 1960 quae⁴
2121 1905 2195 1944 est

213 1966 488 2028 principium
522 1967 641 2013 vitae
677 1973 725 2012 et
758 1964 877 2014 linis.
949 1966 1230 2029 Principium
1265 1967 1451 2028 quidem
1487 1967 1603 2014 vitae
1640 1974 1712 2014 est
1748 1967 1890 2026 fides,
1942 1967 2046 2015 finis
2084 1981 2190 2015 vero

215 2037 317 2083 eius
353 2042 424 2083 est
459 2035 670 2083 dilectio:
706 2035 865 2083 ambae
900 2030 1032 2084 vero⁵
1069 2037 1203 2084 simul
1232 2038 1427 2094 iunctae,
1466 2037 1510 2083 in
1538 2031 1733 2084 unitate⁶
1757 2037 1920 2095 sactae,
1957 2037 2190 2085 hominem

217 2105 296 2152 Dei
329 2103 591 2167 perficiunt:
644 2104 727 2152 sed
765 2112 813 2152 et
846 2112 1028 2153 caetera
1065 2109 1239 2165 omnia,
1294 2121 1410 2168 quae
1459 2099 1523 2153 ιη’
1561 2106 1879 2155 benevolentia
1917 2115 2190 2169 sequuntur,

217 2182 549 2222 consummant.
618 2174 760 2223 Nemo
797 2174 935 2223 fidem
971 2177 1253 2224 annuncians
1292 2175 1430 2223 (lebet
1451 2189 1670 2255 peccare,
1708 2190 1859 2238 neque
1897 2177 2191 2224 dilectionem

218 2244 464 2307 possidens
496 2243 635 2292 debet
668 2244 854 2292 fratrem
890 2260 1025 2293 suum
1045 2248 1191 2294 odire.
1264 2246 1349 2304 Qui
1386 2248 1506 2294 enim
1534 2247 1672 2294 dixit:
1711 2240 1916 2309 ,Diliges⁸
1953 2247 2192 2334 Dominum

218 2313 356 2362 Deum
383 2321 510 2362 tuum
533 2329 590 2361 ex
613 2321 709 2362 toto
747 2315 888 2363 corde
926 2315 1038 2373 tuo,‘
1078 2331 1177 2379 ipse
1197 2317 1362 2364 iterum
1400 2318 1484 2363 ait.
1522 2301 1600 2374 Et
1606 2331 1863 2378 proximum
1902 2323 2029 2363 tuum
2052 2308 2192 2364 εἰιιιιι9

217 2381 442 2446 teipsum!
511 2383 598 2442 Qui
634 2384 755 2432 enim
793 2387 1071 2433 annunciant
1106 2380 1251 2434 esse¹⁰
1287 2400 1338 2434 se
1377 2386 1561 2444 Christi,
1598 2399 1690 2432 non
1729 2401 1784 2434 ex
1834 2386 1999 2465 quihus
2039 2386 2197 2434 dicunt

215 2453 668 2585 θιτξιὸιιιιιίξέιθιί;)1;11.(.)ωειειί
700 2468 756 2503 ex
791 2454 961 2517 quibus
998 2462 1153 2518 agunt,
1192 2463 1518 2518 agnoscuntur.
1589 2455 1671 2514 ,Ex
1706 2455 1857 2503 fructu
1897 2456 2018 2504 enini
2055 2456 2196 2503 arbor

307 2714 405 2769 Ca.p
426 2714 511 2757 XII.
557 2712 604 2770 1)
631 2716 737 2757 etnim
765 2715 949 2758 inserunt
979 2714 1063 2758 Pal.
1085 2715 1179 2768 Reg.
1322 2716 1367 2772 8)
1398 2724 1435 2760 et
1469 2730 1545 2760 om.
1577 2717 1661 2759 Pal.
1693 2717 1788 2770 Reg.

314 2770 364 2826 2)
391 2785 478 2813 sum
509 2784 586 2813 om.
610 2771 696 2814 Pal.
725 2772 819 2827 Reg.
1324 2773 1369 2827 9)
1401 2778 1602 2829 spiritalia
1631 2774 1714 2816 Pal.

306 2826 353 2880 3)
386 2828 443 2868 Ita
474 2834 560 2870 erat
589 2828 630 2870 iu
653 2828 763 2881 Reg„
797 2841 903 2871 nunc
934 2833 1056 2871 secuti
1078 2843 1178 2872 vero.

221 2883 491 2937 Subsequent
522 2885 623 2927 estis
653 2884 769 2927 deest
798 2885 838 2926 in
870 2885 952 2926 Pal.
984 2886 1078 2939 Reg.
1324 2902 1420 2955 Cap
1450 2902 1543 2944 X1v
1607 2901 1647 2956 1)
1679 2914 1729 2942 ex
1763 2899 1847 2941 Pal

307 2940 335 2982 4
387 2939 522 2981 lauh.
551 2940 622 2990 23,
650 2941 721 2983 35.

307 2997 333 3037 5
385 2997 561 3038 misen·
590 2995 683 3048 fleg.

258 3051 265 3058 ’
306 3053 334 3094 6
384 3062 557 3094 menno
576 3051 670 3094 Pal.
704 3051 799 3104 Beg.

309 3107 332 3148 7
384 3120 536 3161 semper
565 3121 644 3151 om.
673 3107 756 3150 Pal.

305 3162 352 3217 8)
381 3176 527 3206 memor
554 3165 679 3207 ιιοιεη·
710 3166 763 3206 sit
792 3165 868 3217 leg.
900 3165 1058 3207 videtur
1079 3165 1176 3216 Pal„

224 3232 370 3262 memor
400 3222 452 3261 sit
480 3223 602 3263 venri
636 3220 723 3263 exli.
752 3221 847 3272 Ileg.

1321 2957 1366 3012 2)
1395 2960 1631 3012 aequatione
1663 2958 1758 3009 ch.

1323 3014 1369 3069 3)
1400 3017 1442 3056 in
1462 3017 1652 3057 christum
1680 3015 1862 3055 habentes
1878 3024 1986 3065 spem
2001 3011 2084 3054 Pal
2099 3011 2192 3063 Reg.

1324 3084 1372 3136 4)
1403 3087 1469 3139 qui
1503 3086 1585 3126 Pal.
1620 3086 1712 3137 Reg.

1321 3139 1367 3193 5)
1396 3154 1487 3183 vero
1521 3154 1598 3183 om.
1629 3142 1715 3183 Pal.
1747 3141 1862 3193 fleg„
1908 3138 1974 3191 qui
2021 3137 2191 3180 subinde

1237 3194 1423 3238 exhibent
1452 3200 1569 3239 simul
1597 3200 1840 3240 coniunctae.

304 3275 401 3329 οη».
431 3276 532 3319 xm.
594 3277 637 3333 ι)
665 3282 701 3319 et
729 3289 851 3332 ...pn
878 3278 1010 3320 aaut.
1038 3278 1077 3319 in
1098 3278 1179 3319 rai.
1322 3252 1366 3304 ⁶)
1395 3256 1583 3295 “mmm
1612 3255 1705 3306 ¹¹⁰ss-
1802 3324 1808 3331 ‚
1981 3322 1989 3333 ο

307 3333 353 3387 2)
385 3340 503 3387 apem
535 3334 618 3376 Pal,
1325 3321 1373 3371 7)
1402 3335 1569 3376 qaenam
1599 3336 1638 3376 p.
1663 3335 1762 3376 quae
1794 3335 1834 3363 m
1854 3329 1952 3387 'erat
1979 3335 2019 3363 ιιι
2052 3322 2134 3365 Pal.

305 3388 353 3442 3)
381 3388 485 3443 ΕρΙι.
517 3391 558 3442 6,
593 3391 657 3434 16.
1321 3377 1366 3430 8)
1397 3382 1626 3431 proximum
1655 3379 1758 3420 male
1800 3378 1889 3420 heic
1928 3378 2070 3422 inserit
2098 3378 2193 3431 neg.

305 3446 352 3499 4)
379 3447 532 3489 caelum
560 3447 645 3489 pfl..
1237 3435 1295 3474 (Is.
1328 3435 1423 3476 Luc.
1457 3435 1520 3485 ¹0,
1550 3436 1615 3477 27.

303 3502 349 3554 5)
379 3503 531 3545 aerium
558 3503 653 3557 Ileg.
1322 3489 1367 3543 9)
1398 3496 1583 3545 tanquam
1614 3492 1697 3533 Pal.
1729 3491 1821 3544 neg.

306 3557 352 3667 δὲ
384 3560 566 3611 ⁸virilium
600 3560 684 3602 Pal.
1328 3560 1397 3613 to)
1427 3574 1513 3627 ense
1544 3562 1761 3614 supraadd.
1793 3563 1841 3631 in.
1867 3562 1983 3629 Ileg„
2023 3562 2090 3605 ubi
2121 3575 2191 3604 su-

302 3614 325 3655 7
381 3620 440 3657 eu
473 3627 551 3657 om.
571 3616 681 3670 neg„
714 3617 782 3658 ubi
813 3624 965 3672 transp.
986 3619 1177 3660 conaem-
1238 3616 1358 3658 binde
1389 3618 1574 3659 clmnlum
1605 3631 1645 3672 p.
1678 3631 1719 3660 se
1754 3619 1907 3662 Christi.

222 3673 280 3712 1¹⁰0
319 3672 448 3713 nobis.
500 3671 869 3727 cr.13ph.6,12.
1327 3674 1396 3749 1⁸1)
1429 3675 1563 3719 Matth.
1599 3675 1664 3726 12,
1695 3675 1763 3719 33.
