2340 3900
505 195 732 247 ΙΙΙΙΙΔΒ
766 194 1000 244 PASTOR.
1069 196 1233 245 Lmen
1270 196 1345 244 111.
1415 193 1638 244 SthtT.
1675 193 1747 242 tx.
1780 189 1854 253 (B)
2047 192 2151 243 557

195 336 426 389 audierint
455 346 560 383 mes
603 331 827 381 mandata„
897 327 1123 380 Hinimae¹
1170 340 1320 381 autem
1362 340 1472 380 sunt
1516 345 1679 381 eorum
1724 331 2057 389 detractiones,
2105 339 2151 378 et

193 406 287 453 cito
335 400 707 467 pouitebutnr.
777 394 911 458 [Qui]
961 400 1185 449 scissuras
1234 403 1437 449 minores
1485 400 1676 459 babent,
1721 398 1983 448 huiusmodi
2029 406 2149 457 sunt,

194 474 275 535 qni
310 470 631 527 erediderunt,
667 475 716 516 et
748 468 869 515 inter
902 482 954 515 se
989 468 1136 531 iurgia
1183 469 1375 527 babent,
1409 476 1457 517 et
1490 476 1681 531 propter
1716 468 1926 531 querelas
1961 482 2072 518 suas
2104 468 2150 516 in

143 537 158 545 '
194 541 285 590 fide
317 540 548 601 mgent-
615 536 711 584 Sed
741 535 875 584 multi
918 549 974 583 ex
1008 538 1077 584 eis
1113 546 1305 600 egerunt
1350 538 1674 600 poenitentiam
1709 538 1874 586 auditis
1920 537 1994 587 bis
2026 550 2151 586 man·

191 610 309 659 datis
338 606 480 663 mein
515 604 730 668 querelae
751 605 874 652 enim
908 619 1068 652 eorum
1093 613 1200 653 sunt
1222 606 1429 668 pusillae,
1467 614 1514 654 et
1546 607 1637 654 cito
1658 613 1796 669 agent
1815 606 2152 669 poenitentiam.

190 678 261 725 llli
294 682 461 733 antem,
496 675 576 737 qui
609 674 811 722 maiores
845 672 1014 720 babent
1048 675 1288 731 scissuras,
1326 675 1371 722 bi
1408 682 1705 737 perseverant
1722 675 1768 722 in
1793 674 2152 723 detractionibus

189 746 301 803 suis,
334 750 383 792 et
416 743 463 790 in
515 743 584 790 ira
629 755 715 790 sna
762 743 885 789 inter
918 756 970 789 se
1018 744 1276 804 pertinaces
1313 750 1431 791 sunt.
1504 743 1556 790 lli
1602 757 1712 805 ergo
1759 757 1785 790 a
1821 751 1947 792 turre
1993 742 2151 792 reiecti

187 820 315 869 sunt,
349 818 398 860 et
430 810 489 859 ab
524 811 627 859 eius
660 817 892 859 structura
923 811 1156 873 reprobati
1194 819 1324 868 sunt,
1362 820 1410 861 et
1445 811 1631 859 difficile
1669 812 1817 860 vivent
1855 811 1962 860 Deo.
2031 811 2152 860 Deus

188 883 312 929 enim
347 879 660 942 Dominnsqne
696 887 873 936 noster,
910 879 1169 928 dominator
1204 881 1429 938 omnium,
1466 881 1545 941 qui
1580 879 1719 928 babet
1752 887 2024 943 potestatem
2055 880 2152 928 uni·

193 963 351 998 versae
387 955 626 997 creaturae
661 962 799 1005 suae,
836 961 928 996 non
962 961 1138 996 memor
1173 955 1247 996 est
1282 941 1482 995 oll'ensa'
1530 963 1691 997 eorum
1730 950 1807 1010 qui
1847 956 2033 1011 peccata
2069 962 2153 996 sua
2186 950 2202 964 ⁶

191 1017 500 1071 confitentur,
536 1017 622 1065 sed
655 1017 958 1080 propitiatur,
994 1024 1043 1064 ct
1076 1017 1226 1064 adhuc
1262 1017 1488 1079 propitius
1525 1018 1593 1064 eis
1629 1016 1722 1064 liet.
1793 1017 1937 1065 llomo
1987 1025 2152 1075 autem,

190 1100 296 1134 eum
331 1086 392 1135 sit
425 1085 636 1134 mortalis
673 1085 932 1149 plenusque
968 1084 1160 1143 delictis,
1212 1086 1508 1147 pertinaciter
1551 1086 1724 1133 homini
1772 1087 2011 1145 irascitur,
2059 1093 2153 1134 tan·

190 1169 328 1218 qnam
361 1155 434 1204 vel
469 1168 748 1204 conservare
785 1168 891 1203 eum
939 1155 1091 1216 possit
1120 1154 1191 1202 vel
1235 1154 1446 1217 perdere.
1518 1154 1656 1202 Vobis
1693 1161 1857 1213 autem,
1892 1155 2152 1217 quicunque

188 1223 277 1272 tale
310 1225 600 1287 propositum
634 1222 830 1281 habetis,
862 1223 967 1272 dico
987 1237 1075 1285 ego
1108 1224 1295 1270 nuntius
1328 1223 1658 1285 poenitentiae:
1696 1223 1912 1286 deponite
1949 1222 2075 1282 illud,
2110 1229 2168 1271 eb

189 1294 309 1354 agite
342 1293 685 1355 poeaitentiam.
753 1291 811 1340 Bt
841 1291 1059 1340 Dumium
1104 1291 1375 1340 remediabit
1409 1293 1564 1354 priora
1600 1291 1764 1340 delicta
1797 1298 1975 1349 vestra,
2022 1291 2063 1339 si
2098 1290 2155 1339 ab

190 1361 283 1411 hoe
316 1362 557 1424 proposito
579 1361 842 1410 menadiac
866 1374 947 1409 vos
967 1359 1341 1423 purificaveritis3
1379 1361 1452 1408 sin
1474 1361 1639 1418 minus,
1675 1361 1732 1408 ab
1755 1362 1857 1423 ipso
1882 1361 1939 1408 ad
1961 1366 2155 1408 mortem

325 1606 392 1667 (s)
423 1606 568 1655 mv,
636 1606 700 1654 lle
734 1606 931 1670 septimo
967 1613 1118 1654 autem
1142 1613 1315 1664 monte,
1354 1608 1401 1653 in
1426 1620 1518 1668 quo
1542 1606 1708 1654 virides
1740 1605 2003 1667 hilaresque
2029 1613 2159 1655 erant

186 1675 375 1732 herbae,
407 1682 626 1738 totusque
658 1688 792 1722 mons
829 1674 992 1722 fertilis
1030 1681 1142 1732 erat,
1178 1682 1223 1722 et
1257 1690 1392 1723 omne
1418 1689 1560 1763 genus
1586 1675 1815 1738 pecudum
1852 1674 2156 1738 volucresque

187 1744 301 1792 caeli
333 1744 585 1807 carpebant
617 1742 835 1806 pabulum
866 1743 983 1801 eius,
1018 1750 1282 1806 quantoque
1319 1744 1419 1792 illae
1471 1744 1736 1806 carpebant,
1774 1750 1898 1792 tauto
1937 1743 2153 1792 laetiores

190 1813 363 1862 herbae
398 1811 695 1869 crescebant,
730 1812 992 1861 huiusmodi
1029 1820 1151 1870 sunt,
1186 1814 1265 1874 qui
1302 1812 1624 1871 crediderunt,
1670 1812 1901 1874 simplices
1954 1811 2156 1874 bonique

190 1895 402 1945 semper,
467 1881 708 1943 nullasque
766 1880 988 1928 babentes
1039 1882 1156 1929 inter
1205 1895 1256 1929 se
1305 1881 1643 1938 dissensiones,
1704 1881 1785 1929 sed
1845 1879 2155 1929 conlaetantes

187 1963 374 2013 semper
409 1949 488 1998 Dei
523 1949 669 1998 servis
704 1949 851 1997 induti
887 1956 994 1996 sunt
1027 1950 1238 2011 spiritum
1260 1957 1466 1997 sanctum
1493 1949 1718 2012 virginum
1742 1949 1917 2007 harum,
1953 1963 2155 2012 semper·

190 2032 281 2081 qne
327 2018 387 2066 ad
430 2017 792 2067 misericordiam
843 2017 1079 2064 bominum
1128 2019 1355 2080 prompti,
1403 2025 1451 2065 et
1499 2018 1555 2065 de
1606 2017 1841 2065 laboribus
1890 2018 1987 2066 suis
2034 2019 2157 2066 omui

189 2086 363 2134 bomini
409 2087 510 2135 sine
557 2086 864 2149 improperio,
911 2086 1011 2132 sine
1061 2085 1342 2134 dubitatione
1399 2085 1667 2135 tribuentes.
1738 2085 1956 2135 Dominus
2004 2087 2156 2149 igitur,

190 2169 295 2203 cum
310 2154 498 2203 vidisset
513 2153 847 2218 simplicitatem
869 2167 1030 2202 eorum
1055 2162 1102 2202 et
1126 2169 1307 2203 omnem
1334 2154 1582 2203 infantilem
1604 2155 1910 2204 innocentiam
1933 2156 2154 2218 ipsorum,

189 2223 309 2272 ausit
345 2236 429 2271 eos
477 2225 525 2271 in
569 2222 806 2271 laboribus
851 2236 1063 2271 manuum
1109 2237 1323 2281 suarum,
1371 2224 1585 2286 deditque
1633 2226 1701 2272 eis
1752 2225 1799 2272 iu
1845 2225 1970 2273 omni
2014 2238 2155 2287 opere

189 2294 394 2356 gratiam.
465 2291 561 2355 Ego
595 2298 747 2340 autem
781 2292 969 2340 nuntius
1004 2293 1310 2355 poenitentiae
1362 2293 1523 2340 hortor
1572 2307 1679 2350 vos,
1726 2293 1804 2355 qui
1859 2293 1972 2341 tales
2021 2294 2155 2341 estis:

189 2367 458 2424 permanete
493 2362 540 2409 in
576 2374 662 2418 eo,
708 2366 761 2409 nt
809 2374 900 2407 non
937 2361 1201 2409 eradicetur
1236 2375 1392 2410 semen
1430 2368 1628 2409 vestrum
1665 2363 1709 2409 is
1749 2368 1998 2410 aeternum.
2070 2362 2154 2410 Do·

188 2430 339 2478 minus
372 2430 495 2478 enim
540 2443 622 2478 vos
668 2428 876 2493 probavit
918 2436 965 2477 et
1013 2431 1201 2492 scripsit
1236 2431 1281 2477 in
1334 2444 1572 2477 numerum
1621 2438 1852 2488 nostrum,
1904 2444 2153 2492 semenque

192 2506 392 2547 vestrum
428 2511 564 2547 omne
586 2497 807 2547 habitabit
841 2511 944 2546 cum
966 2498 1060 2547 lilio
1083 2498 1190 2558 Dci3
1226 2500 1393 2547 etenim
1415 2499 1472 2547 de
1498 2499 1663 2561 spiritu
1701 2499 1801 2547 eius
1841 2513 2000 2548 omnes
2024 2499 2153 2548 estis.

324 2667 390 2730 (s)
408 2668 533 2718 XXV.
601 2669 665 2720 De
701 2677 860 2719 octavo
896 2677 1042 2719 autem
1081 2678 1248 2725 monte,
1286 2671 1363 2719 ubi
1390 2676 1521 2719 erant
1548 2669 1697 2718 sontes
1733 2670 1876 2728 multi,
1906 2684 1960 2718 ex
1989 2669 2155 2733 quibus

186 2738 498 2801 adaquabant
530 2739 681 2788 omnis
716 2738 796 2788 nei
833 2747 1059 2796 creatura,
1097 2740 1209 2789 tales
1246 2747 1375 2795 sunt,
1428 2741 1505 2801 qui
1544 2740 1839 2787 crediderunt
1877 2739 2071 2801 apostoli
2110 2747 2157 2786 et

188 2807 420 2869 magistri,
451 2806 534 2869 qni
563 2806 945 2871 praedicaverunt
982 2807 1122 2856 fllium
1161 2808 1239 2856 Dei
1294 2823 1378 2870 per
1414 2814 1557 2855 totum
1595 2807 1783 2864 orbem,
1821 2814 1868 2855 ct
1903 2807 2156 2854 docuerunt

188 2881 313 2922 caste
347 2882 397 2923 et
428 2887 545 2936 pum
580 2888 840 2925 sermonem
877 2875 1076 2934 Domini,
1114 2891 1199 2925 nec
1248 2877 1492 2938 quicquam
1541 2876 1775 2922 minimum
1826 2875 1871 2921 in
1922 2874 2153 2922 desiderio

191 2940 355 2989 malum
378 2948 687 3004 gustaverunt,
722 2944 805 2991 sed
832 2957 1015 3007 semper
1037 2959 1139 2992 cum
1166 2945 1351 2992 veritate
1390 2949 1436 2989 et
1455 2943 1679 3003 aequitate
1707 2942 2000 2999 ambulantes,
2037 2943 2158 2990 sicut

191 3011 405 3071 spiritum
440 3015 650 3059 unan-
682 3018 979 3073 uesper-unt.
1051 3013 1224 3061 Talium
1261 3025 1372 3073 ergo
1412 3010 1593 3058 traditio
1631 3024 1733 3058 cum
1770 3010 1943 3072 angelis
1979 3010 2082 3058 erit.

194 3265 325 3294 smus
350 3251 434 3293 ἵει.
470 3251 586 3306 Apol
605 3250 696 3294 cst.

197 3307 313 3355 aaut,
344 3306 456 3361 qnod
485 3318 532 3349 ss
560 3305 679 3350 sodt.
709 3306 751 3349 ln
779 3307 845 3350 sd.
878 3308 1005 3349 osca.
1034 3307 1147 3349 evel-
1205 3309 1406 3362 seq-uate
1434 3314 1472 3349 ec
1500 3307 1737 3350 excluditur.

191 3361 298 3415 gavit
317 3361 468 3411 Folius,
497 3362 741 3415 ulnus-ts
771 3376 876 3405 nnnc
891 3362 1044 3405 Codice
1062 3362 1146 3405 rut.

277 3416 377 3471 eq.
404 3417 518 3460 XXV.
575 3417 621 3471 1)
656 3420 699 3461 b
729 3431 807 3473 qu
846 3426 958 3460 msc
987 3420 1146 3472 pter-‘au‘
1289 3418 1386 3470 Cep.
1420 3417 1548 3460 xxm.
1609 3416 1650 3469 l)
1681 3420 1839 3461 minime
1869 3419 1953 3461 Pal.

189 3475 322 3524 [osus
353 3472 438 3515 Vat-
1288 3472 1333 3525 2)
1365 3473 1567 3515 Fortassis
1596 3475 1842 3527 offmmm.
1900 3475 1981 3518 Cir.
2022 3482 2151 3520 tamen

236 3588 241 3593 ¹
276 3528 323 3580 2)
348 3528 448 3623 :aas
474 3526 587 3583 (η
606 3530 768 3583 „aab
785 3528 1049 3582 snbsaiptis)
1070 3530 1143 3569 do·
1204 3529 1306 3570 infra
1337 3540 1424 3582 cap.
1453 3529 1523 3572 at.
1552 3529 1620 3571 nbi
1651 3527 1776 3572 babes
1805 3535 1845 3573 et
1874 3531 2120 3584 offensor-uni.

189 3595 323 3693 αἳ.)
355 3588 476 3683 ἐξ..
502 3639 575 3695 qni
596 3639 750 3684 *ο
779 3640 1012 3696 pergitVat.
1033 3645 1139 3683 casu
1285 3638 1382 3694 Cep.
1415 3639 1541 3683 mv.
1604 3639 1645 3694 1)
1676 3641 1738 3684 uu
1766 3640 1851 3684 Pal.

725 3259 789 3294 est
816 3253 952 3294 m
973 3263 1016 3309 p.
1032 3253 1147 3294 δάι’·
1203 3258 1239 3293 el
1263 3265 1394 3294 seme
1409 3253 1728 3306 praedicaverunt
1750 3257 1786 3293 el
1809 3252 2031 3304 decursu,
2063 3264 2152 3296 mox
