2340 3900
520 162 552 208 1.
589 161 899 210 CLEMENTIS
937 163 1009 210 Al)
1047 162 1168 211 COR.
1219 163 1330 212 Llll.
1365 164 1470 212 LIV.
1507 164 1592 211 LV.
1627 163 1736 211 LVI.
2023 163 2116 213 101

163 305 199 351 0
234 296 585 364 insuperabilem
622 299 977 362 perfectionem!
1037 302 1246 351 Famulus
1285 305 1522 351 Dominum
1558 303 1703 351 libere
1738 302 1997 365 alloquitur,
2033 318 2119 365 pro

161 371 294 434 plebe
331 370 651 417 remissionem
687 369 902 432 postulat,
934 369 1009 416 vel
1045 373 1248 434 seipsum
1287 389 1374 420 una
1413 388 1515 421 cum
1551 374 1618 421 eis
1659 373 1804 421 deleri
1838 373 1966 435 petit.

191 494 295 542 LIV.
368 495 464 554 Qua·
499 496 725 543 charitate
756 497 924 558 plenus
958 503 1049 549 est,
1085 511 1216 542 omne
1254 500 1476 545 dawinum
1514 501 1667 553 subit,
1706 501 1954 547 dummodo
1982 512 2088 561 paoe

864 579 1086 626 ecclesiae
1119 575 1403 627 restituatur.

294 646 404 704 Quis
441 648 581 708 igitur
627 648 747 693 inter
793 661 873 693 vos
912 661 1193 709 generosuS,
1241 650 1343 709 quis
1396 651 1689 708 misericors,
1738 651 1842 712 quis
1898 650 2120 699 charitate

152 716 348 780 plenus?
418 716 567 763 Dicat:
615 717 685 773 ,si
723 724 913 778 propter
944 732 1015 764 me
1054 718 1219 764 seditio
1259 725 1303 764 et
1351 718 1579 765 discordia
1628 727 1675 766 et
1720 721 1967 767 schismata
2019 727 2120 768 orta

152 792 272 843 sunt,
307 786 512 843 discedo,
549 785 680 843 abeo,
717 800 994 848 quocunque
1030 787 1280 844 volueritis,
1317 794 1363 834 et
1398 803 1513 848 quae
1551 789 1793 836 multitudo
1821 790 2019 847 iusserit,
2058 789 2120 837 sa·

154 856 258 912 cio3
294 855 441 903 solum
482 855 651 902 Christi
687 869 798 916 grex
834 856 878 902 in
915 870 1029 918 pace
1068 857 1204 918 degat
1244 871 1349 903 cum
1383 859 1644 904 constitutis
1670 858 1983 921 presbyteris.‘
2035 859 2120 917 Qui

150 925 241 972 hoc
277 924 465 982 fecerit,
499 939 710 987 magnam
746 924 835 972 sibi
867 925 1055 987 gloriam
1092 927 1138 972 in
1174 927 1364 973 Domino
1401 926 1687 983 conciliabit,
1723 935 1768 974 et
1803 930 1950 976 omnis
1987 928 2120 977 locus

149 1008 254 1042 eum
289 995 497 1057 excipiet.
563 994 759 1053 ,Domini
794 996 915 1042 enim
953 1002 1024 1042 est
1070 1003 1191 1042 terra
1232 1003 1278 1043 et
1313 996 1550 1057 plenitudo
1586 995 1712 1043 eius!
1785 997 1904 1044 Haec
1950 998 2122 1046 faciunt

149 1070 198 1112 et
228 1064 411 1123 facient,
446 1065 525 1126 qui
562 1065 774 1120 divinam,
812 1066 944 1112 cuius
981 1079 1211 1126 nunquam
1252 1066 1469 1127 poenitet,
1515 1066 1647 1112 vitam
1682 1067 1850 1113 vivunt.

721 1189 807 1236 LV.
869 1192 1025 1238 Huius
1057 1191 1300 1238 charitatis
1335 1191 1560 1252 eoeempla.

287 1287 344 1335 Ut
377 1296 527 1335 autem
564 1290 699 1336 etiam
736 1288 941 1350 exempla
994 1289 1196 1349 gentium
1240 1288 1557 1350 proferamus:
1609 1288 1737 1335 multi
1786 1303 1919 1351 reges
1959 1297 2005 1335 et
2040 1305 2119 1350 gu-

148 1359 443 1415 bernatoreS,
496 1359 718 1420 pestifero
757 1366 966 1420 tempore
1003 1358 1261 1415 saeviente,
1319 1371 1419 1403 cum
1459 1358 1642 1405 oraculo
1693 1367 1852 1405 essent
1888 1359 2121 1414 admoniti,

149 1429 286 1477 morti
322 1442 373 1475 se
412 1429 539 1489 ipsos
576 1428 878 1484 tradiderunt,
917 1434 968 1473 ut
1003 1441 1088 1474 suo
1126 1429 1345 1488 sanguine
1389 1428 1510 1473 cives
1548 1427 1812 1474 liberarent.
1884 1428 2023 1483 Multi,
2062 1441 2120 1473 ne

148 1499 317 1547 diutius
351 1498 518 1545 seditio
555 1497 769 1555 duraret,
805 1511 831 1544 a
867 1496 1124 1543 civitatibus
1162 1498 1259 1543 suis
1298 1504 1603 1543 secesserunt.
1675 1495 1838 1542 Multos
1877 1497 1998 1543 inter
2034 1510 2120 1542 nos

150 1568 470 1629 eognovimus,
521 1568 599 1628 qui
632 1582 684 1614 se
721 1568 848 1629 ipsos
882 1567 928 1612 in
964 1566 1144 1613 vincula
1183 1567 1509 1623 coniecerunt,
1565 1573 1617 1612 ut
1661 1565 1774 1612 alios
1823 1566 2117 1612 redimerent.

146 1637 272 1684 nutu
309 1638 356 1684 in
392 1638 655 1684 servitutem
690 1651 742 1683 se
778 1638 906 1698 ipsos
952 1635 1247 1693 addixerunt,
1298 1643 1346 1683 et
1380 1643 1569 1698 accepto
1608 1636 1759 1697 pretio
1798 1636 1869 1682 sui
1906 1635 2021 1682 alios
2060 1635 2119 1682 ci-

146 1706 325 1754 barunt.
363 1707 526 1754 Multae
544 1706 774 1763 mutieres,
807 1706 950 1767 gratia
982 1705 1131 1752 divina
1158 1706 1499 1763 corroboratae,
1534 1705 1679 1752 virilia
1706 1705 1845 1752 multa
1863 1711 2121 1766 gesserunt.

146 1776 282 1824 Beata
316 1776 479 1833 Iudith,
514 1790 619 1822 cum
654 1775 766 1823 urbs
802 1777 1107 1822 circumsessa
1143 1783 1281 1832 esset,
1319 1776 1496 1837 rogavit
1532 1774 1767 1831 seniores,
1799 1781 1850 1821 ut
1887 1775 1975 1821 sibi
2010 1774 2119 1820 lice·

147 1853 219 1893 ret
255 1847 300 1893 in
338 1846 694 1908 alienigenarum
732 1852 883 1892 castra
918 1846 1068 1903 exire3
1106 1853 1152 1893 et
1187 1845 1396 1907 periculo
1423 1859 1473 1892 se
1499 1844 1741 1901 obiiciens,
1776 1851 1970 1906 propter
1997 1858 2118 1890 amo-

148 1929 246 1963 rem
282 1916 453 1977 patriae
490 1915 739 1977 populique
777 1915 957 1961 obsessi
995 1929 1182 1976 egressa
1220 1922 1315 1972 est3
1350 1922 1396 1961 et
1433 1914 1616 1961 tradidit
1653 1914 1771 1960 Deus
1810 1914 2120 1976 Olophernem

150 1985 196 2032 in
229 1998 390 2032 manus
426 1984 649 2031 mulieris.
717 1984 816 2031 Non
854 1984 1019 2030 minori
1057 1984 1261 2045 periculo
1299 1984 1432 2030 etiam
1469 1983 1674 2045 perfecta
1722 1984 1766 2030 in
1806 1981 1897 2030 fide
1938 1983 2118 2038 Esther,

147 2060 201 2101 ut
233 2053 476 2100 duodecim
514 2052 661 2100 tribus
697 2052 838 2100 lsrael
870 2052 927 2098 ab
978 2054 1161 2099 instanti
1209 2053 1347 2099 exitio
1383 2052 1626 2106 liberaret,
1666 2066 1715 2099 se
1753 2053 1898 2113 ipsam
1936 2051 2118 2098 obiecit.

149 2122 260 2170 Ram
296 2124 341 2169 in
377 2122 546 2170 ieiunio
582 2129 629 2168 et
662 2120 975 2169 humiliatione
1012 2129 1197 2183 precata
1245 2128 1317 2167 est
1352 2135 1504 2168 rerum
1554 2121 1755 2167 omnium
1806 2120 2117 2183 inspectorem

152 2190 416 2247 Dominum,
452 2191 712 2238 seculorum
749 2191 918 2246 Deum;
966 2192 1042 2252 qui
1083 2191 1216 2237 animi
1254 2192 1353 2238 eius
1391 2190 1688 2237 humilitatem
1727 2203 1923 2238 cernens
1975 2204 2118 2252 popu-

150 2259 241 2308 lum
277 2259 498 2318 liberavit,
535 2262 666 2308 cuius
701 2262 843 2323 gratia
881 2260 954 2307 illa
990 2260 1245 2322 periculum
1282 2260 1501 2307 subierat.

149 2397 255 2446 Lvt
290 2399 632 2448 Aenona-ms
666 2407 708 2446 et
742 2402 1053 2462 corripiamus
1089 2414 1173 2446 nos
1205 2400 1438 2456 invicem,·
1476 2401 1559 2461 qui
1594 2400 1734 2447 talem
1768 2399 2121 2460 castigationem

625 2496 719 2530 non
751 2485 922 2539 renuit,
961 2483 1111 2530 Deum
1145 2483 1282 2529 habet
1311 2488 1626 2543 protectorem.

286 2578 479 2627 oremus
514 2579 654 2642 igitur
688 2586 736 2627 et
769 2594 855 2627 nos
893 2593 976 2642 pro
1015 2580 1106 2635 εἰς,
1153 2580 1229 2640 qui
1267 2580 1312 2626 in
1348 2579 1531 2640 aliquod
1568 2585 1809 2640 peccatum
1846 2578 1964 2641 lapsi
2001 2585 2121 2636 sunt,

153 2655 202 2696 ut
236 2650 489 2696 moderatio
537 2657 585 2697 et
618 2649 846 2696 humilitas
883 2650 950 2697 eis
988 2649 1296 2705 concedatur,
1349 2656 1397 2695 ut
1433 2663 1523 2695 non
1578 2647 1737 2706 nobis,
1788 2650 1870 2696 sed
1903 2648 2123 2696 voluntati

153 2717 329 2766 divinae
366 2718 543 2766 cedant.
577 2717 655 2766 Sic
693 2719 812 2766 enim
850 2719 1119 2765 misericors
1151 2720 1321 2765 mentio
1361 2732 1522 2765 eorum
1559 2717 1679 2779 apud
1701 2719 1842 2765 Deum
1869 2725 1915 2765 et
1939 2724 2122 2765 sanctos

152 2786 386 2836 fructuosa
420 2789 524 2847 erit,
559 2795 606 2835 et
641 2787 779 2836 finem
816 2802 946 2835 suum
986 2795 1308 2849 consequetur.
1359 2790 1672 2844 AssumamuS,
1711 2788 1883 2846 dilecti,
1922 2787 2120 2849 discipli·

153 2869 270 2915 nam,
290 2864 479 2920 propter
503 2872 637 2920 quam
668 2872 802 2906 nemo
826 2858 960 2905 irasci
1000 2857 1147 2905 debet.
1193 2859 1467 2914 Admoniti0,
1506 2871 1595 2918 qua
1620 2857 1693 2903 alii
1718 2857 1832 2904 alios
1864 2870 2120 2904 commone·

240 3031 287 3085 5)
318 3031 463 3075 iudith.
489 3032 539 3083 8,
569 3032 639 3076 30.
710 3031 835 3075 Clem.
876 3032 983 3074 Alex.
1022 3032 1049 3074 1.
1082 3032 1108 3074 Ι.
1168 3032 1406 3074 difficillima
1455 3033 1742 3085 interpretatur
1791 3031 1871 3081 sic,
1925 3037 1969 3071 ut
2015 3026 2123 3078 τοὺς

154 3100 194 3142 p.
225 3087 323 3131 ⁸17.
1168 3086 1330 3155 ἁγίους
1358 3090 1409 3130 ad
1442 3090 1653 3130 ecclesiam
1700 3088 1867 3129 reserat:
1903 3086 1989 3136 ,Die
2034 3087 2119 3127 sitr-

237 3144 284 3196 6)
315 3145 373 3187 lta
393 3145 472 3187 lac.
490 3145 531 3187 in
561 3145 686 3188 altera
710 3146 788 3197 ed.,
809 3146 850 3187 in
870 3145 998 3200 priori
1018 3158 1107 3186 cum
1167 3146 1265 3187 bitte
1295 3160 1361 3188 um
1393 3147 1457 3187 die
1488 3145 1851 3187 wiederansnahme
1891 3143 1963 3183 der
1993 3141 2120 3193 gesal-

150 3200 282 3256 requ.
313 3201 407 3244 edd.
421 3199 507 3259 οἰχ
539 3189 683 3256 ἦττον
712 3195 785 3255 αὖ,
817 3202 1109 3245 ΜιΗΤΤΟ-
1168 3203 1285 3243 leuen
1328 3203 1428 3245 wird
1469 3203 1574 3243 noch
1615 3215 1663 3242 an
1698 3201 1793 3240 Gott
1838 3199 1921 3240 und
1963 3212 2011 3239 an
2055 3198 2121 3238 die

155 3258 286 3300 uel.
343 3258 501 3301 Esther.
531 3259 556 3301 7
591 3266 633 3300 et
661 3258 701 3302 8.
1168 3258 1355 3311 heiligen,
1387 3259 1474 3301 also
1506 3273 1556 3299 an
1589 3258 1651 3297 die
1670 3256 1877 3307 gemeinde
1898 3255 2120 3305 gerichtet:

238 3313 336 3369 Cap.
365 3314 458 3357 tvl.
521 3314 563 3370 1)
592 3310 899 3372 ἐντυγχάνειν
929 3331 984 3352 =
1014 3328 1108 3357 ora·
1168 3315 1283 3365 Quod
1320 3316 1404 3357 [leri
1445 3316 1595 3368 nequit.
1636 3313 1875 3365 Deprecatio
1906 3310 2010 3352 enim
2050 3309 2119 3351 illa

154 3369 264 3411 tione
291 3370 553 3414 intercedere.
1165 3369 1211 3426 (ἡ
1248 3370 1358 3429 μετ’
1404 3371 1664 3428 οἰκτιρμῶν
1700 3368 1860 3426 μνεία)
1911 3378 2120 3408 commune

316 3426 472 3479 Gohss,
502 3428 540 3471 1.
1165 3435 1227 3470 est
1264 3428 1387 3470 totins
1433 3428 1628 3469 eeclesiae
1677 3426 1866 3466 osticium.
1938 3424 2042 3475 Ergo
2085 3422 2119 3463 si

243 3480 270 3524 ³
356 3484 484 3535 reta,
522 3497 596 3527 vox
625 3484 811 3533 Paulina,
854 3485 965 3526 nom.
999 3485 1037 3534 1,
1067 3486 1106 3527 9.
1165 3499 1257 3527 vera
1295 3492 1403 3526 esset
1437 3482 1679 3534 Hilgenfeldi
1709 3479 2010 3534 interpretatio,
2052 3492 2120 3520 ec-

157 3537 250 3590 ΙΙὶΙς
318 3538 387 3581 dd
422 3537 518 3594 (die
563 3542 703 3596 Δροσί.
751 3541 920 3594 vaeter)
962 3554 1000 3595 p.
1038 3542 1106 3590 90,
1166 3541 1287 3582 clesia
1317 3548 1442 3583 semet
1484 3540 1611 3592 ipsam
1641 3538 1948 3591 imploravisset.
2009 3536 2119 3585 Quae

158 3600 242 3635 not.
275 3594 315 3636 5.
357 3594 620 3647 (mente
669 3597 871 3647 Gundert,
913 3597 1107 3639 zeitschr.
1167 3610 1286 3651 quum
1325 3597 1379 3639 ita
1417 3597 1524 3645 sint,
1567 3609 1646 3635 non
1691 3606 1906 3648 possumus
1946 3605 2027 3634 non
2070 3592 2119 3633 de

158 3650 224 3693 [tr
267 3649 412 3693 luther-
450 3650 594 3697 nect.
638 3654 768 3706 1854,
803 3653 940 3710 ua),
988 3654 1106 3696 verba
1168 3655 1407 3696 Sanctorum
1435 3650 1687 3694 invocatione
1716 3663 1818 3706 quae
1851 3654 2017 3693 vocatur
2047 3661 2119 3691 co-
