<?xml version="1.0" encoding="UTF-8"?>
<!DOCTYPE html PUBLIC "-//W3C//DTD XHTML 1.0 Transitional//EN"
    "http://www.w3.org/TR/xhtml1/DTD/xhtml1-transitional.dtd">
<html xmlns="http://www.w3.org/1999/xhtml" xml:lang="en" lang="en">
 <head>
  <title>
</title>
<meta http-equiv="Content-Type" content="text/html;charset=utf-8" />
  <meta name='ocr-system' content='tesseract 3.04.00' />
  <meta name='ocr-capabilities' content='ocr_page ocr_carea ocr_par ocr_line ocrx_word'/>
</head>
<body>
  <div class='ocr_page' id='page_1' title='image "./patrumapostolico00dresuoft_0193.png"; bbox 0 0 2340 3900; ppageno 0'>
   <div class='ocr_carea' id='block_1_1' title="bbox 557 131 2190 197">
    <p class='ocr_par' dir='ltr' id='par_1_1' title="bbox 557 131 2190 197">
     <span class='ocr_line' id='line_1_1' title="bbox 557 131 2190 197; baseline 0.001 -18"><span class='ocrx_word' id='word_1_1' title='bbox 557 134 588 179; x_wconf 87' lang='lat'>1.</span> <span class='ocrx_word' id='word_1_2' title='bbox 624 131 937 179; x_wconf 68' lang='lat' dir='ltr'>CLEMENTIS</span> <span class='ocrx_word' id='word_1_3' title='bbox 970 131 1042 177; x_wconf 80' lang='lat' dir='ltr'>Ab</span> <span class='ocrx_word' id='word_1_4' title='bbox 1081 133 1201 180; x_wconf 89' lang='lat' dir='ltr'>COR.</span> <span class='ocrx_word' id='word_1_5' title='bbox 1250 134 1436 180; x_wconf 81' lang='lat' dir='ltr'>XXXIX.</span> <span class='ocrx_word' id='word_1_6' title='bbox 1473 134 1561 182; x_wconf 86' lang='lat' dir='ltr'>XL.</span> <span class='ocrx_word' id='word_1_7' title='bbox 1596 134 1699 181; x_wconf 86' lang='lat' dir='ltr'>XLI.</span> <span class='ocrx_word' id='word_1_8' title='bbox 1737 133 1862 180; x_wconf 85' lang='lat' dir='ltr'>XLII.</span> <span class='ocrx_word' id='word_1_9' title='bbox 2110 131 2190 197; x_wconf 27' lang='lat'>‘87</span> 
     </span>
    </p>
   </div>
   <div class='ocr_carea' id='block_1_2' title="bbox 209 270 2191 662">
    <p class='ocr_par' dir='ltr' id='par_1_2' title="bbox 209 270 2191 662">
     <span class='ocr_line' id='line_1_2' title="bbox 215 270 2191 335; baseline 0.001 -17"><span class='ocrx_word' id='word_1_10' title='bbox 215 270 505 332; x_wconf 83' lang='lat' dir='ltr'>respondeat,</span> <span class='ocrx_word' id='word_1_11' title='bbox 547 270 620 318; x_wconf 83' lang='lat' dir='ltr'>vel</span> <span class='ocrx_word' id='word_1_12' title='bbox 639 270 680 317; x_wconf 92' lang='lat' dir='ltr'>si</span> <span class='ocrx_word' id='word_1_13' title='bbox 704 283 839 331; x_wconf 90' lang='lat' dir='ltr'>quem</span> <span class='ocrx_word' id='word_1_14' title='bbox 867 276 1130 317; x_wconf 86' lang='lat' dir='ltr'>sanctorum</span> <span class='ocrx_word' id='word_1_15' title='bbox 1156 273 1421 333; x_wconf 79' lang='lat' dir='ltr'>angelorum</span> <span class='ocrx_word' id='word_1_16' title='bbox 1446 273 1667 335; x_wconf 84' lang='lat' dir='ltr'>aspicias3</span> <span class='ocrx_word' id='word_1_17' title='bbox 1703 272 1871 319; x_wconf 82' lang='lat' dir='ltr'>etenim</span> <span class='ocrx_word' id='word_1_18' title='bbox 1901 272 2191 335; x_wconf 79' lang='lat' dir='ltr'>insipientem</span> 
     </span>
     <span class='ocr_line' id='line_1_3' title="bbox 214 339 2187 403; baseline 0.002 -18"><span class='ocrx_word' id='word_1_19' title='bbox 214 339 398 400; x_wconf 79' lang='lat' dir='ltr'>perimit</span> <span class='ocrx_word' id='word_1_20' title='bbox 427 339 512 396; x_wconf 84' lang='lat' dir='ltr'>ira,</span> <span class='ocrx_word' id='word_1_21' title='bbox 547 339 735 386; x_wconf 90' lang='lat' dir='ltr'>stultum</span> <span class='ocrx_word' id='word_1_22' title='bbox 772 346 925 386; x_wconf 89' lang='lat' dir='ltr'>autem</span> <span class='ocrx_word' id='word_1_23' title='bbox 962 340 1136 386; x_wconf 87' lang='lat' dir='ltr'>occidit</span> <span class='ocrx_word' id='word_1_24' title='bbox 1172 341 1315 387; x_wconf 87' lang='lat' dir='ltr'>zelus.</span> <span class='ocrx_word' id='word_1_25' title='bbox 1364 342 1458 403; x_wconf 83' lang='lat' dir='ltr'>Ego</span> <span class='ocrx_word' id='word_1_26' title='bbox 1497 349 1646 389; x_wconf 90' lang='lat' dir='ltr'>autem</span> <span class='ocrx_word' id='word_1_27' title='bbox 1668 342 1759 390; x_wconf 90' lang='lat' dir='ltr'>vidi</span> <span class='ocrx_word' id='word_1_28' title='bbox 1787 341 1966 399; x_wconf 85' lang='lat' dir='ltr'>stultos,</span> <span class='ocrx_word' id='word_1_29' title='bbox 2005 342 2187 389; x_wconf 81' lang='lat' dir='ltr'>radices</span> 
     </span>
     <span class='ocr_line' id='line_1_4' title="bbox 211 408 2187 472; baseline 0.002 -19"><span class='ocrx_word' id='word_1_30' title='bbox 211 408 472 465; x_wconf 83' lang='lat' dir='ltr'>mittentes3</span> <span class='ocrx_word' id='word_1_31' title='bbox 521 408 607 455; x_wconf 90' lang='lat' dir='ltr'>sed</span> <span class='ocrx_word' id='word_1_32' title='bbox 651 408 803 455; x_wconf 90' lang='lat' dir='ltr'>statim</span> <span class='ocrx_word' id='word_1_33' title='bbox 850 408 1056 455; x_wconf 85' lang='lat' dir='ltr'>absumta</span> <span class='ocrx_word' id='word_1_34' title='bbox 1106 416 1177 455; x_wconf 87' lang='lat' dir='ltr'>est</span> <span class='ocrx_word' id='word_1_35' title='bbox 1217 409 1397 456; x_wconf 90' lang='lat' dir='ltr'>illorum</span> <span class='ocrx_word' id='word_1_36' title='bbox 1446 411 1678 458; x_wconf 88' lang='lat' dir='ltr'>habitatio.</span> <span class='ocrx_word' id='word_1_37' title='bbox 1748 412 1903 472; x_wconf 83' lang='lat' dir='ltr'>Longe</span> <span class='ocrx_word' id='word_1_38' title='bbox 1950 410 2061 458; x_wconf 87' lang='lat' dir='ltr'>fiant</span> <span class='ocrx_word' id='word_1_39' title='bbox 2106 410 2187 458; x_wconf 89' lang='lat' dir='ltr'>filii</span> 
     </span>
     <span class='ocr_line' id='line_1_5' title="bbox 212 477 2184 541; baseline 0.003 -18"><span class='ocrx_word' id='word_1_40' title='bbox 212 490 371 523; x_wconf 91' lang='lat' dir='ltr'>eorum</span> <span class='ocrx_word' id='word_1_41' title='bbox 406 491 432 524; x_wconf 87' lang='lat' dir='ltr'>a</span> <span class='ocrx_word' id='word_1_42' title='bbox 467 477 625 533; x_wconf 86' lang='lat' dir='ltr'>salute,</span> <span class='ocrx_word' id='word_1_43' title='bbox 661 484 708 524; x_wconf 86' lang='lat' dir='ltr'>et</span> <span class='ocrx_word' id='word_1_44' title='bbox 744 483 1091 524; x_wconf 80' lang='lat' dir='ltr'>contemnantur</span> <span class='ocrx_word' id='word_1_45' title='bbox 1126 485 1230 524; x_wconf 84' lang='lat' dir='ltr'>ante</span> <span class='ocrx_word' id='word_1_46' title='bbox 1268 480 1424 525; x_wconf 88' lang='lat' dir='ltr'>ianuas</span> <span class='ocrx_word' id='word_1_47' title='bbox 1461 481 1718 537; x_wconf 88' lang='lat' dir='ltr'>minorum,</span> <span class='ocrx_word' id='word_1_48' title='bbox 1756 487 1802 527; x_wconf 88' lang='lat' dir='ltr'>et</span> <span class='ocrx_word' id='word_1_49' title='bbox 1836 494 1929 527; x_wconf 89' lang='lat' dir='ltr'>non</span> <span class='ocrx_word' id='word_1_50' title='bbox 1966 481 2054 528; x_wconf 88' lang='lat' dir='ltr'>erit</span> <span class='ocrx_word' id='word_1_51' title='bbox 2105 483 2184 541; x_wconf 88' lang='lat' dir='ltr'>qui</span> 
     </span>
     <span class='ocr_line' id='line_1_6' title="bbox 210 546 2182 611; baseline 0.003 -19"><span class='ocrx_word' id='word_1_52' title='bbox 210 546 387 606; x_wconf 87' lang='lat' dir='ltr'>eripiat.</span> <span class='ocrx_word' id='word_1_53' title='bbox 459 546 580 603; x_wconf 84' lang='lat' dir='ltr'>Quae</span> <span class='ocrx_word' id='word_1_54' title='bbox 615 547 737 593; x_wconf 91' lang='lat' dir='ltr'>enim</span> <span class='ocrx_word' id='word_1_55' title='bbox 772 546 862 593; x_wconf 89' lang='lat' dir='ltr'>illis</span> <span class='ocrx_word' id='word_1_56' title='bbox 898 552 1053 607; x_wconf 88' lang='lat' dir='ltr'>parata</span> <span class='ocrx_word' id='word_1_57' title='bbox 1089 554 1211 603; x_wconf 85' lang='lat' dir='ltr'>sunt,</span> <span class='ocrx_word' id='word_1_58' title='bbox 1239 547 1357 593; x_wconf 36' lang='lat' dir='ltr'>*iusti</span> <span class='ocrx_word' id='word_1_59' title='bbox 1394 550 1664 606; x_wconf 84' lang='lat' dir='ltr'>comedent3</span> <span class='ocrx_word' id='word_1_60' title='bbox 1702 551 1791 611; x_wconf 91' lang='lat' dir='ltr'>ipsi</span> <span class='ocrx_word' id='word_1_61' title='bbox 1826 563 1935 596; x_wconf 88' lang='lat' dir='ltr'>vero</span> <span class='ocrx_word' id='word_1_62' title='bbox 1973 550 2030 597; x_wconf 91' lang='lat' dir='ltr'>de</span> <span class='ocrx_word' id='word_1_63' title='bbox 2053 550 2182 597; x_wconf 88' lang='lat' dir='ltr'>malis</span> 
     </span>
     <span class='ocr_line' id='line_1_7' title="bbox 209 614 681 662; baseline 0.006 -3"><span class='ocrx_word' id='word_1_64' title='bbox 209 628 302 660; x_wconf 92' lang='lat' dir='ltr'>non</span> <span class='ocrx_word' id='word_1_65' title='bbox 337 614 681 662; x_wconf 88' lang='lat' dir='ltr'>liberabuntur.‘</span> 
     </span>
    </p>
   </div>
   <div class='ocr_carea' id='block_1_3' title="bbox 462 733 1915 790">
    <p class='ocr_par' dir='ltr' id='par_1_3' title="bbox 462 733 1915 790">
     <span class='ocr_line' id='line_1_8' title="bbox 462 733 1915 790; baseline 0.001 -3"><span class='ocrx_word' id='word_1_66' title='bbox 462 739 552 787; x_wconf 89' lang='lat' dir='ltr'>XL.</span> <span class='ocrx_word' id='word_1_67' title='bbox 588 742 839 789; x_wconf 72' lang='lat' dir='ltr'>Servemus</span> <span class='ocrx_word' id='word_1_68' title='bbox 875 733 1087 788; x_wconf 64' lang='lat' dir='ltr'>ordinem</span> <span class='ocrx_word' id='word_1_69' title='bbox 1123 741 1175 787; x_wconf 80' lang='lat' dir='ltr'>in</span> <span class='ocrx_word' id='word_1_70' title='bbox 1209 740 1404 787; x_wconf 81' lang='lat' dir='ltr'>ecclesia</span> <span class='ocrx_word' id='word_1_71' title='bbox 1441 742 1478 788; x_wconf 71' lang='lat' dir='ltr'>a·</span> <span class='ocrx_word' id='word_1_72' title='bbox 1509 741 1608 788; x_wconf 88' lang='lat' dir='ltr'>Deo</span> <span class='ocrx_word' id='word_1_73' title='bbox 1643 743 1915 790; x_wconf 77' lang='lat' dir='ltr'>institutum.</span> 
     </span>
    </p>
   </div>
   <div class='ocr_carea' id='block_1_4' title="bbox 197 837 2181 1593">
    <p class='ocr_par' dir='ltr' id='par_1_4' title="bbox 197 837 2181 1593">
     <span class='ocr_line' id='line_1_9' title="bbox 346 837 2179 903; baseline 0.002 -18"><span class='ocrx_word' id='word_1_74' title='bbox 346 838 456 885; x_wconf 91' lang='lat' dir='ltr'>Cum</span> <span class='ocrx_word' id='word_1_75' title='bbox 493 838 632 900; x_wconf 55' lang='lat' dir='ltr'>igitur</span> <span class='ocrx_word' id='word_1_76' title='bbox 651 838 766 885; x_wconf 91' lang='lat' dir='ltr'>haec</span> <span class='ocrx_word' id='word_1_77' title='bbox 793 837 925 884; x_wconf 90' lang='lat' dir='ltr'>nobis</span> <span class='ocrx_word' id='word_1_78' title='bbox 964 837 1056 883; x_wconf 89' lang='lat' dir='ltr'>sint</span> <span class='ocrx_word' id='word_1_79' title='bbox 1092 837 1332 883; x_wconf 88' lang='lat' dir='ltr'>manifesta</span> <span class='ocrx_word' id='word_1_80' title='bbox 1369 843 1415 882; x_wconf 93' lang='lat' dir='ltr'>et</span> <span class='ocrx_word' id='word_1_81' title='bbox 1452 837 1496 882; x_wconf 92' lang='lat' dir='ltr'>in</span> <span class='ocrx_word' id='word_1_82' title='bbox 1534 837 1762 897; x_wconf 81' lang='lat' dir='ltr'>profunda</span> <span class='ocrx_word' id='word_1_83' title='bbox 1811 840 1986 888; x_wconf 89' lang='lat' dir='ltr'>divinae</span> <span class='ocrx_word' id='word_1_84' title='bbox 2024 843 2179 903; x_wconf 89' lang='lat' dir='ltr'>cogni·</span> 
     </span>
     <span class='ocr_line' id='line_1_10' title="bbox 206 905 2181 971; baseline 0.004 -19"><span class='ocrx_word' id='word_1_85' title='bbox 206 907 343 954; x_wconf 90' lang='lat' dir='ltr'>tionis</span> <span class='ocrx_word' id='word_1_86' title='bbox 390 922 476 954; x_wconf 91' lang='lat' dir='ltr'>nos</span> <span class='ocrx_word' id='word_1_87' title='bbox 521 908 925 969; x_wconf 85' lang='lat' dir='ltr'>introspiciamus,</span> <span class='ocrx_word' id='word_1_88' title='bbox 975 913 1139 953; x_wconf 89' lang='lat' dir='ltr'>cuncta</span> <span class='ocrx_word' id='word_1_89' title='bbox 1177 907 1338 953; x_wconf 85' lang='lat' dir='ltr'>ordine</span> <span class='ocrx_word' id='word_1_90' title='bbox 1380 905 1602 952; x_wconf 90' lang='lat' dir='ltr'>debemus</span> <span class='ocrx_word' id='word_1_91' title='bbox 1642 907 1808 964; x_wconf 81' lang='lat' dir='ltr'>facere,</span> <span class='ocrx_word' id='word_1_92' title='bbox 1851 923 1967 971; x_wconf 90' lang='lat' dir='ltr'>quae</span> <span class='ocrx_word' id='word_1_93' title='bbox 1989 925 2076 959; x_wconf 91' lang='lat' dir='ltr'>nos</span> <span class='ocrx_word' id='word_1_94' title='bbox 2098 912 2181 959; x_wconf 89' lang='lat' dir='ltr'>Do-</span> 
     </span>
     <span class='ocr_line' id='line_1_11' title="bbox 200 974 2181 1038; baseline 0.003 -15"><span class='ocrx_word' id='word_1_95' title='bbox 200 977 350 1023; x_wconf 90' lang='lat' dir='ltr'>minus</span> <span class='ocrx_word' id='word_1_96' title='bbox 387 977 566 1023; x_wconf 83' lang='lat' dir='ltr'>statutis</span> <span class='ocrx_word' id='word_1_97' title='bbox 605 976 887 1038; x_wconf 88' lang='lat' dir='ltr'>temporibus</span> <span class='ocrx_word' id='word_1_98' title='bbox 925 989 1147 1037; x_wconf 86' lang='lat' dir='ltr'>peragere</span> <span class='ocrx_word' id='word_1_99' title='bbox 1185 976 1332 1022; x_wconf 88' lang='lat' dir='ltr'>iussit.</span> <span class='ocrx_word' id='word_1_100' title='bbox 1404 974 1667 1022; x_wconf 87' lang='lat' dir='ltr'>Oblationes</span> <span class='ocrx_word' id='word_1_101' title='bbox 1718 977 1896 1025; x_wconf 90' lang='lat' dir='ltr'>scilicet</span> <span class='ocrx_word' id='word_1_102' title='bbox 1947 986 1993 1026; x_wconf 90' lang='lat' dir='ltr'>et</span> <span class='ocrx_word' id='word_1_103' title='bbox 2029 980 2181 1028; x_wconf 83' lang='lat' dir='ltr'>officia</span> 
     </span>
     <span class='ocr_line' id='line_1_12' title="bbox 202 1043 2177 1107; baseline 0.003 -15"><span class='ocrx_word' id='word_1_104' title='bbox 202 1059 333 1092; x_wconf 86' lang='lat' dir='ltr'>sacra</span> <span class='ocrx_word' id='word_1_105' title='bbox 368 1046 554 1107; x_wconf 83' lang='lat' dir='ltr'>perlici,</span> <span class='ocrx_word' id='word_1_106' title='bbox 603 1060 755 1107; x_wconf 90' lang='lat' dir='ltr'>neque</span> <span class='ocrx_word' id='word_1_107' title='bbox 793 1053 965 1092; x_wconf 90' lang='lat' dir='ltr'>temere</span> <span class='ocrx_word' id='word_1_108' title='bbox 1001 1045 1071 1092; x_wconf 88' lang='lat' dir='ltr'>vel</span> <span class='ocrx_word' id='word_1_109' title='bbox 1108 1045 1364 1092; x_wconf 88' lang='lat' dir='ltr'>inordinate</span> <span class='ocrx_word' id='word_1_110' title='bbox 1402 1043 1502 1090; x_wconf 86' lang='lat' dir='ltr'>fieri</span> <span class='ocrx_word' id='word_1_111' title='bbox 1561 1047 1817 1107; x_wconf 88' lang='lat' dir='ltr'>praecepit,</span> <span class='ocrx_word' id='word_1_112' title='bbox 1867 1050 1946 1095; x_wconf 91' lang='lat' dir='ltr'>sed</span> <span class='ocrx_word' id='word_1_113' title='bbox 1999 1051 2177 1097; x_wconf 86' lang='lat' dir='ltr'>statutis</span> 
     </span>
     <span class='ocr_line' id='line_1_13' title="bbox 204 1113 2176 1178; baseline 0.003 -17"><span class='ocrx_word' id='word_1_114' title='bbox 204 1115 486 1176; x_wconf 85' lang='lat' dir='ltr'>temporibus</span> <span class='ocrx_word' id='word_1_115' title='bbox 521 1121 569 1162; x_wconf 92' lang='lat' dir='ltr'>et</span> <span class='ocrx_word' id='word_1_116' title='bbox 599 1116 741 1162; x_wconf 88' lang='lat' dir='ltr'>horis.</span> <span class='ocrx_word' id='word_1_117' title='bbox 814 1115 895 1162; x_wconf 90' lang='lat' dir='ltr'>Ubi</span> <span class='ocrx_word' id='word_1_118' title='bbox 933 1115 1067 1161; x_wconf 89' lang='lat' dir='ltr'>etiam</span> <span class='ocrx_word' id='word_1_119' title='bbox 1117 1122 1163 1161; x_wconf 91' lang='lat' dir='ltr'>et</span> <span class='ocrx_word' id='word_1_120' title='bbox 1196 1130 1221 1160; x_wconf 93' lang='lat' dir='ltr'>a</span> <span class='ocrx_word' id='word_1_121' title='bbox 1258 1114 1424 1175; x_wconf 89' lang='lat' dir='ltr'>quibus</span> <span class='ocrx_word' id='word_1_122' title='bbox 1463 1113 1686 1160; x_wconf 89' lang='lat' dir='ltr'>celebrari</span> <span class='ocrx_word' id='word_1_123' title='bbox 1733 1115 1852 1172; x_wconf 86' lang='lat' dir='ltr'>vult,</span> <span class='ocrx_word' id='word_1_124' title='bbox 1899 1118 1998 1178; x_wconf 92' lang='lat' dir='ltr'>ipse</span> <span class='ocrx_word' id='word_1_125' title='bbox 2036 1120 2176 1166; x_wconf 87' lang='lat' dir='ltr'>excel·</span> 
     </span>
     <span class='ocr_line' id='line_1_14' title="bbox 202 1183 2176 1245; baseline 0.003 -15"><span class='ocrx_word' id='word_1_126' title='bbox 202 1185 383 1230; x_wconf 89' lang='lat' dir='ltr'>sissima</span> <span class='ocrx_word' id='word_1_127' title='bbox 419 1199 502 1230; x_wconf 88' lang='lat' dir='ltr'>sua</span> <span class='ocrx_word' id='word_1_128' title='bbox 538 1185 767 1231; x_wconf 91' lang='lat' dir='ltr'>voluntate</span> <span class='ocrx_word' id='word_1_129' title='bbox 806 1183 1036 1241; x_wconf 89' lang='lat' dir='ltr'>definivit,</span> <span class='ocrx_word' id='word_1_130' title='bbox 1077 1192 1127 1231; x_wconf 88' lang='lat' dir='ltr'>ut</span> <span class='ocrx_word' id='word_1_131' title='bbox 1164 1184 1379 1245; x_wconf 82' lang='lat' dir='ltr'>religiose</span> <span class='ocrx_word' id='word_1_132' title='bbox 1417 1184 1567 1229; x_wconf 90' lang='lat' dir='ltr'>omnia</span> <span class='ocrx_word' id='word_1_133' title='bbox 1604 1185 1859 1231; x_wconf 87' lang='lat' dir='ltr'>secundum</span> <span class='ocrx_word' id='word_1_134' title='bbox 1905 1188 2003 1233; x_wconf 90' lang='lat' dir='ltr'>eius</span> <span class='ocrx_word' id='word_1_135' title='bbox 2040 1187 2176 1235; x_wconf 87' lang='lat' dir='ltr'>hene·</span> 
     </span>
     <span class='ocr_line' id='line_1_15' title="bbox 201 1252 2175 1316; baseline 0.003 -17"><span class='ocrx_word' id='word_1_136' title='bbox 201 1252 413 1315; x_wconf 86' lang='lat' dir='ltr'>placitum</span> <span class='ocrx_word' id='word_1_137' title='bbox 449 1254 691 1316; x_wconf 88' lang='lat' dir='ltr'>adimpleta</span> <span class='ocrx_word' id='word_1_138' title='bbox 727 1260 914 1316; x_wconf 88' lang='lat' dir='ltr'>accepta</span> <span class='ocrx_word' id='word_1_139' title='bbox 944 1260 1102 1301; x_wconf 90' lang='lat' dir='ltr'>essent</span> <span class='ocrx_word' id='word_1_140' title='bbox 1139 1253 1358 1299; x_wconf 90' lang='lat' dir='ltr'>voluntati</span> <span class='ocrx_word' id='word_1_141' title='bbox 1382 1253 1496 1299; x_wconf 84' lang='lat' dir='ltr'>eiuS.</span> <span class='ocrx_word' id='word_1_142' title='bbox 1549 1253 1632 1309; x_wconf 85' lang='lat' dir='ltr'>Qui</span> <span class='ocrx_word' id='word_1_143' title='bbox 1660 1267 1771 1314; x_wconf 86' lang='lat' dir='ltr'>ergo</span> <span class='ocrx_word' id='word_1_144' title='bbox 1798 1256 2042 1316; x_wconf 85' lang='lat' dir='ltr'>assignatis</span> <span class='ocrx_word' id='word_1_145' title='bbox 2066 1264 2175 1304; x_wconf 89' lang='lat' dir='ltr'>tem·</span> 
     </span>
     <span class='ocr_line' id='line_1_16' title="bbox 199 1321 2175 1384; baseline 0.001 -14"><span class='ocrx_word' id='word_1_146' title='bbox 199 1322 391 1384; x_wconf 86' lang='lat' dir='ltr'>poribus</span> <span class='ocrx_word' id='word_1_147' title='bbox 425 1322 679 1370; x_wconf 87' lang='lat' dir='ltr'>oblationes</span> <span class='ocrx_word' id='word_1_148' title='bbox 716 1338 822 1370; x_wconf 88' lang='lat' dir='ltr'>suas</span> <span class='ocrx_word' id='word_1_149' title='bbox 859 1323 1044 1380; x_wconf 78' lang='lat' dir='ltr'>faciunt,</span> <span class='ocrx_word' id='word_1_150' title='bbox 1081 1324 1258 1384; x_wconf 87' lang='lat' dir='ltr'>accepti</span> <span class='ocrx_word' id='word_1_151' title='bbox 1296 1330 1342 1368; x_wconf 90' lang='lat' dir='ltr'>et</span> <span class='ocrx_word' id='word_1_152' title='bbox 1378 1321 1499 1369; x_wconf 90' lang='lat' dir='ltr'>beati</span> <span class='ocrx_word' id='word_1_153' title='bbox 1538 1329 1667 1379; x_wconf 84' lang='lat' dir='ltr'>sunt3</span> <span class='ocrx_word' id='word_1_154' title='bbox 1709 1323 1885 1370; x_wconf 89' lang='lat' dir='ltr'>Domini</span> <span class='ocrx_word' id='word_1_155' title='bbox 1911 1327 2031 1371; x_wconf 90' lang='lat' dir='ltr'>enim</span> <span class='ocrx_word' id='word_1_156' title='bbox 2054 1341 2175 1372; x_wconf 87' lang='lat' dir='ltr'>man-</span> 
     </span>
     <span class='ocr_line' id='line_1_17' title="bbox 201 1391 2174 1453; baseline 0.002 -15"><span class='ocrx_word' id='word_1_157' title='bbox 201 1391 302 1438; x_wconf 83' lang='lat' dir='ltr'>data</span> <span class='ocrx_word' id='word_1_158' title='bbox 339 1399 587 1453; x_wconf 88' lang='lat' dir='ltr'>sequentes</span> <span class='ocrx_word' id='word_1_159' title='bbox 626 1407 718 1439; x_wconf 92' lang='lat' dir='ltr'>non</span> <span class='ocrx_word' id='word_1_160' title='bbox 754 1393 981 1440; x_wconf 87' lang='lat' dir='ltr'>aberrant.</span> <span class='ocrx_word' id='word_1_161' title='bbox 1053 1392 1240 1439; x_wconf 89' lang='lat' dir='ltr'>Summo</span> <span class='ocrx_word' id='word_1_162' title='bbox 1280 1392 1449 1453; x_wconf 89' lang='lat' dir='ltr'>quippe</span> <span class='ocrx_word' id='word_1_163' title='bbox 1488 1391 1716 1438; x_wconf 86' lang='lat' dir='ltr'>sacerdoti</span> <span class='ocrx_word' id='word_1_164' title='bbox 1754 1407 1836 1438; x_wconf 87' lang='lat' dir='ltr'>sua</span> <span class='ocrx_word' id='word_1_165' title='bbox 1871 1407 2060 1441; x_wconf 87' lang='lat' dir='ltr'>munera</span> <span class='ocrx_word' id='word_1_166' title='bbox 2100 1396 2174 1441; x_wconf 91' lang='lat' dir='ltr'>tri·</span> 
     </span>
     <span class='ocr_line' id='line_1_18' title="bbox 199 1460 2173 1524; baseline 0.002 -16"><span class='ocrx_word' id='word_1_167' title='bbox 199 1460 307 1508; x_wconf 82' lang='lat' dir='ltr'>buta</span> <span class='ocrx_word' id='word_1_168' title='bbox 357 1469 491 1519; x_wconf 86' lang='lat' dir='ltr'>sunt,</span> <span class='ocrx_word' id='word_1_169' title='bbox 540 1462 859 1509; x_wconf 87' lang='lat' dir='ltr'>sacerdotibus</span> <span class='ocrx_word' id='word_1_170' title='bbox 908 1462 1037 1509; x_wconf 89' lang='lat' dir='ltr'>locus</span> <span class='ocrx_word' id='word_1_171' title='bbox 1086 1463 1306 1524; x_wconf 89' lang='lat' dir='ltr'>proprius</span> <span class='ocrx_word' id='word_1_172' title='bbox 1353 1462 1611 1522; x_wconf 85' lang='lat' dir='ltr'>assignatus</span> <span class='ocrx_word' id='word_1_173' title='bbox 1650 1468 1744 1517; x_wconf 89' lang='lat' dir='ltr'>est,</span> <span class='ocrx_word' id='word_1_174' title='bbox 1792 1468 1839 1507; x_wconf 90' lang='lat' dir='ltr'>et</span> <span class='ocrx_word' id='word_1_175' title='bbox 1873 1461 2043 1510; x_wconf 88' lang='lat' dir='ltr'>Levitis</span> <span class='ocrx_word' id='word_1_176' title='bbox 2095 1479 2173 1511; x_wconf 88' lang='lat' dir='ltr'>sua</span> 
     </span>
     <span class='ocr_line' id='line_1_19' title="bbox 197 1530 2013 1593; baseline -0.001 -16"><span class='ocrx_word' id='word_1_177' title='bbox 197 1530 451 1578; x_wconf 85' lang='lat' dir='ltr'>ministeria</span> <span class='ocrx_word' id='word_1_178' title='bbox 486 1531 764 1579; x_wconf 85' lang='lat' dir='ltr'>incumbunt.</span> <span class='ocrx_word' id='word_1_179' title='bbox 835 1532 980 1579; x_wconf 88' lang='lat' dir='ltr'>Homo</span> <span class='ocrx_word' id='word_1_180' title='bbox 1018 1532 1162 1579; x_wconf 88' lang='lat' dir='ltr'>laicus</span> <span class='ocrx_word' id='word_1_181' title='bbox 1201 1531 1459 1593; x_wconf 83' lang='lat' dir='ltr'>praeceptis</span> <span class='ocrx_word' id='word_1_182' title='bbox 1498 1530 1625 1577; x_wconf 89' lang='lat' dir='ltr'>laicis</span> <span class='ocrx_word' id='word_1_183' title='bbox 1666 1531 2013 1592; x_wconf 82' lang='lat' dir='ltr'>constringitur.</span> 
     </span>
    </p>
   </div>
   <div class='ocr_carea' id='block_1_5' title="bbox 943 1657 1433 1706">
    <p class='ocr_par' dir='ltr' id='par_1_5' title="bbox 943 1657 1433 1706">
     <span class='ocr_line' id='line_1_20' title="bbox 943 1657 1433 1706; baseline -0.002 -2"><span class='ocrx_word' id='word_1_184' title='bbox 943 1657 1052 1704; x_wconf 87' lang='lat' dir='ltr'>XLI.</span> <span class='ocrx_word' id='word_1_185' title='bbox 1124 1658 1433 1706; x_wconf 77' lang='lat' dir='ltr'>Cominualio.</span> 
     </span>
    </p>
   </div>
   <div class='ocr_carea' id='block_1_6' title="bbox 194 1753 2172 2371">
    <p class='ocr_par' dir='ltr' id='par_1_6' title="bbox 194 1753 2172 2371">
     <span class='ocr_line' id='line_1_21' title="bbox 337 1753 2172 1817; baseline 0.001 -15"><span class='ocrx_word' id='word_1_186' title='bbox 337 1753 661 1817; x_wconf 84' lang='lat' dir='ltr'>Unusquisque</span> <span class='ocrx_word' id='word_1_187' title='bbox 697 1762 923 1812; x_wconf 87' lang='lat' dir='ltr'>vestrum,</span> <span class='ocrx_word' id='word_1_188' title='bbox 963 1755 1154 1812; x_wconf 81' lang='lat' dir='ltr'>fratres,</span> <span class='ocrx_word' id='word_1_189' title='bbox 1191 1756 1236 1802; x_wconf 92' lang='lat' dir='ltr'>in</span> <span class='ocrx_word' id='word_1_190' title='bbox 1275 1769 1359 1802; x_wconf 93' lang='lat' dir='ltr'>suo</span> <span class='ocrx_word' id='word_1_191' title='bbox 1399 1753 1585 1811; x_wconf 87' lang='lat' dir='ltr'>ordine,</span> <span class='ocrx_word' id='word_1_192' title='bbox 1635 1755 1681 1801; x_wconf 92' lang='lat' dir='ltr'>in</span> <span class='ocrx_word' id='word_1_193' title='bbox 1718 1753 1840 1801; x_wconf 90' lang='lat' dir='ltr'>bona</span> <span class='ocrx_word' id='word_1_194' title='bbox 1877 1755 2172 1814; x_wconf 87' lang='lat' dir='ltr'>conscientia,</span> 
     </span>
     <span class='ocr_line' id='line_1_22' title="bbox 196 1824 2170 1887; baseline 0.001 -15"><span class='ocrx_word' id='word_1_195' title='bbox 196 1825 527 1887; x_wconf 83' lang='lat' dir='ltr'>praescriptam</span> <span class='ocrx_word' id='word_1_196' title='bbox 561 1825 802 1872; x_wconf 90' lang='lat' dir='ltr'>ministerii</span> <span class='ocrx_word' id='word_1_197' title='bbox 837 1826 907 1872; x_wconf 89' lang='lat' dir='ltr'>sui</span> <span class='ocrx_word' id='word_1_198' title='bbox 944 1825 1150 1886; x_wconf 86' lang='lat' dir='ltr'>regulam</span> <span class='ocrx_word' id='word_1_199' title='bbox 1188 1839 1279 1871; x_wconf 88' lang='lat' dir='ltr'>non</span> <span class='ocrx_word' id='word_1_200' title='bbox 1316 1824 1676 1886; x_wconf 76' lang='lat' dir='ltr'>transgredien8‚</span> <span class='ocrx_word' id='word_1_201' title='bbox 1715 1825 1761 1870; x_wconf 94' lang='lat' dir='ltr'>in</span> <span class='ocrx_word' id='word_1_202' title='bbox 1798 1824 2039 1872; x_wconf 88' lang='lat' dir='ltr'>honestate</span> <span class='ocrx_word' id='word_1_203' title='bbox 2079 1825 2170 1873; x_wconf 89' lang='lat' dir='ltr'>Deo</span> 
     </span>
     <span class='ocr_line' id='line_1_23' title="bbox 197 1893 2172 1957; baseline 0.002 -17"><span class='ocrx_word' id='word_1_204' title='bbox 197 1895 365 1956; x_wconf 79' lang='lat' dir='ltr'>gratias</span> <span class='ocrx_word' id='word_1_205' title='bbox 402 1902 519 1955; x_wconf 81' lang='lat' dir='ltr'>agat.</span> <span class='ocrx_word' id='word_1_206' title='bbox 590 1895 691 1942; x_wconf 81' lang='lat' dir='ltr'>Non</span> <span class='ocrx_word' id='word_1_207' title='bbox 727 1896 773 1942; x_wconf 91' lang='lat' dir='ltr'>in</span> <span class='ocrx_word' id='word_1_208' title='bbox 810 1896 932 1942; x_wconf 89' lang='lat' dir='ltr'>omni</span> <span class='ocrx_word' id='word_1_209' title='bbox 969 1895 1098 1951; x_wconf 89' lang='lat' dir='ltr'>loco,</span> <span class='ocrx_word' id='word_1_210' title='bbox 1146 1895 1338 1952; x_wconf 80' lang='lat' dir='ltr'>fratres,</span> <span class='ocrx_word' id='word_1_211' title='bbox 1389 1895 1647 1941; x_wconf 81' lang='lat' dir='ltr'>offeruntur</span> <span class='ocrx_word' id='word_1_212' title='bbox 1684 1893 1911 1941; x_wconf 86' lang='lat' dir='ltr'>sacrificia</span> <span class='ocrx_word' id='word_1_213' title='bbox 1947 1902 2172 1957; x_wconf 83' lang='lat' dir='ltr'>perpetua</span> 
     </span>
     <span class='ocr_line' id='line_1_24' title="bbox 196 1960 2169 2026; baseline 0.003 -19"><span class='ocrx_word' id='word_1_214' title='bbox 196 1963 268 2010; x_wconf 83' lang='lat' dir='ltr'>vel</span> <span class='ocrx_word' id='word_1_215' title='bbox 300 1965 443 2011; x_wconf 82' lang='lat' dir='ltr'>votiva</span> <span class='ocrx_word' id='word_1_216' title='bbox 483 1963 551 2009; x_wconf 76' lang='lat' dir='ltr'>vel</span> <span class='ocrx_word' id='word_1_217' title='bbox 590 1960 683 2026; x_wconf 55' lang='lat' dir='ltr'>‘pro</span> <span class='ocrx_word' id='word_1_218' title='bbox 719 1965 922 2026; x_wconf 88' lang='lat' dir='ltr'>peccatis</span> <span class='ocrx_word' id='word_1_219' title='bbox 960 1971 1007 2011; x_wconf 93' lang='lat' dir='ltr'>et</span> <span class='ocrx_word' id='word_1_220' title='bbox 1043 1964 1252 2021; x_wconf 89' lang='lat' dir='ltr'>delictis,</span> <span class='ocrx_word' id='word_1_221' title='bbox 1290 1964 1372 2011; x_wconf 91' lang='lat' dir='ltr'>sed</span> <span class='ocrx_word' id='word_1_222' title='bbox 1411 1963 1742 2025; x_wconf 84' lang='lat' dir='ltr'>Hierosolymis</span> <span class='ocrx_word' id='word_1_223' title='bbox 1782 1970 1979 2021; x_wconf 85' lang='lat' dir='ltr'>tantum3</span> <span class='ocrx_word' id='word_1_224' title='bbox 2017 1979 2169 2026; x_wconf 90' lang='lat' dir='ltr'>neque</span> 
     </span>
     <span class='ocr_line' id='line_1_25' title="bbox 199 2031 2169 2095; baseline 0.001 -16"><span class='ocrx_word' id='word_1_225' title='bbox 199 2031 293 2079; x_wconf 85' lang='lat' dir='ltr'>illic</span> <span class='ocrx_word' id='word_1_226' title='bbox 327 2033 373 2078; x_wconf 89' lang='lat' dir='ltr'>in</span> <span class='ocrx_word' id='word_1_227' title='bbox 409 2034 571 2094; x_wconf 74' lang='lat' dir='ltr'>quovis</span> <span class='ocrx_word' id='word_1_228' title='bbox 602 2033 706 2079; x_wconf 87' lang='lat' dir='ltr'>Ioco</span> <span class='ocrx_word' id='word_1_229' title='bbox 746 2032 796 2078; x_wconf 82' lang='lat' dir='ltr'>fit</span> <span class='ocrx_word' id='word_1_230' title='bbox 830 2032 1028 2090; x_wconf 86' lang='lat' dir='ltr'>oblatio,</span> <span class='ocrx_word' id='word_1_231' title='bbox 1067 2034 1150 2080; x_wconf 90' lang='lat' dir='ltr'>sed</span> <span class='ocrx_word' id='word_1_232' title='bbox 1188 2034 1231 2078; x_wconf 91' lang='lat' dir='ltr'>in</span> <span class='ocrx_word' id='word_1_233' title='bbox 1271 2034 1386 2079; x_wconf 88' lang='lat' dir='ltr'>atrio</span> <span class='ocrx_word' id='word_1_234' title='bbox 1424 2033 1581 2093; x_wconf 89' lang='lat' dir='ltr'>templi</span> <span class='ocrx_word' id='word_1_235' title='bbox 1616 2033 1672 2078; x_wconf 90' lang='lat' dir='ltr'>ad</span> <span class='ocrx_word' id='word_1_236' title='bbox 1708 2032 1872 2088; x_wconf 84' lang='lat' dir='ltr'>altare,</span> <span class='ocrx_word' id='word_1_237' title='bbox 1925 2033 2169 2095; x_wconf 87' lang='lat' dir='ltr'>diligenter</span> 
     </span>
     <span class='ocr_line' id='line_1_26' title="bbox 196 2101 2168 2163; baseline 0.002 -15"><span class='ocrx_word' id='word_1_238' title='bbox 196 2101 326 2163; x_wconf 79' lang='lat' dir='ltr'>prius</span> <span class='ocrx_word' id='word_1_239' title='bbox 362 2102 568 2163; x_wconf 81' lang='lat' dir='ltr'>inspecto</span> <span class='ocrx_word' id='word_1_240' title='bbox 605 2101 832 2149; x_wconf 86' lang='lat' dir='ltr'>sacrificio</span> <span class='ocrx_word' id='word_1_241' title='bbox 870 2116 893 2147; x_wconf 86' lang='lat' dir='ltr'>a</span> <span class='ocrx_word' id='word_1_242' title='bbox 933 2116 1111 2148; x_wconf 90' lang='lat' dir='ltr'>summo</span> <span class='ocrx_word' id='word_1_243' title='bbox 1149 2102 1390 2148; x_wconf 88' lang='lat' dir='ltr'>sacerdote</span> <span class='ocrx_word' id='word_1_244' title='bbox 1428 2108 1474 2148; x_wconf 89' lang='lat' dir='ltr'>et</span> <span class='ocrx_word' id='word_1_245' title='bbox 1508 2102 1758 2162; x_wconf 88' lang='lat' dir='ltr'>praedietis</span> <span class='ocrx_word' id='word_1_246' title='bbox 1794 2101 2032 2151; x_wconf 83' lang='lat' dir='ltr'>ministris,</span> <span class='ocrx_word' id='word_1_247' title='bbox 2084 2103 2168 2160; x_wconf 85' lang='lat' dir='ltr'>Qui</span> 
     </span>
     <span class='ocr_line' id='line_1_27' title="bbox 196 2170 2161 2233; baseline 0.001 -16"><span class='ocrx_word' id='word_1_248' title='bbox 196 2170 333 2232; x_wconf 81' lang='lat' dir='ltr'>igitur</span> <span class='ocrx_word' id='word_1_249' title='bbox 368 2177 550 2232; x_wconf 84' lang='lat' dir='ltr'>praeter</span> <span class='ocrx_word' id='word_1_250' title='bbox 585 2171 644 2226; x_wconf 87' lang='lat' dir='ltr'>id,</span> <span class='ocrx_word' id='word_1_251' title='bbox 682 2172 806 2233; x_wconf 85' lang='lat' dir='ltr'>quod</span> <span class='ocrx_word' id='word_1_252' title='bbox 844 2171 1063 2217; x_wconf 84' lang='lat' dir='ltr'>voluntati</span> <span class='ocrx_word' id='word_1_253' title='bbox 1101 2172 1200 2218; x_wconf 90' lang='lat' dir='ltr'>eius</span> <span class='ocrx_word' id='word_1_254' title='bbox 1240 2177 1597 2218; x_wconf 90' lang='lat' dir='ltr'>consentaneum</span> <span class='ocrx_word' id='word_1_255' title='bbox 1636 2177 1735 2228; x_wconf 90' lang='lat' dir='ltr'>est,</span> <span class='ocrx_word' id='word_1_256' title='bbox 1779 2171 1949 2231; x_wconf 89' lang='lat' dir='ltr'>aliquid</span> <span class='ocrx_word' id='word_1_257' title='bbox 1975 2172 2161 2229; x_wconf 85' lang='lat' dir='ltr'>faciunt,</span> 
     </span>
     <span class='ocr_line' id='line_1_28' title="bbox 194 2239 2166 2303; baseline 0.001 -17"><span class='ocrx_word' id='word_1_258' title='bbox 194 2240 356 2287; x_wconf 83' lang='lat' dir='ltr'>mortis</span> <span class='ocrx_word' id='word_1_259' title='bbox 394 2239 619 2301; x_wconf 83' lang='lat' dir='ltr'>supplicio</span> <span class='ocrx_word' id='word_1_260' title='bbox 657 2241 921 2302; x_wconf 89' lang='lat' dir='ltr'>puniuntur.</span> <span class='ocrx_word' id='word_1_261' title='bbox 968 2240 1154 2298; x_wconf 87' lang='lat' dir='ltr'>Videtis,</span> <span class='ocrx_word' id='word_1_262' title='bbox 1192 2241 1368 2296; x_wconf 80' lang='lat' dir='ltr'>fratres,</span> <span class='ocrx_word' id='word_1_263' title='bbox 1406 2255 1497 2301; x_wconf 93' lang='lat' dir='ltr'>quo</span> <span class='ocrx_word' id='word_1_264' title='bbox 1537 2241 1696 2286; x_wconf 90' lang='lat' dir='ltr'>maiori</span> <span class='ocrx_word' id='word_1_265' title='bbox 1735 2241 1999 2301; x_wconf 89' lang='lat' dir='ltr'>cognitione</span> <span class='ocrx_word' id='word_1_266' title='bbox 2039 2242 2166 2303; x_wconf 88' lang='lat' dir='ltr'>digni</span> 
     </span>
     <span class='ocr_line' id='line_1_29' title="bbox 195 2308 1542 2371; baseline -0.001 -16"><span class='ocrx_word' id='word_1_267' title='bbox 195 2322 352 2355; x_wconf 79' lang='lat' dir='ltr'>sumus</span> <span class='ocrx_word' id='word_1_268' title='bbox 386 2308 541 2366; x_wconf 82' lang='lat' dir='ltr'>habiti,</span> <span class='ocrx_word' id='word_1_269' title='bbox 578 2323 633 2357; x_wconf 91' lang='lat' dir='ltr'>eo</span> <span class='ocrx_word' id='word_1_270' title='bbox 671 2310 864 2371; x_wconf 81' lang='lat' dir='ltr'>graviori</span> <span class='ocrx_word' id='word_1_271' title='bbox 903 2310 1110 2371; x_wconf 86' lang='lat' dir='ltr'>periculo</span> <span class='ocrx_word' id='word_1_272' title='bbox 1147 2310 1332 2357; x_wconf 81' lang='lat' dir='ltr'>obnoxii</span> <span class='ocrx_word' id='word_1_273' title='bbox 1371 2323 1542 2355; x_wconf 81' lang='lat' dir='ltr'>sumus,</span> 
     </span>
    </p>
   </div>
   <div class='ocr_carea' id='block_1_7' title="bbox 228 2444 2137 2593">
    <p class='ocr_par' dir='ltr' id='par_1_7' title="bbox 228 2444 2137 2593">
     <span class='ocr_line' id='line_1_30' title="bbox 228 2444 2137 2509; baseline 0.002 -18"><span class='ocrx_word' id='word_1_274' title='bbox 228 2444 358 2492; x_wconf 80' lang='lat' dir='ltr'>XLII.</span> <span class='ocrx_word' id='word_1_275' title='bbox 434 2446 563 2495; x_wconf 77' lang='lat' dir='ltr'>ordo</span> <span class='ocrx_word' id='word_1_276' title='bbox 597 2448 916 2495; x_wconf 74' lang='lat' dir='ltr'>ministrorum</span> <span class='ocrx_word' id='word_1_277' title='bbox 949 2449 1001 2494; x_wconf 79' lang='lat' dir='ltr'>in</span> <span class='ocrx_word' id='word_1_278' title='bbox 1036 2448 1233 2495; x_wconf 79' lang='lat' dir='ltr'>ecclesia</span> <span class='ocrx_word' id='word_1_279' title='bbox 1268 2464 1300 2495; x_wconf 90' lang='lat' dir='ltr'>a</span> <span class='ocrx_word' id='word_1_280' title='bbox 1338 2449 1516 2496; x_wconf 79' lang='lat' dir='ltr'>Christo</span> <span class='ocrx_word' id='word_1_281' title='bbox 1563 2447 1866 2503; x_wconf 75' lang='lat' dir='ltr'>constitutu33</span> <span class='ocrx_word' id='word_1_282' title='bbox 1915 2447 2137 2509; x_wconf 77' lang='lat' dir='ltr'>Episcopi</span> 
     </span>
     <span class='ocr_line' id='line_1_31' title="bbox 728 2529 1624 2593; baseline -0.001 -16"><span class='ocrx_word' id='word_1_283' title='bbox 728 2536 771 2577; x_wconf 80' lang='lat' dir='ltr'>et</span> <span class='ocrx_word' id='word_1_284' title='bbox 804 2531 1009 2578; x_wconf 83' lang='lat' dir='ltr'>Diacom&#39;</span> <span class='ocrx_word' id='word_1_285' title='bbox 1043 2531 1102 2578; x_wconf 82' lang='lat' dir='ltr'>ab</span> <span class='ocrx_word' id='word_1_286' title='bbox 1140 2529 1368 2593; x_wconf 79' lang='lat' dir='ltr'>Apostolis</span> <span class='ocrx_word' id='word_1_287' title='bbox 1403 2531 1624 2578; x_wconf 75' lang='lat' dir='ltr'>ordinati.</span> 
     </span>
    </p>
   </div>
   <div class='ocr_carea' id='block_1_8' title="bbox 192 2626 2168 2760">
    <p class='ocr_par' dir='ltr' id='par_1_8' title="bbox 192 2626 2168 2760">
     <span class='ocr_line' id='line_1_32' title="bbox 326 2626 2168 2690; baseline 0 -16"><span class='ocrx_word' id='word_1_288' title='bbox 326 2628 532 2690; x_wconf 79' lang='lat' dir='ltr'>Apostoli</span> <span class='ocrx_word' id='word_1_289' title='bbox 578 2626 714 2675; x_wconf 88' lang='lat' dir='ltr'>nobis</span> <span class='ocrx_word' id='word_1_290' title='bbox 763 2627 893 2675; x_wconf 82' lang='lat' dir='ltr'>iussu</span> <span class='ocrx_word' id='word_1_291' title='bbox 939 2629 1116 2675; x_wconf 89' lang='lat' dir='ltr'>Domini</span> <span class='ocrx_word' id='word_1_292' title='bbox 1173 2629 1277 2676; x_wconf 93' lang='lat' dir='ltr'>Iesu</span> <span class='ocrx_word' id='word_1_293' title='bbox 1326 2628 1493 2675; x_wconf 91' lang='lat' dir='ltr'>Christi</span> <span class='ocrx_word' id='word_1_294' title='bbox 1551 2627 1988 2689; x_wconf 89' lang='lat' dir='ltr'>evangelizaverunt,</span> <span class='ocrx_word' id='word_1_295' title='bbox 2037 2627 2168 2674; x_wconf 90' lang='lat' dir='ltr'>Iesus</span> 
     </span>
     <span class='ocr_line' id='line_1_33' title="bbox 192 2695 2166 2760; baseline 0 -16"><span class='ocrx_word' id='word_1_296' title='bbox 192 2696 401 2745; x_wconf 81' lang='lat' dir='ltr'>Christus</span> <span class='ocrx_word' id='word_1_297' title='bbox 437 2698 567 2745; x_wconf 79' lang='lat' dir='ltr'>iussu</span> <span class='ocrx_word' id='word_1_298' title='bbox 601 2697 695 2745; x_wconf 88' lang='lat' dir='ltr'>Dei.</span> <span class='ocrx_word' id='word_1_299' title='bbox 730 2695 897 2745; x_wconf 77' lang='lat' dir='ltr'>Missus</span> <span class='ocrx_word' id='word_1_300' title='bbox 935 2705 1007 2745; x_wconf 87' lang='lat' dir='ltr'>est</span> <span class='ocrx_word' id='word_1_301' title='bbox 1041 2699 1180 2760; x_wconf 84' lang='lat' dir='ltr'>igitur</span> <span class='ocrx_word' id='word_1_302' title='bbox 1202 2698 1408 2745; x_wconf 90' lang='lat' dir='ltr'>Christus</span> <span class='ocrx_word' id='word_1_303' title='bbox 1447 2712 1471 2744; x_wconf 88' lang='lat' dir='ltr'>a</span> <span class='ocrx_word' id='word_1_304' title='bbox 1508 2698 1613 2754; x_wconf 89' lang='lat' dir='ltr'>Deo,</span> <span class='ocrx_word' id='word_1_305' title='bbox 1654 2703 1698 2744; x_wconf 91' lang='lat' dir='ltr'>et</span> <span class='ocrx_word' id='word_1_306' title='bbox 1733 2696 1940 2758; x_wconf 89' lang='lat' dir='ltr'>Apostoli</span> <span class='ocrx_word' id='word_1_307' title='bbox 1977 2711 2003 2743; x_wconf 92' lang='lat' dir='ltr'>a</span> <span class='ocrx_word' id='word_1_308' title='bbox 2039 2696 2166 2744; x_wconf 85' lang='lat' dir='ltr'>Chri·</span> 
     </span>
    </p>
   </div>
   <div class='ocr_carea' id='block_1_9' title="bbox 194 2790 541 2799">
    <p class='ocr_par' dir='ltr' id='par_1_9' title="bbox 194 2790 541 2799">
     <span class='ocr_line' id='line_1_34' title="bbox 194 2790 541 2799; baseline 0 0"><span class='ocrx_word' id='word_1_309' title='bbox 194 2790 541 2799; x_wconf 95' lang='lat' dir='ltr'> </span> 
     </span>
    </p>
   </div>
   <div class='ocr_carea' id='block_1_10' title="bbox 133 2829 2166 3675">
    <p class='ocr_par' dir='ltr' id='par_1_10' title="bbox 133 2829 2166 3675">
     <span class='ocr_line' id='line_1_35' title="bbox 191 2829 2166 2885; baseline -0.001 -12"><span class='ocrx_word' id='word_1_310' title='bbox 191 2845 334 2874; x_wconf 88' lang='lat' dir='ltr'>norum</span> <span class='ocrx_word' id='word_1_311' title='bbox 380 2833 616 2875; x_wconf 80' lang='lat' dir='ltr'>societatem</span> <span class='ocrx_word' id='word_1_312' title='bbox 674 2831 1001 2884; x_wconf 80' lang='lat' dir='ltr'>accommodari3</span> <span class='ocrx_word' id='word_1_313' title='bbox 1059 2831 1148 2885; x_wconf 85' lang='lat' dir='ltr'>ipsa</span> <span class='ocrx_word' id='word_1_314' title='bbox 1204 2831 1282 2872; x_wconf 88' lang='lat' dir='ltr'>iarn</span> <span class='ocrx_word' id='word_1_315' title='bbox 1317 2844 1339 2872; x_wconf 85' lang='lat' dir='ltr'>a</span> <span class='ocrx_word' id='word_1_316' title='bbox 1368 2831 1584 2884; x_wconf 86' lang='lat' dir='ltr'>primaevis</span> <span class='ocrx_word' id='word_1_317' title='bbox 1616 2829 1886 2884; x_wconf 88' lang='lat' dir='ltr'>scriptoribus</span> <span class='ocrx_word' id='word_1_318' title='bbox 1914 2830 2166 2873; x_wconf 84' lang='lat' dir='ltr'>Christiano-</span> 
     </span>
     <span class='ocr_line' id='line_1_36' title="bbox 193 2884 2165 2942; baseline 0 -13"><span class='ocrx_word' id='word_1_319' title='bbox 193 2890 313 2930; x_wconf 76' lang='lat' dir='ltr'>verba</span> <span class='ocrx_word' id='word_1_320' title='bbox 344 2884 493 2938; x_wconf 73' lang='grc' dir='ltr'><strong><em>τόπος</em></strong></span> <span class='ocrx_word' id='word_1_321' title='bbox 529 2895 569 2931; x_wconf 82' lang='lat' dir='ltr'>et</span> <span class='ocrx_word' id='word_1_322' title='bbox 607 2885 825 2932; x_wconf 75' lang='grc' dir='ltr'><strong><em>διακονία</em></strong></span> <span class='ocrx_word' id='word_1_323' title='bbox 865 2889 1010 2942; x_wconf 88' lang='lat' dir='ltr'>quibus</span> <span class='ocrx_word' id='word_1_324' title='bbox 1048 2901 1146 2929; x_wconf 90' lang='lat' dir='ltr'>usus</span> <span class='ocrx_word' id='word_1_325' title='bbox 1204 2900 1292 2930; x_wconf 87' lang='lat' dir='ltr'>rum</span> <span class='ocrx_word' id='word_1_326' title='bbox 1332 2900 1473 2929; x_wconf 91' lang='lat' dir='ltr'>vocem</span> <span class='ocrx_word' id='word_1_327' title='bbox 1523 2885 1684 2934; x_wconf 82' lang='grc' dir='ltr'><strong><em>λαϊκὸς</em></strong></span> <span class='ocrx_word' id='word_1_328' title='bbox 1726 2886 1946 2927; x_wconf 86' lang='lat' dir='ltr'>adhibitam</span> <span class='ocrx_word' id='word_1_329' title='bbox 1993 2900 2082 2928; x_wconf 86' lang='lat' dir='ltr'>esse</span> <span class='ocrx_word' id='word_1_330' title='bbox 2113 2888 2165 2929; x_wconf 85' lang='lat' dir='ltr'>ad</span> 
     </span>
     <span class='ocr_line' id='line_1_37' title="bbox 193 2943 2163 2997; baseline -0.001 -11"><span class='ocrx_word' id='word_1_331' title='bbox 193 2952 254 2987; x_wconf 78' lang='lat' dir='ltr'>est</span> <span class='ocrx_word' id='word_1_332' title='bbox 280 2944 465 2988; x_wconf 85' lang='lat' dir='ltr'>Clemens</span> <span class='ocrx_word' id='word_1_333' title='bbox 494 2945 783 2995; x_wconf 77' lang='lat' dir='ltr'>demonstrant,</span> <span class='ocrx_word' id='word_1_334' title='bbox 816 2944 917 2985; x_wconf 89' lang='lat' dir='ltr'>illud</span> <span class='ocrx_word' id='word_1_335' title='bbox 948 2945 999 2986; x_wconf 87' lang='lat' dir='ltr'>ad</span> <span class='ocrx_word' id='word_1_336' title='bbox 1029 2957 1147 2997; x_wconf 87' lang='lat' dir='ltr'>pres-</span> <span class='ocrx_word' id='word_1_337' title='bbox 1202 2945 1510 2996; x_wconf 75' lang='lat' dir='ltr'>significandum</span> <span class='ocrx_word' id='word_1_338' title='bbox 1541 2957 1643 2994; x_wconf 86' lang='lat' dir='ltr'>eum,</span> <span class='ocrx_word' id='word_1_339' title='bbox 1678 2943 1746 2996; x_wconf 91' lang='lat' dir='ltr'>qui</span> <span class='ocrx_word' id='word_1_340' title='bbox 1795 2956 1913 2984; x_wconf 88' lang='lat' dir='ltr'>sacro</span> <span class='ocrx_word' id='word_1_341' title='bbox 1944 2943 2056 2984; x_wconf 92' lang='lat' dir='ltr'>nullo</span> <span class='ocrx_word' id='word_1_342' title='bbox 2088 2944 2163 2984; x_wconf 91' lang='lat' dir='ltr'>mi-</span> 
     </span>
     <span class='ocr_line' id='line_1_38' title="bbox 133 2998 1793 3059; baseline -0.002 -17"><span class='ocrx_word' id='word_1_343' title='bbox 133 3028 149 3042; x_wconf 87' lang='lat'>.</span> <span class='ocrx_word' id='word_1_344' title='bbox 191 3002 355 3054; x_wconf 79' lang='lat' dir='ltr'>hyteros</span> <span class='ocrx_word' id='word_1_345' title='bbox 393 2998 836 3052; x_wconf 68' lang='lat' dir='ltr'>(crr.c.44.:21n‹‘›</span> <span class='ocrx_word' id='word_1_346' title='bbox 889 3003 971 3044; x_wconf 81' lang='grc' dir='ltr'>τοῦ</span> <span class='ocrx_word' id='word_1_347' title='bbox 1015 2998 1147 3059; x_wconf 77' lang='grc' dir='ltr'><em>ἱδρυ-</em></span> <span class='ocrx_word' id='word_1_348' title='bbox 1204 3001 1372 3042; x_wconf 89' lang='lat' dir='ltr'>nisterio</span> <span class='ocrx_word' id='word_1_349' title='bbox 1404 3001 1655 3052; x_wconf 78' lang='lat' dir='ltr'>fungebatur.</span> <span class='ocrx_word' id='word_1_350' title='bbox 1699 2999 1793 3041; x_wconf 86' lang='lat' dir='ltr'>Cler.</span> 
     </span>
     <span class='ocr_line' id='line_1_39' title="bbox 189 3053 2162 3115; baseline -0.002 -16"><span class='ocrx_word' id='word_1_351' title='bbox 189 3058 336 3115; x_wconf 75' lang='grc' dir='ltr'><strong><em>μένου</em></strong></span> <span class='ocrx_word' id='word_1_352' title='bbox 363 3056 525 3106; x_wconf 79' lang='grc' dir='ltr'><strong><em>αὐτοῖς</em></strong></span> <span class='ocrx_word' id='word_1_353' title='bbox 544 3053 729 3111; x_wconf 78' lang='grc' dir='ltr'><strong><em>τόπου),</em></strong></span> <span class='ocrx_word' id='word_1_354' title='bbox 761 3058 841 3099; x_wconf 89' lang='lat' dir='ltr'>boc</span> <span class='ocrx_word' id='word_1_355' title='bbox 870 3057 921 3099; x_wconf 85' lang='lat' dir='ltr'>ad</span> <span class='ocrx_word' id='word_1_356' title='bbox 952 3058 1146 3099; x_wconf 82' lang='lat' dir='ltr'>diaconos</span> <span class='ocrx_word' id='word_1_357' title='bbox 1291 3058 1387 3111; x_wconf 89' lang='lat' dir='ltr'>Cap.</span> <span class='ocrx_word' id='word_1_358' title='bbox 1438 3057 1533 3098; x_wconf 87' lang='lat' dir='ltr'>XLI.</span> <span class='ocrx_word' id='word_1_359' title='bbox 1613 3056 1652 3110; x_wconf 90' lang='lat'>1)</span> <span class='ocrx_word' id='word_1_360' title='bbox 1697 3054 1976 3097; x_wconf 85' lang='lat' dir='ltr'>Sacerdotium</span> <span class='ocrx_word' id='word_1_361' title='bbox 2027 3055 2162 3108; x_wconf 86' lang='lat' dir='ltr'>potius</span> 
     </span>
     <span class='ocr_line' id='line_1_40' title="bbox 192 3110 2164 3179; baseline -0.001 -24"><span class='ocrx_word' id='word_1_362' title='bbox 192 3115 349 3156; x_wconf 74' lang='lat' dir='ltr'>referri.</span> <span class='ocrx_word' id='word_1_363' title='bbox 408 3114 490 3157; x_wconf 86' lang='lat' dir='ltr'>Sed</span> <span class='ocrx_word' id='word_1_364' title='bbox 509 3127 688 3157; x_wconf 76' lang='lat' dir='ltr'>summus</span> <span class='ocrx_word' id='word_1_365' title='bbox 720 3114 901 3168; x_wconf 76' lang='lat' dir='ltr'>pontifex</span> <span class='ocrx_word' id='word_1_366' title='bbox 930 3127 1011 3156; x_wconf 91' lang='lat' dir='ltr'>non</span> <span class='ocrx_word' id='word_1_367' title='bbox 1037 3114 1147 3167; x_wconf 84' lang='lat' dir='ltr'>epis-</span> <span class='ocrx_word' id='word_1_368' title='bbox 1203 3114 1409 3156; x_wconf 76' lang='lat' dir='ltr'>inferioris</span> <span class='ocrx_word' id='word_1_369' title='bbox 1444 3113 1598 3154; x_wconf 90' lang='lat' dir='ltr'>ordinis</span> <span class='ocrx_word' id='word_1_370' title='bbox 1629 3111 1745 3165; x_wconf 81' lang='grc' dir='ltr'>(τῶν</span> <span class='ocrx_word' id='word_1_371' title='bbox 1773 3110 1955 3179; x_wconf 80' lang='grc' dir='ltr'><em>ἱερέων)</em></span> <span class='ocrx_word' id='word_1_372' title='bbox 1987 3112 2164 3154; x_wconf 75' lang='lat' dir='ltr'>officium</span> 
     </span>
     <span class='ocr_line' id='line_1_41' title="bbox 188 3166 2165 3241; baseline -0.001 -28.994"><span class='ocrx_word' id='word_1_373' title='bbox 188 3183 323 3241; x_wconf 74' lang='lat' dir='ltr'>copus</span> <span class='ocrx_word' id='word_1_374' title='bbox 359 3178 443 3221; x_wconf 75' lang='lat' dir='ltr'>est,</span> <span class='ocrx_word' id='word_1_375' title='bbox 490 3172 564 3213; x_wconf 78' lang='lat' dir='ltr'>sed</span> <span class='ocrx_word' id='word_1_376' title='bbox 602 3170 799 3213; x_wconf 79' lang='lat' dir='ltr'>Christus.</span> <span class='ocrx_word' id='word_1_377' title='bbox 858 3170 941 3212; x_wconf 77' lang='lat' dir='ltr'>Clr.</span> <span class='ocrx_word' id='word_1_378' title='bbox 989 3185 1023 3213; x_wconf 90' lang='lat' dir='ltr'>c.</span> <span class='ocrx_word' id='word_1_379' title='bbox 1053 3171 1145 3213; x_wconf 85' lang='lat'>36.:</span> <span class='ocrx_word' id='word_1_380' title='bbox 1205 3177 1292 3212; x_wconf 86' lang='lat' dir='ltr'>erat</span> <span class='ocrx_word' id='word_1_381' title='bbox 1329 3172 1411 3213; x_wconf 87' lang='grc' dir='ltr'>τοῦ</span> <span class='ocrx_word' id='word_1_382' title='bbox 1454 3171 1797 3228; x_wconf 85' lang='grc' dir='ltr'><strong><em>μωμοσκοπεῖν</em></strong></span> <span class='ocrx_word' id='word_1_383' title='bbox 1844 3166 1928 3216; x_wconf 80' lang='grc' dir='ltr'>τὰς</span> <span class='ocrx_word' id='word_1_384' title='bbox 1976 3169 2165 3220; x_wconf 72' lang='grc' dir='ltr'><strong><em>θυσίας,</em></strong></span> 
     </span>
     <span class='ocr_line' id='line_1_42' title="bbox 188 3202 2162 3295; baseline -0.001 -26.995"><span class='ocrx_word' id='word_1_385' title='bbox 188 3224 371 3281; x_wconf 73' lang='grc' dir='ltr'><strong><em>Ἰησοῦν</em></strong></span> <span class='ocrx_word' id='word_1_386' title='bbox 402 3202 639 3295; x_wconf 50' lang='lat' dir='ltr'>liguorem</span> <span class='ocrx_word' id='word_1_387' title='bbox 684 3224 836 3271; x_wconf 75' lang='grc' dir='ltr'>τὸνά</span> <span class='ocrx_word' id='word_1_388' title='bbox 858 3240 937 3283; x_wconf 88' lang='grc' dir='ltr'>χιε</span> <span class='ocrx_word' id='word_1_389' title='bbox 970 3227 1024 3270; x_wconf 80' lang='grc' dir='ltr'>έα</span> <span class='ocrx_word' id='word_1_390' title='bbox 1053 3228 1151 3271; x_wconf 84' lang='grc' dir='ltr'>τῶν</span> <span class='ocrx_word' id='word_1_391' title='bbox 1206 3228 1389 3269; x_wconf 82' lang='lat' dir='ltr'>adstante</span> <span class='ocrx_word' id='word_1_392' title='bbox 1420 3234 1552 3269; x_wconf 86' lang='lat' dir='ltr'>tamen</span> <span class='ocrx_word' id='word_1_393' title='bbox 1583 3239 1739 3267; x_wconf 86' lang='lat' dir='ltr'>summo</span> <span class='ocrx_word' id='word_1_394' title='bbox 1768 3225 1994 3266; x_wconf 21' lang='lat' dir='ltr'>sacesffdote</span> <span class='ocrx_word' id='word_1_395' title='bbox 2044 3225 2162 3267; x_wconf 83' lang='lat' dir='ltr'>Voce.</span> 
     </span>
     <span class='ocr_line' id='line_1_43' title="bbox 194 3281 2162 3353; baseline -0.002 -28"><span class='ocrx_word' id='word_1_396' title='bbox 194 3286 483 3343; x_wconf 77' lang='grc' dir='ltr'>προσφορῶν</span> <span class='ocrx_word' id='word_1_397' title='bbox 517 3281 677 3342; x_wconf 77' lang='grc' dir='ltr'><strong><em>ἡμῶν,</em></strong></span> <span class='ocrx_word' id='word_1_398' title='bbox 731 3298 765 3326; x_wconf 89' lang='lat' dir='ltr'>c.</span> <span class='ocrx_word' id='word_1_399' title='bbox 804 3285 872 3327; x_wconf 85' lang='lat'>5.</span> <span class='ocrx_word' id='word_1_400' title='bbox 975 3282 1025 3327; x_wconf 79' lang='grc' dir='ltr'>ιὰ</span> <span class='ocrx_word' id='word_1_401' title='bbox 1067 3286 1151 3327; x_wconf 82' lang='grc' dir='ltr'>τοῦ</span> <span class='ocrx_word' id='word_1_402' title='bbox 1207 3281 1291 3326; x_wconf 80' lang='grc' dir='ltr'>διὰ</span> <span class='ocrx_word' id='word_1_403' title='bbox 1324 3286 1406 3326; x_wconf 87' lang='grc' dir='ltr'>τοῦ</span> <span class='ocrx_word' id='word_1_404' title='bbox 1437 3282 1687 3353; x_wconf 77' lang='grc' dir='ltr'><em>ἀρχιερέως</em></span> <span class='ocrx_word' id='word_1_405' title='bbox 1704 3282 1799 3323; x_wconf 80' lang='grc' dir='ltr'><strong>κτλ.</strong></span> <span class='ocrx_word' id='word_1_406' title='bbox 1831 3293 1921 3322; x_wconf 89' lang='lat' dir='ltr'>cum</span> <span class='ocrx_word' id='word_1_407' title='bbox 1949 3282 2162 3338; x_wconf 80' lang='grc' dir='ltr'><strong><em>προσφέ-</em></strong></span> 
     </span>
     <span class='ocr_line' id='line_1_44' title="bbox 283 3332 2159 3407; baseline -0.001 -24.953"><span class='ocrx_word' id='word_1_408' title='bbox 283 3339 442 3407; x_wconf 70' lang='grc' dir='ltr'><em>ιερέως</em></span> <span class='ocrx_word' id='word_1_409' title='bbox 457 3339 536 3382; x_wconf 78' lang='grc' dir='ltr'>καὶ</span> <span class='ocrx_word' id='word_1_410' title='bbox 553 3335 826 3407; x_wconf 77' lang='grc' dir='ltr'><strong><em>προστάτου</em></strong></span> <span class='ocrx_word' id='word_1_411' title='bbox 844 3337 981 3398; x_wconf 79' lang='grc' dir='ltr'><em>ἡμῶν</em></span> <span class='ocrx_word' id='word_1_412' title='bbox 997 3338 1151 3395; x_wconf 87' lang='grc' dir='ltr'><strong><em>Ἰησοῦ</em></strong></span> <span class='ocrx_word' id='word_1_413' title='bbox 1210 3354 1369 3406; x_wconf 80' lang='grc' dir='ltr'><strong>ρεται.</strong></span> <span class='ocrx_word' id='word_1_414' title='bbox 1446 3338 1599 3396; x_wconf 85' lang='grc' dir='ltr'><em>,πρὸς</em></span> <span class='ocrx_word' id='word_1_415' title='bbox 1618 3337 1671 3380; x_wconf 81' lang='grc' dir='ltr'>τὸ</span> <span class='ocrx_word' id='word_1_416' title='bbox 1689 3332 2031 3395; x_wconf 72' lang='grc' dir='ltr'>θυσιαστήριον</span> <span class='ocrx_word' id='word_1_417' title='bbox 2055 3338 2159 3380; x_wconf 81' lang='lat' dir='ltr'>sorte</span> 
     </span>
     <span class='ocr_line' id='line_1_45' title="bbox 326 3372 1800 3451; baseline -0.003 -13"><span class='ocrx_word' id='word_1_418' title='bbox 326 3397 421 3439; x_wconf 74' lang='grc' dir='ltr'><strong>τοῦ.</strong></span> <span class='ocrx_word' id='word_1_419' title='bbox 476 3396 525 3438; x_wconf 76' lang='lat' dir='ltr'>la·</span> <span class='ocrx_word' id='word_1_420' title='bbox 551 3410 637 3439; x_wconf 70' lang='lat' dir='ltr'>eme</span> <span class='ocrx_word' id='word_1_421' title='bbox 666 3410 706 3451; x_wconf 84' lang='lat' dir='ltr'>p.</span> <span class='ocrx_word' id='word_1_422' title='bbox 744 3395 920 3439; x_wconf 84' lang='lat' dir='ltr'>25.1.c.</span> <span class='ocrx_word' id='word_1_423' title='bbox 1211 3372 1490 3449; x_wconf 78' lang='lat' dir='ltr'>coniungenda</span> <span class='ocrx_word' id='word_1_424' title='bbox 1521 3402 1645 3449; x_wconf 85' lang='lat' dir='ltr'>putat.</span> <span class='ocrx_word' id='word_1_425' title='bbox 1687 3396 1800 3447; x_wconf 82' lang='lat' dir='ltr'>Frey.</span> 
     </span>
     <span class='ocr_line' id='line_1_46' title="bbox 279 3448 1945 3506; baseline 0 -14"><span class='ocrx_word' id='word_1_426' title='bbox 279 3449 327 3503; x_wconf 87' lang='grc'>5)</span> <span class='ocrx_word' id='word_1_427' title='bbox 356 3450 516 3494; x_wconf 76' lang='lat' dir='ltr'>Credib’</span> <span class='ocrx_word' id='word_1_428' title='bbox 536 3460 653 3505; x_wconf 73' lang='lat' dir='ltr'>eost,</span> <span class='ocrx_word' id='word_1_429' title='bbox 683 3465 823 3495; x_wconf 84' lang='lat' dir='ltr'>vocem</span> <span class='ocrx_word' id='word_1_430' title='bbox 843 3452 1005 3503; x_wconf 81' lang='grc' dir='ltr'><strong><em>λα’ίκὸς</em></strong></span> <span class='ocrx_word' id='word_1_431' title='bbox 1024 3454 1149 3496; x_wconf 82' lang='lat' dir='ltr'>usita-</span> <span class='ocrx_word' id='word_1_432' title='bbox 1293 3453 1339 3506; x_wconf 87' lang='lat'>2)</span> <span class='ocrx_word' id='word_1_433' title='bbox 1370 3454 1493 3495; x_wconf 90' lang='lat' dir='ltr'>Clem.</span> <span class='ocrx_word' id='word_1_434' title='bbox 1525 3453 1631 3493; x_wconf 84' lang='lat' dir='ltr'>Alex.</span> <span class='ocrx_word' id='word_1_435' title='bbox 1663 3452 1688 3492; x_wconf 89' lang='lat' dir='ltr'>l.</span> <span class='ocrx_word' id='word_1_436' title='bbox 1723 3451 1748 3491; x_wconf 90' lang='lat' dir='ltr'>I.</span> <span class='ocrx_word' id='word_1_437' title='bbox 1779 3463 1818 3502; x_wconf 88' lang='lat' dir='ltr'>p.</span> <span class='ocrx_word' id='word_1_438' title='bbox 1848 3448 1945 3492; x_wconf 87' lang='lat'>613.</span> 
     </span>
     <span class='ocr_line' id='line_1_47' title="bbox 197 3502 2162 3576; baseline 0.001 -29"><span class='ocrx_word' id='word_1_439' title='bbox 197 3512 275 3547; x_wconf 73' lang='lat' dir='ltr'>tam</span> <span class='ocrx_word' id='word_1_440' title='bbox 302 3506 411 3559; x_wconf 74' lang='lat' dir='ltr'>apud</span> <span class='ocrx_word' id='word_1_441' title='bbox 442 3507 687 3552; x_wconf 77' lang='lat' dir='ltr'>flellenistas</span> <span class='ocrx_word' id='word_1_442' title='bbox 717 3509 867 3559; x_wconf 76' lang='lat' dir='ltr'>fuisse,</span> <span class='ocrx_word' id='word_1_443' title='bbox 907 3517 951 3553; x_wconf 91' lang='lat' dir='ltr'>ut</span> <span class='ocrx_word' id='word_1_444' title='bbox 987 3511 1145 3576; x_wconf 73' lang='lat' dir='ltr'>signill-</span> <span class='ocrx_word' id='word_1_445' title='bbox 1295 3509 1534 3563; x_wconf 86' lang='lat' dir='ltr'>Cap.XL11.</span> <span class='ocrx_word' id='word_1_446' title='bbox 1596 3508 1635 3560; x_wconf 94' lang='lat'>1)</span> <span class='ocrx_word' id='word_1_447' title='bbox 1676 3508 1796 3548; x_wconf 85' lang='lat' dir='ltr'>Forte</span> <span class='ocrx_word' id='word_1_448' title='bbox 1824 3517 1900 3558; x_wconf 88' lang='lat' dir='ltr'>pro</span> <span class='ocrx_word' id='word_1_449' title='bbox 1922 3502 2002 3561; x_wconf 81' lang='grc' dir='ltr'>εὐη</span> <span class='ocrx_word' id='word_1_450' title='bbox 1976 3518 2065 3563; x_wconf 82' lang='grc' dir='ltr'>ηγγ</span> <span class='ocrx_word' id='word_1_451' title='bbox 2034 3506 2162 3562; x_wconf 63' lang='lat' dir='ltr'>yell-</span> 
     </span>
     <span class='ocr_line' id='line_1_48' title="bbox 195 3523 2156 3632; baseline 0.002 -30"><span class='ocrx_word' id='word_1_452' title='bbox 195 3568 354 3603; x_wconf 73' lang='lat' dir='ltr'>caretnr</span> <span class='ocrx_word' id='word_1_453' title='bbox 382 3561 536 3607; x_wconf 72' lang='lat' dir='ltr'>aliems</span> <span class='ocrx_word' id='word_1_454' title='bbox 565 3577 589 3607; x_wconf 73' lang='lat' dir='ltr'>a</span> <span class='ocrx_word' id='word_1_455' title='bbox 620 3565 724 3607; x_wconf 85' lang='lat' dir='ltr'>tribu</span> <span class='ocrx_word' id='word_1_456' title='bbox 766 3540 897 3616; x_wconf 71' lang='lat' dir='ltr'>Levis,</span> <span class='ocrx_word' id='word_1_457' title='bbox 931 3573 999 3609; x_wconf 90' lang='lat' dir='ltr'>aut</span> <span class='ocrx_word' id='word_1_458' title='bbox 1029 3567 1147 3609; x_wconf 87' lang='lat' dir='ltr'>etiam</span> <span class='ocrx_word' id='word_1_459' title='bbox 1206 3523 1376 3609; x_wconf 67' lang='lat' dir='ltr'>aanop</span> <span class='ocrx_word' id='word_1_460' title='bbox 1407 3565 1516 3607; x_wconf 76' lang='lat' dir='ltr'>Wott.</span> <span class='ocrx_word' id='word_1_461' title='bbox 1570 3562 1891 3613; x_wconf 79' lang='lat' dir='ltr'>Csr.loann.17‚</span> <span class='ocrx_word' id='word_1_462' title='bbox 1915 3562 1979 3605; x_wconf 87' lang='lat'>18.</span> <span class='ocrx_word' id='word_1_463' title='bbox 2011 3563 2156 3632; x_wconf 49' lang='lat'>2023.</span> 
     </span>
     <span class='ocr_line' id='line_1_49' title="bbox 194 3617 2157 3675; baseline 0.003 -16"><span class='ocrx_word' id='word_1_464' title='bbox 194 3617 386 3672; x_wconf 71' lang='lat' dir='ltr'>prosapia</span> <span class='ocrx_word' id='word_1_465' title='bbox 414 3619 595 3664; x_wconf 66' lang='lat' dir='ltr'>Antonin.</span> <span class='ocrx_word' id='word_1_466' title='bbox 653 3622 805 3672; x_wconf 79' lang='lat' dir='ltr'>Quibus</span> <span class='ocrx_word' id='word_1_467' title='bbox 843 3623 1060 3666; x_wconf 80' lang='lat' dir='ltr'>verisimile</span> <span class='ocrx_word' id='word_1_468' title='bbox 1091 3626 1147 3674; x_wconf 81' lang='lat' dir='ltr'>nt,</span> <span class='ocrx_word' id='word_1_469' title='bbox 1206 3622 1367 3675; x_wconf 83' lang='lat' dir='ltr'>Lipsius</span> <span class='ocrx_word' id='word_1_470' title='bbox 1403 3627 1543 3664; x_wconf 87' lang='lat' dir='ltr'>monet</span> <span class='ocrx_word' id='word_1_471' title='bbox 1585 3620 1611 3663; x_wconf 86' lang='lat'><em>1</em></span> <span class='ocrx_word' id='word_1_472' title='bbox 1653 3633 1688 3663; x_wconf 87' lang='lat' dir='ltr'>c.</span> <span class='ocrx_word' id='word_1_473' title='bbox 1723 3632 1764 3674; x_wconf 86' lang='lat' dir='ltr'>p.</span> <span class='ocrx_word' id='word_1_474' title='bbox 1799 3619 1911 3663; x_wconf 87' lang='grc'><strong>119..</strong></span> <span class='ocrx_word' id='word_1_475' title='bbox 1966 3620 2037 3665; x_wconf 87' lang='lat' dir='ltr'>Vb.</span> <span class='ocrx_word' id='word_1_476' title='bbox 2080 3618 2157 3664; x_wconf 82' lang='grc' dir='ltr'>εὐ-</span> 
     </span>
    </p>
   </div>
  </div>
 </body>
</html>
