2340 3900
643 173 678 218 l.
714 170 1031 219 CLEMENTIS
1067 173 1138 218 Al}
1177 173 1300 219 COR.
1351 172 1538 219 xxxiv.
1573 169 1738 217 XXXV.
2109 166 2170 218 81

205 314 391 361 bonum.
460 309 677 356 Gloriatio
713 313 870 356 nostra
905 316 953 356 et
987 308 1151 356 fiducia
1188 311 1234 356 in
1284 312 1386 372 ipso
1434 312 1519 368 sit;
1572 308 1798 356 'voluntati
1846 307 1945 354 eius
1992 307 2178 355 subiici·

205 396 358 438 amur,
394 387 442 427 et
473 377 807 425 multitudinem
843 379 1103 425 universam
1160 380 1425 440 angelorum
1473 381 1572 427 eius
1627 377 1869 439 diligenter
1915 375 2177 424 considere·

205 465 332 507 mus,
369 447 602 510 quomodo
638 447 870 494 adstantes
907 447 1177 494 voluntatem
1228 450 1326 494 eius
1363 455 1659 510 exequantur.
1730 447 1845 494 Dicit
1890 447 2010 494 enim
2058 444 2178 493 Seri·

206 528 361 582 ptura:
409 518 543 576 ,dena
576 515 714 563 millia
753 517 919 564 denum
955 516 1142 563 millium
1182 517 1457 581 assistebant
1493 519 1558 575 ei,
1610 524 1656 564 et
1689 516 1810 564 mille
1847 516 1987 563 millia
2023 515 2175 563 deser·

204 589 386 636 viebant
435 587 478 634 ei
525 593 570 632 et
616 585 891 633 clamabant:
949 585 1170 639 Sanctus,
1209 585 1431 643 Sanctus,
1471 587 1663 633 Sanctus
1696 586 1911 633 Dominus
1950 584 2176 643 Sabaoth3

206 658 340 721 plena
392 664 465 704 est
500 655 648 702 omnis
685 662 893 703 creatura
928 655 1075 716 gloria
1111 652 1243 702 eius.‘
1311 655 1365 701 Et
1414 670 1498 702 nos
1546 670 1655 717 ergo
1710 655 1992 702 conscientia
2039 655 2177 711 ducti,

204 729 250 775 in
287 725 535 775 concordia
570 725 615 771 in
651 739 791 772 unum
828 725 1119 786 congregati,
1152 731 1368 785 tanquam
1409 739 1461 770 ex
1510 739 1600 771 uno
1653 739 1734 772 ore
1782 726 1839 772 ad
1888 726 2039 786 ipsum
2090 724 2175 771 cla-

203 810 392 853 memus,
426 802 479 842 ut
506 807 772 855 magnarum
798 801 846 841 et
879 793 1183 855 gloriosarum
1221 794 1580 855 promissionum
1609 795 1707 840 eius
1731 795 1979 855 participes
2002 793 2176 840 fiamus.

204 866 319 912 Dicit
353 866 498 912 enim:
552 863 728 919 ,oculus
763 877 857 910 non
894 863 1026 920 vidit,
1063 877 1151 910 nec
1187 863 1310 909 auris
1361 863 1556 919 audivit,
1607 877 1694 909 nec
1750 864 1794 909 in
1843 878 1926 910 cor
1978 863 2177 911 hominis

202 935 431 991 ascendit,
468 941 633 995 quanta
672 932 956 994 praeparavit
992 931 1363 994 exspectantibus
1400 929 1547 978 eum.‘

290 1085 457 1133 XXXV.
525 1086 758 1133 Immensa
794 1091 861 1132 est
895 1085 1012 1132 haec
1046 1099 1235 1131 merces.
1312 1085 1554 1143 Quomodo
1591 1098 1895 1146 assequemur
1928 1086 2100 1134 illam?

341 1213 482 1270 Quam
517 1211 676 1268 beata,
715 1210 890 1267 dilecti,
924 1217 971 1258 et
1004 1208 1227 1257 mirabilia
1265 1216 1372 1257 sunt
1421 1211 1540 1258 dona
1584 1209 1688 1257 Dei!
1756 1210 1852 1258 Vita
1903 1212 1949 1257 in
1995 1212 2177 1258 immor-

205 1283 398 1339 talitate,
445 1280 668 1344 splendor
718 1280 765 1326 in
812 1280 1006 1338 iustitia,
1057 1279 1223 1326 veritas
1271 1281 1315 1326 in
1367 1279 1598 1336 libertate,
1645 1279 1759 1327 fides
1806 1281 1851 1327 in
1889 1280 2177 1337 confidentia,

204 1352 500 1415 temperantia
536 1353 584 1398 in
619 1349 888 1407 sanctitate3
935 1356 1129 1397 attamen
1166 1349 1282 1396 haec
1319 1350 1469 1396 omnia
1507 1349 1591 1396 sub
1647 1350 1927 1397 intellectum
1973 1355 2182 1396 nostrum

205 1422 384 1469 cadunt.
457 1421 687 1478 Quaenam
732 1419 872 1481 igitur
918 1425 1050 1476 sunt,
1099 1432 1216 1479 quae
1271 1419 1636 1481 exspectantibus
1681 1433 1784 1466 eum
1818 1418 2180 1480 praeparantur?

203 1491 527 1538 sanctissimus
562 1488 717 1551 opifex
739 1485 798 1536 'et
834 1489 1093 1536 seculorum
1130 1496 1262 1550 pater
1298 1489 1423 1536 solus
1461 1489 1755 1550 quantitatem
1803 1494 1849 1534 et
1883 1487 2183 1549 pulchritudi-

203 1574 307 1609 nem
342 1574 501 1608 eorum
537 1560 679 1606 novit.
749 1558 842 1606 Nos
877 1559 1043 1621 igitur,
1079 1565 1129 1605 ut
1164 1559 1497 1622 promissorum
1536 1559 1763 1605 donorum
1807 1557 2055 1619 participes
2106 1555 2181 1602 fia·

203 1645 332 1688 mus,
368 1631 414 1677 in
451 1642 643 1677 numero
680 1629 1039 1690 exspectantium
1093 1643 1195 1675 eum
1244 1629 1442 1691 reperiri
1505 1642 1683 1675 summo
1733 1627 1885 1674 studio
1936 1626 2179 1674 contenda-

203 1714 319 1748 mus.
390 1698 626 1757 Quomodo
662 1705 813 1745 autem
848 1699 938 1746 hoc
977 1697 1070 1756 fiet,
1109 1698 1297 1746 dilecti?
1355 1698 1404 1745 Si
1426 1697 1535 1745 fidei
1565 1699 1610 1744 in
1630 1698 1771 1744 Deum
1796 1697 1996 1758 cognitio
2025 1702 2181 1742 nostra

204 1768 402 1817 stabilita
436 1769 588 1826 fuerit,
626 1767 667 1814 si
703 1774 831 1830 grata
866 1768 932 1815 illi
969 1775 1016 1815 et
1050 1775 1238 1830 accepta
1275 1768 1518 1830 diligenter
1555 1767 1930 1829 quaesiverimus,
1969 1766 2005 1812 si
2065 1780 2179 1827 quae

206 1839 263 1886 ad
299 1838 574 1900 inculpatam
609 1837 710 1885 eius
745 1838 1020 1886 voluntatem
1055 1845 1265 1900 spectant
1312 1838 1586 1895 fecerimuS,
1639 1844 1684 1884 et
1717 1838 1833 1883 viam
1867 1836 2071 1884 veritatis
2111 1850 2179 1882 se-

209 1910 339 1971 quuti
373 1908 623 1965 fuerimus,
660 1907 929 1955 abiicientes
967 1922 993 1954 a
1029 1908 1163 1955 nobis
1202 1922 1382 1955 omnem
1419 1908 1709 1965 iniustitiam,
1747 1907 2043 1967 iniquitatem,
2082 1919 2177 1952 ava-

207 1978 380 2035 ritiam,
418 1976 765 2033 contentiones,
802 1976 995 2024 malitias
1030 1984 1077 2023 et
1110 1977 1310 2034 fraudes,
1349 1978 1687 2024 susurrationes
1727 1983 1773 2023 et
1809 1976 2181 2032 obtrectationes,

209 2046 362 2094 odium
398 2046 504 2103 nei,
539 2045 831 2107 superbiam,
867 2045 1056 2102 fastum,
1092 2060 1249 2092 vanam
1284 2046 1475 2107 gloriam
1512 2053 1557 2091 et
1604 2045 2036 2106 inhospitalitatem3
2103 2045 2181 2104 qui

210 2116 331 2163 enim
367 2115 481 2162 haee
516 2113 715 2171 faciunt,
749 2114 841 2160 Deo
879 2115 986 2161 odio
1027 2122 1156 2172 sunt,
1210 2130 1360 2176 neque
1398 2115 1461 2161 illi
1497 2114 1645 2161 solum
1703 2115 1782 2175 qui
1832 2115 1945 2160 haec
1993 2113 2179 2170 faciunt,

212 2185 295 2232 sed
330 2190 377 2231 et
427 2184 506 2245 qui
540 2184 608 2231 eis
645 2184 955 2232 consentiunt.
1026 2183 1142 2231 llicit
1177 2186 1297 2231 enim
1335 2184 1597 2246 Scriptura:
1653 2183 1902 2245 ,peccatori
1939 2190 2089 2230 autem
2117 2183 2179 2229 di·

211 2255 276 2301 xit
310 2253 455 2300 Dens:
510 2266 651 2314 qnare
688 2259 739 2299 tu
774 2267 962 2300 enarras
999 2254 1192 2300 iustitias
1228 2269 1368 2311 meaS,
1407 2260 1452 2300 et
1473 2253 1666 2301 assumis
1688 2259 2005 2300 testamentum
2030 2266 2180 2299 meum

214 2337 298 2384 per
332 2337 385 2369 os
423 2323 578 2369 mum?
642 2322 709 2368 Tu
745 2323 864 2369 enim
904 2323 1040 2369 odisti
1078 2324 1362 2385 disciplinam
1402 2330 1448 2370 et
1483 2322 1718 2384 proiecisti
1772 2336 2011 2368 sermones
2051 2335 2179 2367 meos

213 2398 480 2438 retrorsum.
549 2392 598 2437 si
629 2390 815 2437 videbas
852 2391 1019 2448 furem,
1058 2392 1275 2439 currebas
1314 2407 1415 2439 cum
1452 2406 1536 2447 eo,
1574 2398 1619 2437 et
1670 2405 1770 2438 cnm
1817 2391 2035 2437 adulteris
2075 2403 2181 2452 por·

211 2462 381 2507 tionem
417 2467 539 2506 tuam
575 2459 795 2521 ponebas.
869 2459 930 2505 Os
966 2468 1090 2507 tunm
1129 2460 1370 2508 abundavit
1418 2461 1609 2517 malitia,
1655 2468 1702 2507 et
1748 2460 1903 2521 lingua
1955 2466 2030 2506 tua
2077 2473 2183 2506 con-

212 2528 426 2576 cinnabat
459 2527 607 2576 dolos.
678 2527 855 2576 Sedens
889 2529 1107 2577 adversus
1145 2531 1331 2579 fratrem
1366 2538 1491 2578 tuum
1529 2529 1823 2591 loquebaris»,
1882 2537 1927 2576 et
1962 2528 2056 2576 filio
2093 2542 2183 2575 ma·

210 2599 294 2646 tris
330 2605 434 2645 tuae
468 2596 673 2660 ponebas
708 2597 938 2659 laqueum.
1010 2600 1131 2647 Haec
1175 2600 1326 2648 fecisti
1373 2607 1417 2647 et
1460 2600 1609 2655 tacui;
1670 2599 1962 2656 existimasti,
2013 2599 2183 2660 inique,

215 2859 258 2900 S.
287 2857 425 2899 loann.
453 2856 528 2911 Ep.
557 2857 587 2899 1.
610 2856 653 2908 3,
678 2855 741 2899 2:
770 2857 859 2901 νῦν
883 2856 1024 2900 τέκνα
1046 2857 1167 2900 Θεοῦ
1226 2865 1265 2900 et
1307 2858 1480 2910 Minius,
1531 2858 1812 2916 φιλοτιμίαν
1851 2858 2006 2900 malunt
2045 2859 2179 2901 Iunius

215 2910 371 2967 ἐσμὲν,
398 2912 477 2955 καὶ
503 2908 637 2956 οὔπω
654 2908 954 2972 ἐφανερώθη,
985 2915 1035 2956 τί
1058 2909 1167 2956 80⁴6-
1226 2922 1265 2956 et
1299 2914 1456 2966 Fenus,
1493 2913 1772 2972 φιλοδοξίαν
1814 2914 1994 2966 Birrius,
2041 2917 2180 2972 φιλο-

215 2971 360 3027 pen
405 2968 516 3022 hey.
1224 2972 1387 3015 κενίαν
1423 2971 1671 3023 cotelerius,
1720 2971 1972 3012 Colomesins
2026 2978 2064 3012 et
2115 2972 2183 3012 alii

301 3024 348 3078 2)
375 3025 466 3067 Non
494 3037 599 3078 opus
628 3033 711 3077 est,
748 3032 793 3068 nt
828 3026 1051 3067 scribamus
1085 3022 1167 3068 διὰ
1224 3028 1393 3080 margini
1415 3035 1635 3082 apponunt.
1682 3029 1724 3069 In
1737 3029 1880 3068 Ms.est
1898 3026 2182 3084 φιλοξενίαν.

220 3082 448 3131 πίστεως,
497 3081 607 3135 qnod
654 3081 790 3136 placet
828 3082 964 3132 lunio,
1014 3082 1166 3133 Boisio,
1311 3087 1355 3138 6)
1387 3085 1441 3126 Ex
1471 3086 1550 3126 hoc
1582 3085 1675 3126 loco
1697 3091 1883 3126 constare
1913 3090 2061 3135 potest,
2092 3083 2184 3125 Cle-

220 3137 350 3187 Fello,
383 3136 603 3189 cotelerio,
631 3137 864 3181 Colomesio
895 3145 935 3180 et
964 3138 1076 3189 aliis,
1105 3146 1173 3181 aut
1228 3148 1401 3183 mentem
1434 3142 1582 3193 legisse
1612 3143 1724 3183 Rom.
1760 3142 1794 3191 1,
1826 3139 1914 3181 32:
1947 3137 2001 3183 οὐ
2033 3135 2186 3197 μόνον

219 3207 255 3235 e.
287 3193 478 3236 Wottono
507 3193 687 3247 legam„
718 3196 893 3239 πίστει.
1229 3195 1283 3242 δὲ
1315 3197 1359 3240 οἱ
1391 3199 1659 3249 ποιοῦντες,
1692 3194 1809 3239 ἀλλὰ
1839 3194 1917 3238 καὶ
1945 3195 1990 3237 οἱ
2020 3206 2186 3239 συνευ-

302 3248 330 3293 3
379 3250 492 3292 3⁰¹¹!-
525 3250 563 3302 ί,
590 3251 771 3295 29-32·
1230 3252 1480 3304 δοκοῦντες
1532 3257 1629 3303 τοῖς
1686 3249 1995 3319 ηράσσουσιν.
2072 3252 2185 3294 Hanc

302 3306 331 3348 4
379 3304 681 3357 καινοδοξίαν
718 3323 774 3345 =
819 3306 996 3350 studium
1038 3321 1172 3351 rerum
1231 3325 1321 3354 esse
1355 3324 1487 3353 veram
1520 3324 1566 3352 ac
1596 3322 1805 3363 genuinam
1839 3309 2073 3360 lectionem,
2107 3321 2183 3362 op-

222 3374 415 3413 epvarnn
433 3362 587 3406 Bittius
605 3371 814 3407 auctorem
834 3364 1049 3418 scripsisse
1082 3365 1174 3418 opi·
1229 3368 1327 3410 timo
1359 3368 1445 3411 iure
1477 3367 1683 3409 contendit
1717 3366 1876 3407 Minius,
1926 3365 2037 3407 Wou.

224 3425 353 3461 nster.
405 3419 435 3461 S
513 3420 650 3463 issime
678 3434 777 3463 sane
806 3434 826 3465 e
856 3434 896 3475 p.
933 3435 983 3463 αι
1011 3421 1052 3463 in
1081 3423 1174 3464 Mss.
1316 3425 1360 3477 7)
1396 3426 1459 3466 Ps.
1490 3426 1558 3474 49,
1584 3422 1759 3466 16-23,

223 3474 412 3527 posit-n.
509 3477 559 3519 fr.
588 3477 851 3531 Ep.Barnab.
883 3491 918 3519 c.
940 3479 979 3520 5.
1010 3479 1174 3520 not.ll.
1321 3481 1365 3533 8)
1403 3481 1470 3521 Sic
1522 3480 1655 3521 lunius
1702 3492 1735 3519 c.
1779 3478 1895 3529 Lxx,
1942 3472 2183 3533 ἔξᾶβαλλες

224 3528 311 3574 τὸν
336 3529 453 3576 λαὸν
478 3529 565 3577 τὸν
581 3531 762 3587 καινὸν,
790 3534 858 3576 nbi
889 3534 1018 3576 Codd.
1048 3535 1176 3576 nostri
1235 3538 1320 3587 Ms„
1351 3534 1585 3591 ἔξέβαλλες
1619 3535 1832 3576 Wottonus
1861 3541 1901 3575 et
1930 3534 2011 3576 alii.
2094 3560 2096 3563 v

227 3599 367 3628 onnes
400 3586 587 3632 esmant
614 3588 700 3634 τὸν
726 3588 841 3635 λαὸν
871 3590 956 3634 τὸν
982 3589 1132 3635 κενὸν.
1321 3594 1365 3646 9)
1397 3594 1624 3634 Pronomen
1670 3591 1748 3632 hoc
1789 3596 1891 3632 extat
1935 3590 1976 3632 in
2009 3591 2102 3643 Me„
2131 3592 2188 3633 uti

312 3642 359 3696 5)
386 3643 455 3686 ste
481 3643 739 3690 nabendum
768 3654 936 3692 censent
963 3647 1178 3690 Wottonus
1236 3649 1384 3691 Millius
1415 3649 1493 3691 iam
1526 3647 1675 3690 dudum
1704 3653 1872 3689 testatus
1905 3654 1978 3691 est.
2021 3647 2103 3690 Jac.

341 3713 494 3755 l’nnes
526 3726 667 3759 nost.
1819 3720 1845 3761 6
