2340 3900
606 179 812 230 lGNATll
847 177 1120 228 EPISTOLA
1155 181 1225 228 AD
1264 179 1543 230 ROMANOS.
1591 182 1646 230 11.
1685 182 1760 232 111.
1794 182 1868 242 IV,
2128 178 2224 231 167

802 346 856 393 11.
918 348 1071 396 Nolite
1104 363 1177 395 me
1211 351 1437 410 martyrio
1460 353 1650 413 eripere.

380 447 495 496 Nolo
533 446 655 494 enim
688 459 770 493 vos
806 445 1069 494 hominibus
1107 445 1304 508 placere,
1344 449 1427 495 sed
1462 449 1647 510 placere
1682 449 1790 508 Dee,
1829 450 2215 512 quemadmodum

244 526 289 567 et
334 513 416 565 vos
466 518 508 564 ei
553 516 760 578 placetis.
830 515 925 563 Nec
961 516 1082 563 enim
1120 530 1206 577 ego
1256 532 1454 578 unquam
1505 519 1594 566 tale
1645 526 1823 582 tempus
1862 521 1955 568 Deo
2007 522 2216 583 potiendi

242 588 483 650 attingam3
519 600 607 633 nec
642 601 738 643 vos,
773 586 813 632 si
839 585 1072 643 silueritis,
1113 585 1294 632 meliori
1333 589 1460 649 operi
1490 589 1681 636 inscribi
1713 591 1936 652 poteritis.
1999 591 2046 637 Si
2091 592 2212 639 enim

243 658 299 704 de
330 671 403 704 me
440 656 672 714 silueritiS,
706 670 792 718 ego
815 653 902 702 'Dei
925 654 1054 711 fiam3
1095 656 1133 702 si
1171 663 1321 703 autem
1359 671 1542 705 carnem
1566 673 1712 706 meam
1747 661 2023 719 amaverim,
2061 661 2210 709 denuo

241 727 351 775 mihi
386 727 475 774 erit
508 725 801 774 currendum.
851 725 999 773 Nolite
1035 725 1138 788 plus
1175 725 1286 773 mihi
1324 726 1563 788 praebere,
1603 743 1737 790 quam
1772 737 1822 778 ut
1858 730 2072 779 immoler
2105 731 2215 786 Deo,

241 797 347 845 dum
382 797 530 844 adhuc
568 796 708 844 altare
743 802 952 858 paratum
987 802 1082 853 est3
1137 802 1188 843 ut
1235 796 1281 842 in
1336 796 1555 844 charitate
1609 794 1782 846 chorus
1837 800 1988 848 effecti
2042 802 2213 851 canatis

238 867 360 914 Patri
396 867 442 913 in
466 867 646 914 Christo
672 866 789 920 lesu,
827 866 954 928 quod
981 867 1102 914 Deus
1140 867 1409 927 episcopum
1451 866 1610 929 Syriae
1649 869 1841 916 inveniri
1878 871 2087 932 dignatus
2126 877 2211 926 est,

239 936 295 984 ab
330 937 513 984 Oriente
548 937 592 983 in
613 936 902 984 Occidentem
940 950 1045 984 eum
1084 949 1342 983 arcessens,
1394 935 1566 983 Bonum
1605 944 1690 994 est,
1728 953 1752 984 a
1788 940 1959 987 mundo
1999 941 2214 988 occidere

238 1006 294 1054 ad
329 1006 485 1064 Deum,
521 1013 571 1054 ut
606 1007 652 1053 in
688 1006 792 1068 ipso
830 1005 967 1053 oriar.

250 1184 253 1187 -
303 1160 378 1208 ΙΙΙ.
449 1162 627 1223 Royate
656 1163 816 1223 potius
853 1162 1020 1216 Deum,
1058 1168 1109 1209 ut
1147 1163 1214 1209 ad
1248 1163 1530 1222 martyrium
1564 1161 1678 1209 mihi
1714 1164 1838 1211 vires
1874 1166 2143 1226 suppeditet.

373 1259 492 1307 Nulli
527 1274 726 1322 unquam
762 1260 1012 1317 invidistis3
1048 1258 1162 1306 alios
1201 1259 1439 1307 docuistis.
1487 1259 1582 1321 Ego
1622 1275 1728 1308 vero
1766 1261 1842 1309 illa
1868 1276 2053 1325 quoque
2080 1262 2212 1310 firma

235 1346 341 1381 esse
371 1331 491 1390 vo10,
529 1344 644 1393 quae
683 1331 860 1378 docetis
899 1337 945 1378 et
980 1330 1257 1392 praecipitis
1330 1329 1459 1376 Vires
1499 1335 1671 1378 tantum
1697 1331 1810 1378 mihi
1849 1338 1894 1379 et
1924 1334 2128 1380 internas
2168 1340 2215 1380 et

236 1409 445 1452 externas
479 1401 635 1463 petite,
670 1407 721 1448 ut
754 1415 846 1448 non
885 1401 1032 1448 solum
1069 1399 1246 1461 loquar,
1288 1400 1371 1447 sed
1406 1406 1452 1446 et
1485 1400 1642 1458 velim3
1689 1408 1738 1447 ut
1775 1416 1867 1448 non
1902 1403 2049 1450 solum
2088 1403 2215 1449 dicar

238 1473 534 1529 ChristianuS,
581 1472 664 1519 sed
697 1477 742 1518 et
777 1471 995 1518 inveniar.
1068 1469 1117 1516 Si
1155 1471 1275 1517 enim
1313 1471 1519 1517 inventus
1558 1470 1705 1528 suero,
1744 1471 1879 1518 etiam
1919 1472 2009 1518 dici
2047 1479 2210 1534 potero

237 1543 534 1599 Christianus,
569 1547 617 1588 et
653 1547 761 1588 tunc
795 1540 950 1588 fidelis
988 1554 1099 1588 esse·
1128 1540 1315 1595 valebo,
1363 1555 1465 1587 cum
1507 1541 1678 1587 mundo
1716 1541 1907 1603 amplius
1946 1556 2039 1588 non
2077 1556 2211 1603 appa-

235 1613 363 1661 rebo.
417 1611 551 1670 Nihil,
588 1612 714 1673 quod
752 1618 953 1673 apparet,
991 1610 1164 1658 bonum
1204 1617 1288 1658 est.
1346 1611 1485 1668 ,Quae
1523 1611 1644 1658 enim
1680 1611 1905 1668 videntur,
1944 1612 2212 1673 temporalia

234 1689 365 1739 sunt3
413 1696 530 1744 quae
564 1696 672 1728 vero
707 1695 801 1728 non
836 1681 1062 1735 videntur,
1100 1687 1283 1728 aeterna
1314 1679 1448 1729 sunt.‘
1517 1682 1720 1742 Namque
1757 1682 1858 1743 ipse
1896 1682 2014 1729 Deus
2054 1687 2215 1728 noster

234 1752 361 1800 lesus
398 1752 605 1800 Christus
655 1753 818 1799 iterum
856 1751 902 1799 in
937 1757 1067 1814 patre
1106 1752 1304 1798 existens
1339 1753 1483 1813 magis
1521 1751 1854 1800 manifestatur.
1915 1752 2014 1799 Non
2047 1751 2212 1798 silentii

231 1829 417 1881 tantum,
455 1822 538 1870 sed
571 1821 896 1884 magnitudinis
935 1836 1051 1884 opus
1090 1827 1160 1868 est
1197 1821 1583 1869 christianismus.

322 1960 391 2008 lv.
462 1963 610 2010 Sinite
646 1977 716 2009 me
751 1963 962 2023 ferarum
1000 1962 1213 2009 dentibus
1250 1950 1375 2015 τἠοιὶ,
1412 1968 1462 2009 ut
1489 1962 1636 2023 panis
1674 1961 1844 2009 Christi
1879 1963 2110 2010 inveniar.

370 2059 464 2121 Ego
514 2059 724 2106 ecclesiis
772 2059 955 2116 scribo,
1004 2057 1309 2118 omnibusque
1352 2058 1547 2115 mando,
1603 2058 1728 2119 quod
1778 2058 1943 2106 lubens
1990 2073 2076 2120 pro
2116 2060 2208 2106 Deo

232 2130 418 2186 moriar,
453 2128 680 2190 siquidem
715 2143 797 2176 vos
833 2143 906 2176 me
943 2142 1036 2175 non
1064 2127 1334 2189 impediatis.
1385 2127 1588 2176 Obsecro
1625 2141 1722 2184 voS‚
1761 2142 1818 2175 ne
1846 2128 2210 2190 intempestivam

319 2322 365 2375 5)
396 2322 529 2363 Locus
562 2334 608 2363 ex
641 2322 677 2363 11
696 2320 789 2362 Cor.
810 2320 850 2369 4,
878 2319 940 2360 18.
973 2319 1193 2360 translatus
1251 2315 1392 2375 ἕδρας
1423 2315 1580 2373 ἔργον,
1624 2315 1733 2361 οὐδ’
1778 2316 1807 2360 ἀ
1846 2319 2013 2372 βολᾶς,
2060 2326 2104 2360 ut
2146 2331 2213 2360 re-

235 2381 349 2422 deest
381 2391 446 2432 ap.
477 2385 551 2420 vet.
582 2379 679 2428 Int.‚
713 2378 858 2431 Syrum
894 2376 943 2426 1.‚
978 2376 1017 2416 in
1052 2377 1191 2426 fragm.
1249 2374 1425 2427 spexerit
1455 2375 1688 2429 Bacchylid.
1729 2382 1768 2416 et
1824 2382 1878 2417 nt.
1909 2376 1994 2417 Vet.
2038 2376 2211 2417 forsitan

234 2438 345 2490 Syr„
379 2437 484 2476 Arm.
518 2436 538 2478 l
581 2435 621 2476 et
650 2434 690 2476 2.
748 2434 795 2475 Η.
841 2432 903 2473 ed.
935 2432 994 2473 lv.
1033 2431 1191 2474 uncinis
1251 2433 1479 2472 sessionis!
1522 2433 1647 2481 Quam
1670 2432 1832 2486 quidem
1854 2431 2101 2474 locutionem
2123 2433 2210 2473 lau-

230 2491 405 2534 inclusit.
1251 2487 1382 2529 datam
1416 2488 1541 2529 habes
1577 2501 1598 2529 a
1627 2488 1822 2542 Dionysio
1856 2488 1985 2530 Halie.
2023 2489 2064 2529 in
2105 2489 2210 2530 libro

1250 2544 1370 2604 Περὶ
1407 2545 1690 2592 Συνθέσεως
1729 2544 1835 2589 Ὀνο
1877 2540 2024 2589 citam:
2056 2558 2097 2598 p.
2117 2546 2212 2588 234.

1249 2602 1311 2643 ed.
1347 2603 1517 2655 upton„
1559 2616 1634 2644 nec
1674 2616 1756 2643 non
1803 2616 1824 2643 a
1881 2602 2087 2644 Athenaeo
2117 2604 2211 2645 XIV.

1247 2659 1315 2701 30.
1348 2659 1390 2701 V.
1421 2659 1517 2701 289.
1577 2660 1802 2711 Schweigh.
1833 2658 1931 2701 Mire
1961 2659 2150 2701 Wakius:
2181 2661 2211 2701 A

1248 2715 1449 2758 Christian
1479 2715 1514 2756 is
1549 2721 1620 2757 not
1651 2731 1673 2758 a
1704 2716 1817 2757 work
1851 2716 1896 2758 of
1925 2716 2106 2769 opinion,
2138 2717 2210 2758 but

1249 2773 1294 2815 of
1324 2780 1531 2826 greatness
1567 2774 1612 2814 of
1639 2773 1772 2825 mind,
1817 2771 2061 2827 (especially
2091 2774 2209 2814 when

1247 2830 1296 2871 he
1334 2831 1369 2871 is
1413 2829 1534 2871 hated
1582 2830 1634 2884 by
1675 2831 1741 2872 the
1785 2829 1951 2880 world.)
1984 2830 2210 2872 Wocherus

1246 2893 1444 2940 praestat:
1487 2887 1606 2928 Nicht
1651 2887 1743 2928 hlos
1793 2883 1849 2926 in'
1874 2886 2093 2940 Stilleseyn
2136 2887 2209 2928 be-

1245 2944 1379 2986 stehet
1412 2944 1483 2985 das
1503 2943 1818 2994 Christenthum,
1850 2943 2030 2984 sondern
2062 2944 2103 2984 in
2137 2943 2209 2985 der

1245 2999 1478 3055 (geistigen)
1521 3001 1683 3042 Grosse.
1725 3001 1804 3042 Iac.
1863 2999 2140 3053 Interpolator
2155 2998 2209 3045 οὗ

1245 3059 1507 3116 πεισμονῆς
1539 3055 1593 3099 τὸ
1630 3055 1794 3114 ἔργον,
1829 3053 1946 3098 ἀλλὰ
1972 3056 2208 3113 μεγέθους

1244 3111 1374 3157 ἐστὶν
1396 3112 1421 3157 ὁ
1444 3109 1750 3171 Χριστιανός.
1788 3113 2080 3166 Metaphrastes
2103 3113 2208 3154 hanc

317 2549 362 2598 6)
393 2547 575 2589 Christus
606 2560 651 2588 ex
682 2559 763 2601 quo
795 2546 845 2587 ad
877 2553 1032 2599 patrem
1055 2545 1189 2596 rediit,

230 2619 356 2647 novae
398 2611 604 2646 creaturae
643 2603 789 2658 spiritu
828 2615 904 2644 suo
939 2602 1192 2643 manifestior

229 2664 284 2714 fii,
314 2662 573 2715 glorioseque
603 2667 773 2714 apparet
803 2659 1026 2713 operando.

314 2720 359 2771 7)
389 2719 447 2760 lta
479 2717 579 2760 Cod.
611 2717 726 2759 Colb.
753 2718 888 2767 cuius,
922 2715 955 2756 si
987 2715 1188 2757 Clericum

229 2776 392 2827 audias,
430 2774 628 2817 sententia
660 2780 743 2826 est,
776 2773 1043 2816 Christianam
1089 2773 1189 2814 reli-

229 2834 388 2887 gionem
424 2845 507 2873 non
557 2843 648 2872 esse
696 2843 799 2886 qnae
843 2830 984 2873 timido
1022 2829 1186 2871 silentio

230 2889 360 2944 premi
389 2888 558 2939 debeat,
603 2886 679 2930 sed
719 2900 838 2942 quam
866 2887 1188 2946 μεγαληγορία

230 2945 373 3000 (quod
417 2944 504 2987 vult
544 2944 720 2996 ignatius
774 2957 874 2987 voce
925 2944 1186 3002 μεγέθους)

233 3002 445 3045 comitetur
472 3013 638 3043 necesse
668 3007 743 3052 est,
774 3000 934 3055 qualem
963 3000 1004 3041 in
1024 3006 1186 3042 antece-

234 3057 420 3100 dentibus
462 3063 501 3098 et
538 3056 800 3110 sequentibus
842 3055 975 3098 verbis
1006 3056 1185 3097 animad-

233 3122 387 3156 vertere
417 3119 491 3155 est.
549 3111 639 3155 neti
671 3113 886 3155 lectionem
920 3124 1009 3153 cum
1042 3112 1185 3153 Vossio

231 3172 285 3212 ita
317 3171 518 3223 refingunt
543 3168 723 3212 Smithus
754 3176 793 3211 et
814 3169 1016 3211 Ruchatus
1047 3180 1092 3209 ex
1114 3169 1186 3209 lnt.

231 3235 332 3270 vet:
365 3223 434 3270 Οὐ
471 3236 587 3269 πεισ
623 3227 732 3280 ονῆς
773 3225 827 3268 τὸ
869 3222 1030 3281 ἔργον,
1071 3222 1189 3267 ἀλλὰ

227 3284 464 3343 μεγέθους
500 3279 582 3326 ἔστ
605 3295 632 3327 ν
666 3278 692 3325 ὁ
736 3276 1048 3342 Χριστιανός,
1095 3276 1184 3339 μά·

230 3342 368 3384 λιστα
414 3335 536 3383 ὅταν
642 3340 783 3394 σῆται
843 3336 938 3383 ὑπὸ
988 3334 1183 3396 κόσμου.

233 3399 261 3440 S
289 3409 408 3440 meon
438 3353 638 3451 Metaplffi
662 3396 803 3439 habet:
837 3392 905 3439 Οὐ
926 3396 1187 3454 πεισμονῆς

233 3467 258 3496 r
341 3450 499 3513 ἔργον,
547 3449 666 3496 ἀλλὰ
702 3451 940 3512 μεγέθους
978 3450 1110 3495 ἐστὶν
1158 3448 1184 3493 ὁ

235 3507 541 3565 Χριστιανός·
551 3506 874 3568 ὅτανμισῆται
886 3506 981 3553 ὑπὸ
990 3506 1184 3567 κόσμου,

232 3565 443 3622 φιλεῖται
471 3563 604 3623 παρὰ
635 3567 768 3611 Θεοῦ.
826 3565 951 3609 Nimis
994 3567 1185 3608 audacter

235 3636 309 3664 nec
332 3629 465 3664 tamen
483 3620 657 3666 feliciter
677 3623 865 3666 emendat
888 3623 1083 3677 Toupius‚
1115 3623 1182 3676 qui

235 3678 286 3721 ad
317 3677 533 3732 marginem
563 3679 801 3735 exemplaris
830 3679 913 3722 sui:
945 3680 1069 3733 ‚Lego
1100 3677 1184 3736 οὐχ

1244 3171 1482 3212 sententiam
1516 3171 1557 3211 in
1588 3171 1741 3212 nostris
1761 3170 1924 3222 quidem
1943 3168 2072 3210 Codd.
2090 3169 2159 3211 ΑΕ
2172 3169 2203 3211 Ν

1246 3226 1393 3268 omisit.
1451 3228 1655 3281 interpres
1676 3233 1766 3277 vet„
1803 3227 1892 3279 Syr.
1918 3225 1955 3267 1.
1988 3231 2028 3266 et
2042 3225 2148 3267 Arm.
2166 3226 2204 3266 2.

1245 3282 1321 3334 leg.
1350 3282 1535 3326 videntur
1566 3282 1634 3327 Οὐ
1665 3283 1929 3340 πεισμονῆς
1957 3279 2011 3323 τὸ
2051 3279 2201 3339 ἔργον,

1245 3334 1362 3381 ἀλλὰ
1400 3339 1636 3397 μεγέθους
1683 3337 1814 3382 ἐστὶν
1853 3335 1879 3381 ὁ
1920 3340 2205 3396 Χριστιανι-

1245 3405 1275 3437 σ
1314 3392 1380 3448 ὸς,
1409 3391 1527 3440 ὅταν
1553 3397 1754 3454 μισῆται
1787 3391 1881 3438 ὑπὸ
1913 3389 2107 3452 κόσμου.
2162 3395 2205 3436 ln

1279 3452 1441 3495 imothei
1499 3453 1604 3494 libro
1646 3459 1786 3494 contra
1827 3450 1971 3493 concil.
2012 3450 2203 3494 Chalced.

1242 3509 1334 3560 (cfr.
1366 3509 1541 3551 Cureton
1586 3510 1610 3550 Ι.
1644 3510 1668 3549 Ι.
1702 3521 1740 3561 p.
1771 3507 1860 3560 42.)
1891 3507 2076 3550 vertitur:
2116 3507 2204 3550 Non

1243 3571 1299 3606 est
1333 3578 1430 3619 opus
1464 3566 1536 3607 hoc
1566 3566 1865 3619 persuasionis,
1897 3566 1967 3606 sed
1999 3566 2200 3617 magnitu-

1244 3622 1346 3662 dinis
1378 3628 1437 3664 est
1470 3621 1729 3673 Christianus,
1762 3622 1917 3675 quando
1954 3622 2046 3663 odio
2082 3622 2202 3664 habe-

1244 3684 1306 3719 tur·
1341 3692 1365 3718 a
1400 3678 1556 3721 mundo.
