2340 3900
828 187 1135 235 MANDATUM
1174 188 1264 233 ΧΠ.
1302 186 1416 244 xm,
1460 186 1602 232 1-4,
2097 177 2190 228 601

238 325 436 374 νοῦνται
473 315 542 383 εἷς
574 317 731 380 τέλος·
766 315 1069 380 θανατώδεις
1105 316 1196 389 γάρ
1233 320 1354 372 εἶσιν
1389 319 1445 371 αἱ
1470 317 1734 385 ἐπιθυμίαι
1768 310 1924 369 αὗται.
1997 307 2075 366 ’Σὺ
2110 305 2202 366 οὖν

236 391 436 444 ἔνδυσαι
468 387 560 457 τὴν
591 389 866 460 ἐπιθυμίαν
899 394 987 453 τῆς
1023 389 1365 456 δικαιοσύνης,
1402 389 1485 441 καὶ
1521 383 1946 454 καθοπλισάμενος
1978 379 2067 437 τὸν
2109 381 2202 449 φό-

233 463 326 523 βον
381 462 557 526 κυρίου
601 456 862 524 ἆντίστηθι
906 457 1090 520 αὐταῖς.
1158 457 1223 511 Ὁ
1250 458 1341 529 γὰρ
1378 456 1537 525 φόβος
1570 463 1659 509 τοῦ
1710 461 1836 509 θεοῦ
1883 459 2096 507 κατοικεῖ
2146 454 2199 506 ἐν

237 536 298 604 τῇ
353 530 597 599 ἐπιθυμίᾳ
644 531 706 599 τῇ
741 525 925 600 ἀγαθῇ.
997 525 1057 579 Ἡ
1089 529 1331 596 ἐπιθυμία
1366 526 1400 595 ἦ
1434 524 1650 595 πονηρά,
1706 526 1792 579 ἐὰν
1827 527 1910 598 ἴδῃ
1946 541 1999 577 σε
2037 530 2204 577 καθω-

237 599 500 665 πλισμένον
540 602 609 667 τῷ
656 594 801 668 φόβῳ
845 603 934 649 τοῦ
979 603 1103 650 θεοῦ
1139 599 1222 650 καὶ
1271 597 1607 665 ἀνθεστηκότα
1644 594 1768 669 αὐτῇ
1782 630 1801 659 ,·
1843 592 2070 661 φεύξεται
2104 591 2203 647 ἀπὸ

236 675 328 722 σοῦ
373 665 591 735 μακράν,
647 666 733 719 καὶ
784 664 879 718 οὐκ
915 668 984 719 ἔτι
1030 686 1107 720 σοι
1155 666 1434 734 ὀφθήσεται
1483 665 1766 733 φοβουμένη
1823 663 1898 718 τὰ.
1935 663 2062 718 ’ὅπλα
2096 681 2202 717 σου.

238 736 317 790 Σὺ
353 730 446 790 οὖν
481 736 819 803 στεφανωθεὶς
851 734 963 789 κατ’
1005 737 1159 805 αὐτῆς
1195 737 1309 790 ἐλθὲ
1344 735 1469 805 πρὸς
1503 734 1593 803 τὴν
1629 736 1900 803 ἐπιθυμίαν
1915 738 2005 802 τῆς
2023 736 2205 787 δικαιο-

234 806 416 873 σύνης,
451 807 537 859 καὶ
570 804 825 876 παραδοὺς
860 804 985 880 αὐτῇ
1021 806 1075 860 τὸ
1114 814 1250 870 νῖκος
1287 805 1314 860 ὃ
1351 809 1534 874 ἔλαβες,
1574 807 1839 858 δούλευσον
1874 803 1999 893 αὐτῇ
2032 801 2207 867 καθώς

233 875 359 943 αὐτὴ
393 875 633 945 βούλεται.
697 873 824 928 Ἐάν
859 875 1129 950 δουλεύσῃς
1163 883 1224 950 τῇ
1260 878 1502 947 ἐπιθυμίᾳ
1537 881 1596 947 τῇ
1633 874 1802 948 ἀγαθῇ
1838 875 1920 928 καὶ
1957 879 2206 962 υποταγῇς

233 944 379 1036 αὐτῇ,
417 945 607 1020 δυνήσῃ
643 951 733 1013 τῆς
767 946 1038 1016 ἐπιθυμίας
1074 953 1162 1015 τῆς
1195 953 1415 1016 πονηρᾶς
1448 951 1829 1014 κατακυριεῦσαι
1858 945 1940 999 καὶ
1967 943 2206 1010 ύποταξαι

234 1015 391 1085 αὐτην
423 1014 597 1079 καθώς
628 1016 800 1088 βούλῃ.

376 1177 450 1225 ln.
505 1167 746 1235 Ἢθελον,
782 1172 947 1238 φημί,ι
984 1168 1140 1258 κύριε,
1177 1175 1357 1241 γνῶναι
1394 1172 1556 1232 ποίοις
1589 1169 1787 1237 τρόποις
1821 1190 1879 1237 με
1904 1171 1984 1222 δεῖ
2011 1171 2205 1222 δουλεῦ·

238 1257 321 1293 σαι
353 1245 415 1312 τῇ
447 1241 693 1314 ἐπιθυμία
726 1247 786 1315 τῇ
823 1239 1006 1313 ἆγαθῇ.
1080 1246 1262 1305 Ακουε,
1298 1243 1466 1308 φησίν.
1531 1238 1747 1313 Ἐργάσῃ
1784 1237 2102 1306 δικαιοσύνην
2124 1238 2207 1291 καὶ

237 1308 438 1377 ἀρετήν,
493 1309 735 1379 ἀλήθειαν
769 1312 851 1364 καὶ
889 1309 1052 1380 φόβον
1087 1313 1291 1376 κυρίου,
1345 1313 1508 1363 πίστιν
1542 1311 1627 1363 καὶ
1660 1306 1935 1376 πραότητα,
1993 1308 2077 1361 καὶ
2113 1306 2207 1360 ὅσα

236 1378 428 1442 τούτοις
459 1378 608 1448 ὅμοιά
659 1382 789 1434 ἐστιν
822 1379 1020 1451 ἇγαθά·
1082 1386 1232 1433 ταῦτα
1268 1379 1584 1450 ἐργαζόμενος
1620 1377 1875 1445 εὐάρεστος
1911 1379 1994 1450 ἔσῃ
2032 1379 2209 1438 δοῦλος

236 1456 326 1504 τοῦ
364 1457 492 1503 θεοῦ
526 1451 611 1503 καὶ
642 1449 765 1524 ζήσῃ
799 1449 963 1521 αὐτῷ·
1020 1451 1104 1502 καὶ
1149 1457 1249 1512 πᾶς
1293 1449 1351 1512 ὃς
1394 1447 1456 1500 ἂν
1492 1447 1734 1519 δουλεύσῃ
1770 1453 1829 1520 τῇ
1866 1447 2111 1512 ἐπιθυμία
2145 1451 2205 1518 τῇ

236 1518 434 1592 ἆγαθῇ,
483 1520 676 1589 ζήσεται
710 1526 779 1592 τῷ
820 1527 940 1592 θεῷ.
1013 1521 1330 1572 Συνετέλεσεν
1363 1512 1455 1571 οὖν
1503 1515 1589 1578 τὰς
1634 1514 1829 1578 ἐντολὰς
1877 1514 1963 1579 τὰς
1999 1499 2208 1580 δώδεκα,

235 1591 318 1643 καὶ
354 1591 478 1659 λέγει
513 1611 594 1657 μοι
627 1588 795 1658 Ἔχεις
827 1588 915 1653 τὰς
948 1585 1144 1651 ἐντολὰς
1176 1587 1378 1651 ταύτας·
1426 1586 1643 1656 πορεύου
1681 1587 1733 1639 ἐν
1769 1584 1942 1649 αὐταῖς
1976 1587 2056 1639 καὶ
2096 1583 2210 1648 τοὺς

238 1657 511 1722 ἇκούοντας
544 1657 816 1728 παρακάλει
850 1661 936 1713 ἵνα
970 1657 1007 1727 ἦ
1054 1656 1284 1727 μετάνοια
1321 1656 1485 1711 αὐτῶν
1521 1655 1722 1722 καθαρὰ
1753 1658 1947 1727 γένηται
1991 1654 2077 1719 τὰς
2111 1662 2209 1709 λοι-

232 1727 331 1792 πὰς
366 1726 549 1798 ἡμέρας
594 1735 684 1798 τῆς
729 1735 855 1798 ζωῆς
900 1728 1081 1783 αὐτῶν.
1159 1728 1263 1797 Τὴν
1299 1730 1554 1781 διακονίαν
1589 1727 1770 1795 ταύτην
1813 1725 1879 1796 ἤν
1916 1745 1994 1779 σοι
2029 1728 2207 1792 δίδωμι

234 1800 355 1853 τέλει
391 1801 643 1868 ἐπιμελῶς,
680 1801 765 1853 καὶ
797 1798 924 1853 πολύ
962 1798 1142 1871 ἐργάσῃ
1157 1817 1168 1828 ·
1207 1797 1427 1866 εὑρήσεις
1460 1795 1551 1868 γὰρ
1583 1796 1725 1867 χάριν
1761 1798 1812 1849 ἐν
1844 1803 1947 1858 τοῖς
1980 1796 2206 1864 μέλλουσι

233 1877 508 1937 μετανοεῖν,
557 1871 643 1922 καὶ
698 1868 1054 1937 πεισθήσονταί
1087 1887 1177 1921 σου
1224 1875 1327 1930 τοῖς
1372 1867 1584 1935 ῥήμασιν
1600 1884 1613 1896 ·
1670 1864 1762 1936 ἐγὼ
1811 1865 1902 1936 γὰρ
1953 1864 2071 1932 μετὰ
2117 1871 2209 1919 σοῦ

235 1940 407 2007 ἔσομαι
440 1939 524 1991 καὶ
559 1937 820 2006 ἇναγκάσω
853 1938 1035 2002 αὐτοὺς
1070 1940 1341 2007 πεισθῆναί
1374 1955 1468 1990 σοι.

375 2035 523 2105 Λέγω
554 2034 689 2108 αύτῷ
726 2034 899 2104 Κύριε,
936 2037 992 2089 αἱ
1024 2037 1212 2090 ἐντολαὶ
1247 2029 1390 2088 αὗται
1425 2031 1627 2104 μεγάλαι
1662 2033 1746 2084 καὶ
1780 2032 1923 2084 καλαὶ
1961 2031 2044 2084 καὶ
2073 2032 2208 2085 ἔνδο-

234 2107 312 2170 ξοί
332 2107 425 2159 εἰσι
447 2107 532 2159 καὶ
558 2106 847 2173 δυνάμεναι’
871 2105 1114 2175 εὐφρᾶναι
1137 2108 1342 2174 καρδίαν
1368 2102 1640 2173 ἀνθρώπου
1662 2108 1748 2155 τοῦ
1772 2102 2046 2169 δυναμένου
2069 2107 2212 2169 ποιῆ-

237 2193 320 2229 σαι
355 2175 548 2239 ταύτας.
625 2176 734 2231 Οὔκ
768 2174 882 2231 οἶδα
916 2176 969 2230 δὲ
1005 2179 1051 2230 εί
1085 2175 1318 2229 δύνανται
1343 2177 1398 2227 αἱ
1418 2174 1604 2228 ἐντολαὶ
1630 2166 1775 2225 αὗται
1797 2169 1895 2225 ύπὸ
1933 2170 2208 2238 ἀνθρώπου

234 2253 579 2316 φυλαχθῆναι,
636 2245 765 2301 διότι
798 2248 1003 2316 σκληραί
1037 2248 1128 2299 εἰσι
1161 2249 1285 2299 λίαν.
1351 2243 1669 2313 Ἀποκριθεὶς
1704 2243 1829 2312 λέγει
1864 2262 1948 2309 μοι
1989 2239 2113 2294 Ἐὰν
2148 2239 2209 2294 σὺ

236 2322 424 2387 σεαυτῷ
470 2323 704 2391 προσθῇς
736 2316 808 2371 ὅτι
851 2315 1085 2370 δύνανται
1123 2322 1466 2403 φυλαχθῆναι,
1517 2311 1739 2375 εὐκόπως
1774 2309 1926 2374 αὐτὰς
1961 2312 2205 2378 φυλάξεις.

238 2387 323 2438 καὶ
357 2385 453 2439 οὔκ
488 2388 680 2440 ἔσονται
716 2390 944 2456 σκληραί·
981 2385 1068 2439 ἐὰν
1105 2386 1157 2439 δὲ
1191 2387 1273 2439 ἐπὶ
1308 2407 1396 2453 την
1431 2385 1639 2453 καρδίαν
1676 2400 1766 2435 σου
1801 2379 1899 2450 ἤδη
1931 2380 2102 2450 ἀνέβη8
2140 2379 2206 2448 μὴ

236 2453 487 2509 δύνασθαι
521 2454 675 2520 αὐτὰς
706 2454 806 2511 ὑπὸ
842 2455 1115 2524 ἀνθρώπου
1151 2461 1488 2523 φυλαχθῆναι,
1525 2451 1585 2506 οὗ
1624 2451 1854 2518 φυλάξεις
1876 2449 2040 2513 αὐτάς.
2094 2455 2211 2502 Νῦν

239 2525 294 2578 δέ
327 2543 407 2578 σοι
441 2526 574 2596 λέγω,
612 2526 700 2580 ἐὰν
732 2524 912 2589 ταύτας
947 2524 1013 2595 μὴ
1050 2524 1299 2598 φυλάξῃς,
1338 2523 1457 2577 ἀλλὰ
1491 2527 1917 2592 παρενθυμηθῇς,
1968 2519 2054 2588 οὐχ
2091 2520 2212 2584 ἕξεις

238 2597 503 2663 σωτηρίαν,
539 2594 653 2650 οὔτε
685 2594 747 2650 τὰ
780 2597 925 2650 τέκνα
961 2615 1053 2650 σου
1089 2594 1201 2649 οὔτε
1237 2593 1267 2648 ό
1303 2592 1440 2657 οἶκός
1476 2611 1593 2658 σου,
1646 2593 1748 2645 ἐπεὶ
1783 2590 1881 2660 ἥδη
1916 2596 2101 2662 σεαυτῷ
2137 2591 2213 2644 κε’·

237 2685 409 2730 κρικας
457 2670 548 2719 τοῦ
595 2665 665 2735 μὴ
716 2663 968 2721 δύνασθαι
1018 2662 1105 2728 τὰς
1139 2663 1337 2728 ἐντολὰς
1371 2662 1549 2726 ταύτας
1584 2660 1682 2715 ύπὸ
1722 2659 1994 2732 ἀνθρώπου
2033 2666 2213 2728 φυλαχ-

235 2739 409 2803 θῆναι.

378 2865 450 2911 Ν.
521 2860 625 2912 Καὶ
655 2858 810 2913 ταῦτά
845 2880 929 2929 μοι
964 2863 1074 2914 λίαν
1110 2859 1314 2929 ὀργίλως
1349 2857 1607 2925 ἐλάλησεν,
1653 2857 1773 2910 ὥστε
1810 2876 1868 2922 με
1899 2861 2209 2942 συγχυθῆναι

239 2926 323 2979 καὶ
355 2928 467 2980 λίαν
500 2925 655 2982 αὖτὸν
688 2931 1006 2998 φοβηθῆναι·
1062 2927 1099 2997 ἦ
1132 2927 1299 2997 μορφὴ
1335 2926 1427 2998 γὰρ
1463 2925 1617 2979 αὐτοῦ
1654 2924 1930 2994 ἠλλοιώθη,
1984 2924 2103 2978 ὥστε
2139 2921 2206 2991 μὴ

239 2993 490 3049 δύνασθαι
522 2994 794 3065 ἄνθρωπον
826 2995 1110 3068 ὑπενεγκεῖν
1143 2996 1233 3065 τὴν
1267 2995 1419 3066 ὀργὴν
1455 2995 1638 3049 αὐτοῦ.ι
1668 3038 1678 3049 .
1707 3038 1717 3049 .
1750 3037 1760 3048 .
1797 2991 1858 3046 σὺ
1903 2995 2210 3056 συνέκλεισας

241 3070 352 3128 φῶς
386 3066 468 3118 καὶ
506 3062 759 3133 ἐχώρησέ
794 3064 849 3119 τὸ
884 3065 1056 3130 σκότος
1090 3065 1180 3120 ἀπ’
1222 3065 1465 3135 ἀλλήλων,
1517 3066 1843 3132 ἐθεμελίωσας
1875 3061 1964 3130 τὴν
1998 3069 2091 3133 γῆν
2125 3064 2210 3116 καὶ

246 3135 437 3197 ἔκτισας
473 3132 695 3202 καρποὺς
735 3134 1103 3198 παντοδαπούς,
1156 3135 1321 3203 ἥλιον,
1369 3133 1600 3203 σελήνην,
1657 3132 1868 3221 ἀστέρων
1921 3129 2211 3199 ἐναρμόνιον

243 3205 462 3270 κίνησιν,
511 3209 608 3267 ζῶα
641 3204 887 3273 πτερωτά.
938 3203 1231 3274 τετράποδα,
1268 3203 1463 3272 ἑρπετά,
1514 3205 1720 3270 ἔνυδρα,
1770 3199 1914 3272 άγριά
1950 3222 1998 3255 τε
2036 3202 2117 3256 καὶ
2152 3200 2212 3254 τὰ

242 3272 433 3336 τούτοις
479 3273 958 3343 παραπλησιάζοντα,
1005 3275 1087 3327 καὶ
1134 3273 1318 3327 τούτων
1366 3271 1594 3327 ἁπάντων
1629 3273 1801 3325 ἕκαστ’
1852 3271 2090 3340 δεσπότην
2125 3267 2211 3325 τὸν

330 3525 427 3579 Cap.
457 3526 521 3567 ΙΙΙ.
582 3527 624 3574 1)
654 3539 794 3581 apogr.
826 3526 956 3583 φησὶ.
1340 3526 1437 3578 Cap.
1468 3524 1525 3565 lv,
1590 3524 1631 3574 1)
1664 3525 1701 3564 h.
1737 3523 1761 3564 Ι.
1792 3522 1944 3576 enquid
1977 3522 2101 3565 deest.

330 3580 376 3634 2)
405 3593 546 3634 apogr.
574 3579 799 3641 δύναμαι,
1341 3582 1386 3630 2)
1419 3593 1558 3633 apogr.
1588 3578 1610 3621 ἐ
1641 3576 1840 3636 ω’ρησας.

331 3637 376 3690 3)
406 3635 566 3691 ἁνίβηε
594 3639 655 3680 sie
681 3650 821 3692 apogr.
1345 3636 1390 3689 3)
1427 3637 1583 3687 corrige
1640 3646 1816 3682 κτισας.
