2340 3900
747 775 1502 879 47ῡιΕΜΕΝΤΙΒ

619 989 976 1038 EPISTULA
1021 990 1105 1038 An
1158 987 1595 1037 CORINTHIOS
1647 989 1678 1034 Ι.

390 1255 424 1302 Ι.
494 1257 744 1307 salutatio.
815 1259 946 1306 Laus
982 1257 1325 1306 Corinthiorum
1358 1262 1465 1305 ante
1502 1244 1906 1305 ortum-schisma.

303 1368 507 1416 Ecclesia
540 1368 646 1427 Dei,
695 1383 811 1431 quae
856 1367 1025 1417 Romae
1071 1369 1419 1431 peregrinatur,
1469 1367 1702 1415 Ecclesiae
1751 1368 1854 1425 Dei,
1901 1381 2016 1428 quae
2055 1367 2134 1414 Co-

166 1437 309 1486 rinthi
343 1439 689 1501 peregrinatur,
723 1439 915 1497 vocatiS‚
967 1437 1260 1486 sanctificatis
1297 1439 1526 1486 voluntate
1564 1439 1740 1496 divina,
1778 1452 1864 1500 per
1898 1437 2135 1484 Dominum

168 1514 375 1556 nostrum
411 1509 561 1556 lesum
598 1508 844 1557 Christum.
917 1508 1069 1557 Gratia
1103 1508 1234 1556 vobis
1272 1516 1319 1556 et
1353 1524 1438 1571 pax
1476 1507 1531 1555 ab
1569 1508 1881 1570 omnipotente
1919 1506 2012 1553 Deo
2051 1521 2136 1569 per

168 1577 317 1625 lesum
348 1578 577 1626 Christum
622 1579 963 1641 multiplicetur.
1033 1579 1229 1641 Propter
1277 1579 1450 1626 subitas
1497 1593 1548 1625 ac
1600 1578 1687 1625 sibi
1737 1579 1927 1625 invicem
1978 1591 2136 1624 suece-

169 1647 330 1695 dentes
365 1648 644 1696 calamitates
680 1655 728 1696 et
761 1662 896 1696 casus
934 1649 1168 1706 adversos,
1209 1650 1287 1710 qui
1323 1649 1457 1696 nobis
1497 1649 1787 1706 acciderunt,
1822 1647 2009 1704 tardiuS,
2048 1647 2136 1694 fra·

169 1724 296 1774 tres,
330 1725 514 1766 nosmet
546 1718 674 1780 ipsos
712 1719 994 1767 convertisse
1031 1719 1339 1766 existimamus
1378 1719 1435 1765 ad
1472 1733 1525 1766 ea
1562 1733 1677 1780 quae
1714 1718 1897 1766 fuerant
1932 1717 2139 1779 quaesita

168 1801 195 1835 a
227 1786 385 1844 vobis,
421 1787 602 1845 dilecti,
650 1795 697 1836 et
740 1788 798 1835 ad
844 1788 1119 1836 seditionem
1166 1789 1348 1851 impiam
1389 1803 1442 1836 ac
1480 1788 1822 1843 detestandam,
1861 1787 1941 1834 Dei
1979 1787 2136 1835 electis

169 1857 459 1919 peregrinam
505 1864 551 1905 et
597 1857 817 1915 alienam,
863 1872 998 1919 quam
1043 1859 1178 1920 pauci
1225 1858 1436 1906 homines
1487 1858 1715 1906 temerarii
1765 1865 1810 1904 et
1856 1857 2052 1904 audaces
2092 1858 2137 1904 in

171 1932 343 1973 tantum
380 1926 652 1974 insolentiae
686 1927 1009 1985 accenderunt,
1047 1935 1096 1973 ut
1116 1927 1423 1974 honorificum
1449 1934 1494 1974 et
1530 1927 1708 1974 illustre
1729 1941 1898 1974 nomen
1923 1935 2136 1984 vestrum,

172 2001 221 2042 et
254 1994 311 2041 ah
356 1995 570 2043 omnihus
605 1997 745 2043 amari
785 1996 999 2057 dignum,
1045 1997 1340 2043 vehementer
1375 1996 1784 2057 blasphemaretur.
1857 1996 1965 2053 Quis
2002 1996 2138 2053 enim,

173 2064 296 2125 apud
332 2077 412 2111 vos
450 2064 726 2122 diversatus,
775 2066 896 2112 omni
933 2066 1097 2112 virtute
1134 2066 1314 2127 plenam
1361 2065 1626 2127 firmamque
1665 2080 1716 2112 ac
1756 2064 1962 2112 stabilem
2002 2065 2138 2113 fidem

176 2139 371 2180 vestram
416 2147 510 2181 non
557 2133 797 2195 probavit?
850 2134 1142 2196 sobriamque
1188 2142 1234 2182 et
1284 2135 1562 2182 moderatam
1610 2136 1655 2181 in
1696 2134 1878 2182 Christo
1925 2136 2140 2196 pietatem

175 2215 267 2249 non
301 2209 375 2250 est
407 2202 687 2251 admiratus?
720 2211 767 2251 et
802 2203 1070 2266 splendidos
1102 2219 1155 2251 ac
1186 2204 1399 2251 liberales
1428 2205 1750 2266 hospitalitatis
1786 2211 1964 2252 vestrae
1984 2219 2139 2251 mores

173 2284 266 2318 non
302 2272 610 2333 praedicavit?
655 2280 702 2320 et
736 2274 988 2336 perfectam
1026 2282 1290 2334 certamque
1329 2274 1639 2334 cognitionem
1676 2279 1871 2320 vestram
1904 2288 1997 2320 non
2035 2273 2139 2320 hea-

172 2346 263 2387 tam
301 2341 603 2388 existimavit?
664 2343 822 2390 Omnia
857 2343 975 2390 enim
1013 2343 1112 2389 sine
1138 2356 1439 2405 personarum
1466 2343 1631 2389 intuitu
1659 2357 1684 2390 a
1709 2342 1837 2389 vohis
1863 2342 1980 2391 sacta
2019 2351 2140 2402 sunt,

171 2414 218 2456 et
253 2408 299 2455 in
335 2408 414 2457 Dei
452 2409 632 2472 legibus
666 2410 959 2468 ambulastis,
997 2412 1272 2474 praepositis
1309 2412 1474 2459 vestris
1511 2412 1706 2470 subditi,
1746 2419 1792 2460 et
1828 2413 2141 2476 presbyterOS,

173 2599 383 2641 videbatur
419 2596 608 2651 δυσοίζο
647 2613 710 2644 εν.
752 2600 858 2643 lllnd
876 2601 1126 2655 repetierunt
1268 2601 1313 2655 7)
1347 2601 1477 2643 Simili
1515 2603 1638 2644 modo
1667 2602 1770 2644 insra
1803 2616 1836 2644 c.
1857 2603 1925 2645 47.
1970 2602 2023 2646 τὸ
2064 2616 2141 2647 σε·

170 2614 1124 2711 ιιιιηοῦοιεΙεήί(16ςι2),ῦοΙοωοεὶιιε(1634),
1179 2655 1305 2717 μνόν
1354 2660 1435 2712 τῆς
1488 2655 1767 2716 περιβοήτου
1821 2658 2143 2719 φιλαδελφίας

172 2711 398 2754 Wottonns.
438 2712 513 2755 Alii
535 2715 825 2774 γνωρίζομεν
847 2715 1000 2768 absque
1021 2714 1124 2756 iusta
1182 2713 1322 2773 ὑμῶν
1343 2713 1591 2771 ἐμείωσαν.

175 2780 295 2809 eausa
342 2777 589 2822 proponunt.

261 2824 307 2879 5)
336 2826 391 2867 Ex
434 2826 511 2867 hoc
562 2826 722 2868 dicendi
769 2828 894 2869 modo
942 2828 1124 2870 nonnulli

174 2881 388 2933 colligunt,
417 2882 693 2933 Christianos,
738 2884 805 2938 qui
837 2884 1018 2926 Corinthi
1053 2885 1125 2925 de-

173 2945 335 2990 gerent,
385 2938 513 2980 literis
540 2952 563 2980 a
594 2939 770 2981 Romana
800 2941 973 2982 ecelesia
1004 2954 1126 2995 expe-

172 2995 283 3043 tisse,
315 3000 358 3035 nt
390 2994 441 3035 ad
472 2995 654 3048 ipsorum
685 2995 853 3038 dissidia
885 2998 936 3039 de
963 3010 1128 3039 munere

173 3050 452 3092 ecclesiastico
480 3051 660 3094 sedanda
689 3053 927 3095 auctoritate
958 3068 1030 3095 sua
1065 3054 1128 3095 in-

173 3106 411 3149 tercederet.
469 3107 587 3149 Fama
626 3108 763 3161 potins
806 3110 857 3151 de
895 3110 1127 3152 Corinthio-

172 3175 261 3205 nm
290 3163 491 3205 seditione
523 3165 687 3206 Romam
717 3166 917 3219 perlatum
946 3180 1036 3209 esse
1069 3168 1127 3208 vi-

174 3219 302 3261 detur.
360 3219 442 3261 err.
473 3220 577 3262 inl'ra
608 3234 643 3263 c.
674 3222 726 3264 47
759 3229 799 3264 et
828 3222 1057 3275 Hilgenfeld
1089 3226 1128 3266 d.

174 3276 308 3330 Aponi.
343 3276 476 3318 ναίει·
505 3289 546 3331 p.
577 3278 632 3321 54
661 3286 745 3321 not.
777 3279 817 3322 2.

259 3346 306 3400 6)
335 3346 437 3388 Cod.
464 3346 571 3389 Alex.
602 3346 763 3399 ξένοις,
793 3350 903 3404 quod
936 3350 986 3392 ab
1017 3363 1126 3391 ama-

174 3402 328 3453 nuensi,
358 3402 633 3457 diphthongos
662 3418 721 3458 οι,
753 3417 816 3460 ει,
846 3420 874 3461 η
905 3406 957 3448 ob
991 3407 1128 3449 itacis-

174 3470 280 3500 mnm
311 3471 387 3513 pro
418 3458 531 3502 libitu
561 3468 836 3516 permutante,
878 3464 1022 3517 procul
1055 3464 1128 3505 du-

174 3513 243 3556 bio
274 3515 452 3568 positum
492 3516 568 3559 fnit
604 3530 682 3572 pro
723 3518 867 3561 adiect.
898 3518 1030 3574 ξένης
1064 3520 1129 3561 iti-

176 3570 266 3613 dem
315 3578 498 3615 sonante.
568 3573 727 3617 idcireo
770 3576 821 3618 de
877 3578 1037 3619 advenis
1087 3578 1131 3618 in

174 3633 279 3669 terra
311 3642 391 3670 non
422 3629 691 3682 cogitandum.

1266 2771 1311 2826 8)
1346 2774 1432 2820 Τίς
1469 2771 1560 2829 γὰρ
1599 2796 1656 2802 -
1695 2773 1814 2815 Θεοῦ
1854 2769 2144 2830 ἐπορεύεσθε

1183 2828 1298 2870 locus
1353 2829 1495 2870 citatus
1545 2843 1565 2869 a
1616 2829 1819 2871 Clemente
1872 2830 2141 2872 Alexandrino

1185 2886 1333 2927 Strom.
1363 2886 1423 2926 lv.
1455 2899 1487 2927 c.
1515 2887 1579 2927 17.
1610 2898 1649 2939 p.
1683 2887 1778 2927 610.
1815 2886 1877 2927 ed.
1912 2887 2015 2927 Pon.

1270 2943 1314 2995 9)
1352 2942 1433 2983 Cl’r.
1466 2943 1538 2996 Ep.
1570 2942 1777 2983 Barnabae
1809 2957 1841 2983 e.
1874 2944 1912 2985 6.

1276 3011 1345 3067 10)
1378 3013 1489 3054 Hane
1530 3027 1618 3054 esse
1660 3012 1869 3065 genuinam
1913 3012 2140 3064 lectionem,

1187 3068 1439 3109 Colomesins
1479 3069 1643 3122 collegit
1686 3083 1729 3110 ex
1763 3077 1859 3110 sect.
1890 3069 1914 3111 3
1949 3076 1987 3110 et
2017 3070 2071 3112 40
2103 3077 2141 3111 et

1186 3125 1309 3167 Clem.
1332 3126 1437 3167 Alex.
1459 3125 1483 3167 l.
1499 3126 1538 3176 l.‚
1572 3139 1659 3166 cnm
1683 3128 1750 3167 Ms.
1766 3125 1947 3167 exhibeat
1967 3121 2142 3193 νόμοις.

1278 3182 1345 3235 11)
1375 3182 1580 3223 Praesides
1606 3178 1891 3240 (ἡγούμενοι)
1923 3195 2002 3223 non
2022 3183 2142 3223 iidem

1185 3245 1278 3280 sunt
1317 3252 1363 3279 ac
1400 3241 1631 3292 presbyteri.
1690 3239 1773 3279 lllis
1814 3238 1965 3291 qnippe
2004 3251 2142 3280 omnes

1186 3295 1519 3347 adnumerantur,
1584 3296 1649 3348 qui
1697 3295 1893 3335 ecclcsiae
1942 3295 2142 3347 regendae

1186 3366 1232 3392 ac
1247 3351 1529 3403 gubernandae
1549 3352 1751 3392 constituti
1778 3357 1882 3401 sunt,
1916 3364 2005 3392 cnm
2027 3364 2143 3406 pres-

1187 3408 1417 3461 byterorum
1464 3409 1622 3448 nomine
1652 3422 1672 3447 a
1706 3407 1918 3460 primaevis
1949 3408 2145 3450 Christia-

1187 3465 1248 3505 nis
1280 3464 1584 3517 appellarentur
1628 3465 1770 3505 fratres
1802 3477 1882 3504 non
1915 3464 2047 3506 solum
2082 3466 2145 3506 ol'-

1188 3521 1266 3562 licii
1300 3534 1432 3571 eausa,
1467 3520 1536 3560 secl
1565 3520 1681 3561 etiam
1715 3520 1766 3561 ob
1793 3521 2000 3562 honorem.
2060 3521 2141 3563 cfr.

1190 3576 1376 3628 Lipsius,
1420 3577 1468 3616 «le
1505 3576 1720 3618 Clementis
1755 3577 1919 3619 Romani
1962 3577 2145 3631 Epistola

1190 3633 1239 3673 ad
1285 3632 1515 3674 Corinthios
1552 3633 1689 3686 priore
1734 3633 1963 3689 disquisitio
2010 3647 2049 3689 p.
2079 3634 2146 3678 28.
