2340 3900
217 183 315 231 502
456 143 458 146 ·
526 178 752 226 HERMAE
791 177 1026 223 PASTOR.
1097 175 1257 223 LIBER
1287 176 1359 224 111.
1430 176 1651 223 StMlLIT.
1675 175 1742 221 VI.
1781 169 1851 232 (A)

215 321 315 365 loco
354 310 614 371 vescentia,⁷
652 316 680 361 ii
720 320 825 360 sunt
863 314 941 373 qui
965 313 1251 360 tradiderunt
1270 327 1319 360 se
1346 314 1527 374 quidem
1550 312 1724 360 deliciis
1762 325 1813 358 ac
1844 309 2164 370 voluptatibus,

217 386 326 432 nihil
361 398 468 430 vero
506 383 749 430 nefandum
787 383 831 428 in
869 381 1105 427 Dominum
1142 382 1283 428 locuti
1320 389 1437 428 sunt.
1510 382 1565 428 Hi
1602 381 1738 442 igitur
1763 373 1876 426 non⁸
1904 378 2168 425 defecerunt

218 470 241 500 a
278 453 491 508 veritate,
529 453 726 511 ideoque
766 451 1012 511 repositam
1049 449 1196 496 adhuc
1237 450 1404 497 habent
1448 465 1574 511 spem
1622 451 1736 495 vitae
1785 449 1830 494 in
1876 446 2167 508 poenitentia.

216 522 418 567 Desectio
457 521 573 566 enim
611 521 747 567 habet
779 533 904 580 spem
943 519 1137 579 aliquam
1189 512 1635 579 redintegrationis;⁹
1685 532 1810 563 mors
1862 529 1969 561 vero
2006 528 2168 576 perpe-

219 595 296 635 tuo
336 595 514 634 tenetur
562 586 777 635 interitu.‘
847 587 1039 632 Rursum
1087 588 1322 648 progressi
1371 602 1525 633 sumus
1574 587 1826 648 paululum,
1878 591 1923 631 et
1971 582 2172 629 ostendit

219 658 328 703 mihi
365 663 594 717 pastorem
631 670 868 717 magnum,
905 662 949 701 et
981 654 1102 701 velut
1156 663 1377 716 agrestem
1413 655 1604 715 figuram
1641 654 1909 710 habentem,
1961 652 2170 697 amictum

219 726 337 786 pelle
376 725 476 770 alba
515 726 712 785 caprina,
749 738 904 786 peram
933 730 1184 785 gestantem
1224 725 1268 769 in
1295 725 1501 779 humero,
1541 730 1585 769 et
1609 737 1743 768 manu
1760 723 1929 782 virgam
1951 720 2172 766 nodosam

220 800 264 840 et
298 788 428 839 valde
468 793 647 849 duram,
687 800 730 839 et
767 793 990 853 flagellum
1028 794 1072 838 in
1110 807 1267 847 manu,
1305 799 1536 852 aspectum
1585 797 1733 836 autem
1782 796 1955 835 trucem
1993 795 2040 833 et
2075 801 2172 833 sae-

219 876 322 907 vum
358 861 564 917 habebat,
602 868 652 907 ut
688 869 846 923 posset
880 868 1055 908 terrere
1091 863 1294 922 aliquos:
1285 855 1335 887 ·¹⁰
1386 861 1484 905 talis
1524 865 1622 904 erat
1657 863 1865 917 aspectus
1902 857 2015 944 eilus.
2087 854 2172 900 Hie

222 943 332 990 ergo
370 929 625 988 accipiebat
664 931 718 976 ab
754 931 830 978 illo
869 931 1027 976 iuvene
1064 937 1246 991 pastore
1286 942 1337 973 ea
1368 941 1551 1014 ΡοιοΞοιει,
1590 939 1706 1001 quae
1733 917 1954 970 delicias¹¹
1990 923 2175 983 quidem

221 997 424 1058 agebant,
463 998 545 1043 sed
579 1013 668 1045 non
706 998 1010 1054 exsultabant3
1046 1004 1091 1044 et
1127 988 1462 1056 compellebat¹²
1512 1008 1564 1040 ea
1600 994 1646 1039 in
1695 993 1990 1054 praecipitem
2023 992 2174 1038 locum

222 1065 445 1126 quendam
481 1079 532 1111 ac
571 1068 807 1128 spinosum
856 1066 1127 1126 tribulisque
1167 1064 1443 1118 confertum,
1480 1076 1626 1122 usque
1663 1062 1802 1117 adeo,
1838 1068 1890 1107 ut
1935 1061 1990 1107 de
2030 1061 2174 1121 spinis

222 1141 267 1180 et
304 1134 480 1180 tribulis
518 1149 568 1180 se
602 1150 693 1182 non
730 1142 920 1197 possent
966 1135 1221 1195 explicare3
1260 1133 1342 1178 sed
1379 1131 1596 1192 implicita
1644 1130 1705 1176 ibi
1742 1129 2048 1191 pascebantur
2085 1129 2174 1189 spi-

222 1203 291 1247 nis
318 1209 362 1248 et
388 1202 583 1259 tribulis,
612 1211 657 1250 et
683 1219 840 1265 graves
866 1204 1093 1248 cruciatus
1115 1200 1461 1261 experiebantur
1484 1213 1536 1245 ex
1568 1198 1834 1245 verberibus
1855 1199 1980 1244 eius:
2018 1196 2180 1257 agebat

224 1271 341 1316 enim
381 1284 446 1326 ea,
486 1278 531 1316 et
566 1286 650 1319 nec
688 1271 969 1318 consistendi
1004 1271 1070 1317 eis
1106 1271 1258 1316 locum
1294 1275 1370 1314 aut
1406 1275 1584 1328 tempus
1610 1267 1918 1328 permittebat.

361 1375 426 1436 (A)
464 1379 536 1424 111.
607 1375 629 1402 *
652 1380 759 1426 Cum
796 1380 996 1428 viderem
1036 1372 1162 1439 ergo¹
1200 1378 1266 1425 sic
1304 1393 1357 1424 ea
1393 1377 1611 1438 flagellari
1649 1384 1694 1424 et
1728 1377 1933 1427 miserias
1967 1375 2178 1436 experiri,

227 1446 432 1496 dolebam
470 1462 552 1507 pro
591 1449 670 1503 eis,
709 1449 814 1508 quia
850 1448 976 1494 valde
1015 1447 1362 1502 cruciabantur,
1398 1460 1484 1491 nec
1519 1446 1609 1492 ulla
1645 1447 1828 1506 requies
1869 1446 1936 1493 eis
1974 1445 2177 1491 dabatur.

223 1515 330 1560 Dico
368 1515 424 1559 ad
459 1522 688 1574 pastorem
726 1516 879 1571 illum,
919 1516 997 1575 qui
1035 1521 1132 1560 erat
1165 1528 1366 1560 mecum:
1402 1515 1525 1573 ‚quis
1560 1521 1643 1570 est,
1683 1515 1878 1570 domine,
1913 1514 1988 1560 hic
2022 1519 2179 1573 pastor

224 1589 311 1628 tam
349 1582 642 1642 implacabilis
677 1589 722 1628 et
760 1591 846 1629 tam
882 1597 1084 1638 amarus,
1137 1583 1214 1641 qui
1251 1583 1373 1627 nullo
1424 1583 1561 1627 modo
1614 1575 1928 1630 miseratione²
1974 1587 2179 1631 movetur

223 1651 440 1698 adversus
477 1651 590 1696 haec
629 1665 797 1710 pecora
813 1651 849 1695 2‘
886 1649 1015 1707 ‚Hic‚‘
1051 1651 1208 1710 inquit,
1246 1656 1444 1710 ,pastor,
1483 1643 1559 1695 de³
1597 1652 1728 1700 iustis
1777 1651 1957 1710 quidem
1995 1649 2177 1697 nuntius

225 1725 306 1773 est,
347 1718 428 1763 sed
465 1719 750 1778 praepositus
789 1733 977 1778 poenae.
1051 1718 1167 1763 Huic
1218 1732 1327 1777 ergo
1382 1718 1646 1772 traduntur,
1685 1719 1762 1778 qui
1797 1733 1822 1763 a
1858 1718 1948 1766 Deo
1998 1717 2177 1765 aberra-

222 1778 430 1839 verunt‚‘²
478 1793 522 1831 et
569 1786 824 1832 servierunt
874 1787 1111 1832 desideriis
1165 1799 1216 1830 ac
1264 1786 1568 1844 voluptatibus
1622 1786 1766 1833 seculi
1811 1786 1962 1833 huius.
2045 1785 2180 1834 Punit

223 1866 333 1912 ergo
383 1865 490 1908 eos,
538 1853 656 1898 sieut
706 1855 871 1899 meruit
918 1853 1234 1912 unusquisque
1282 1867 1466 1908 eorum,
1521 1854 1664 1899 saevis
1712 1853 1938 1911 variisque
1986 1850 2180 1912 poenis.‘

222 1918 438 1976 ,Vellem‚‘
478 1921 676 1979 inquam,
713 1935 892 1997 ‚·nosse,
933 1914 1150 1976 domine‚⁵
1187 1921 1332 1966 varias
1367 1921 1449 1965 has
1486 1934 1670 1980 poenas,
1710 1920 1963 1967 cuiusmodi
1998 1918 2180 1971 essent!

221 1985 382 2042 ,Audi,‘
419 1988 586 2047 inquit:
622 1989 786 2045 ,variae
824 2003 998 2049 poenae
1046 1995 1181 2048 atque
1222 1994 1444 2038 tormenta
1482 1989 1594 2034 haec
1633 1995 1758 2046 sunt,
1808 2001 1923 2048 quae
1970 1987 2180 2037 homines

221 2074 357 2141 μένοι
394 2076 513 2127 εἰσὶν
549 2074 645 2129 ἀπὸ
680 2083 768 2141 τῆς
802 2075 1062 2144 ἀληθείας·
1111 2077 1164 2128 ἐν
1174 2074 1387 2163 τούτοις
1434 2077 1568 2139 ἐλπίς
1613 2077 1712 2128 ἐστι
1755 2077 2024 2142 μετανοίας,
2060 2076 2115 2128 ἐν
2145 2070 2181 2148 ᾗ

222 2142 454 2196 δύνανται
489 2148 640 2212 ζῆσαι.
712 2145 777 2197 Ἡ
804 2143 1100 2235 καταφθορὰ
1136 2166 1227 2199 ουν
1261 2147 1431 2198 ἐλπίδα
1451 2147 1540 2212 ἔχει
1576 2143 1880 2206 ἀναστάσεως
1915 2166 2006 2207 εως
2040 2128 2178 2211 (dele')

220 2210 378 2276 τινός·
405 2212 433 2265 ὅ
453 2213 505 2265 δὲ
526 2213 744 2277 θάνατος
767 2213 1045 2267 ἀπώλειαν’
1030 2216 1122 2281 ε’χει
1142 2213 1353 2267 αἰώνιον.
1415 2216 1577 2268 Πάλιν
1596 2215 1868 2284 προέβημεν
1883 2211 2072 2284 μικρὸν,
2096 2215 2181 2267 καὶ

223 2283 439 2336 δείκνυσί
469 2303 553 2348 μοι
586 2284 747 2347 ἕτερον
790 2285 995 2350 ποιμένα
1031 2285 1206 2353 μέγαν,
1244 2307 1311 2346 ως
1346 2281 1515 2354 ἄγριον
1559 2289 1618 2350 τῆ
1671 2285 1796 2358 ἰδέᾳ,
1847 2285 2180 2369 περικείμενον

223 2350 372 2417 δέρμα
385 2353 567 2436 οιῖγιον
601 2351 788 2415 λευκὸν,
826 2354 909 2405 καὶ
944 2352 1106 2421 πήραν
1140 2373 1248 2405 τινα
1284 2351 1405 2439 εἶχεν
1441 2355 1518 2406 ε’πι
1553 2335 1638 2405 τδν
1673 2349 1830 2429 ὦμον,
1877 2354 1960 2405 καὶ
1995 2350 2180 2420 ραβδον

224 2415 435 2485 σκληραν
467 2422 603 2482 λίαν,
639 2423 722 2473 καὶ
755 2420 897 2483 όζους
931 2424 1159 2514 ε’χουσαν,
1195 2423 1280 2476 καὶ
1314 2419 1368 2474 τὸ
1414 2424 1602 2509 βλέμμα
1647 2419 1768 2489 εἶχεν
1811 2419 2013 2510 πικρὸν,
2061 2421 2180 2476 ὥστε

225 2489 517 2572 φοβηθῆναί
550 2509 608 2554 με
644 2488 808 2541 αὐτόν.
887 2485 1045 2552 Οὗτος
1092 2484 1183 2542 ουν
1218 2489 1246 2542 ὁ
1279 2490 1464 2556 ποιμὴν
1499 2491 1836 2576 παρελάμβανε
1867 2490 1925 2542 τὰ
1958 2488 2180 2556 πρόβατα

225 2552 323 2606 ἀπὸ
359 2560 447 2606 τοῦ
482 2558 710 2622 ποιμένος
753 2563 841 2608 τοῦ
876 2578 1070 2622 πρωτου
1106 2564 1192 2609 τοῦ
1229 2562 1513 2622 νεανίσκου,
1564 2561 1722 2612 ἐκεῖνα
1771 2557 1830 2611 τὰ
1865 2563 2181 2611 σπαταλῶντα

224 2623 306 2678 καὶ
341 2630 625 2707 τρυφῶντα,
649 2625 729 2712 μὴ
768 2632 1030 2689 σκιρτῶντα
1083 2626 1163 2689 δὲ,
1198 2627 1281 2678 καὶ
1333 2629 1531 2693 ἔβαλλεν
1578 2625 1701 2679 αὐτὰ
1750 2629 1818 2687 εἴς
1869 2647 1976 2679 τινα
2027 2625 2178 2679 τόπον

224 2689 483 2776 κρημνώδη
518 2694 602 2747 καὶ
638 2692 905 2779 ἆκανθώδη
941 2695 1025 2746 καὶ
1059 2693 1352 2781 τριβολωδη·
1392 2694 1510 2748 ὥστε
1546 2693 1643 2747 απὸ
1679 2701 1777 2748 τῶν
1814 2693 2054 2750 ἀκανθῶν
2094 2717 2176 2749 και

222 2759 456 2846 τριβόλων
491 2760 555 2828 μὴ
601 2761 848 2815 δύνασθαι
896 2763 1115 2825 ἔκπλέξαι
1160 2761 1219 2815 τὰ
1264 2762 1508 2830 πρόβατα,
1560 2762 1654 2817 ἀλλ’
1707 2763 2052 2851 ἐμπλέκεσθαι
2073 2771 2179 2826 ταῖς

223 2825 466 2916 ἀκάνθαις
500 2851 581 2882 και
627 2830 890 2898 τριβόλοις,
927 2833 1011 2884 καὶ
1044 2834 1153 2883 λίαν
1189 2831 1546 2898 ἐταλαιπώρουν
1582 2830 1814 2920 δερόμενα
1847 2830 1934 2920 ’ὗπί
1991 2831 2173 2887 αὐτοῦ

222 2918 395 3016 καὲἱη
342 2890 436 2950 ωδε
467 2896 612 2950 κάκεῖ
635 2901 941 2969 περιέλαυνεν
962 2899 1108 2952 αὐτα·
1147 2902 1230 2953 καὶ
1255 2900 1378 2962 όλως
1398 2899 1671 2954 ἆναπαυσιν
1690 2900 1855 2963 αὐτοῖς
1879 2899 1971 2954 οὐκ
1993 2902 2174 2974 ἐδίδου,

225 2986 283 3017 ου
319 2965 338 3016 ὲ
368 2967 573 3019 ισταντο.
1712 2995 1720 3002 ·

308 3105 352 3158 7)
381 3109 875 3148 multantes—vescentes
889 3107 1092 3157 Vat.‚dein
1109 3110 1166 3148 hii
1225 3111 1381 3154 humero
1414 3114 1451 3149 et
1484 3111 1525 3150 in
1553 3122 1670 3153 manu
1713 3111 1864 3161 virgam
1902 3108 2095 3152 nodosam
2134 3114 2173 3149 et

221 3173 262 3213 p.
291 3162 335 3210 ii,
368 3161 410 3201 in
441 3164 518 3203 fine
549 3166 590 3204 in
620 3165 774 3204 domino
807 3165 922 3204 locuti
954 3169 1053 3203 sunt.
1223 3166 1466 3205 vehementer
1515 3167 1652 3209 durum
1696 3165 1896 3217 flayellum
1945 3165 1986 3210 in
2043 3175 2171 3208 manu.

309 3217 353 3269 8)
388 3230 464 3258 non
496 3225 536 3258 et
554 3231 645 3267 mox
675 3231 781 3278 spem
804 3231 879 3264 om.
898 3220 995 3268 Vat„
1028 3220 1067 3258 in
1090 3220 1166 3259 fine
1224 3220 1427 3272 Aspectum
1470 3227 1598 3261 autem
1639 3233 1812 3260 amarum
1852 3223 1889 3259 et
1933 3230 2060 3259 sevum
2095 3220 2172 3258 ha-

223 3278 284 3312 est
311 3274 579 3324 penitentiam.
619 3275 664 3314 In
694 3274 847 3324 'graecis
873 3287 1032 3326 quoque
1056 3275 1169 3314 deest
1226 3277 1335 3315 bebat
1365 3281 1408 3315 ut
1441 3277 1576 3331 possit
1604 3272 1758 3316 horrere
1789 3274 1936 3327 aliquis
1964 3269 2050 3314 vat,

222 3324 316 3367 οὐκ.
349 3327 519 3369 Sensus:
544 3329 1167 3381 defeceruntquidemaveritate‚
1314 3331 1382 3381 11)
1414 3328 1564 3372 deliciis
1593 3330 1678 3371 vat.
1729 3329 1884 3370 Excidit
1912 3328 2032 3370 haud
2051 3328 2171 3372 dubie

222 3394 315 3432 spes
347 3389 475 3423 autem
509 3384 557 3423 iis
587 3390 649 3424 est
683 3390 758 3424 etc.
1222 3397 1361 3437 praep.
1391 3387 1444 3424 in.

306 3439 350 3487 9)
381 3440 701 3490 reinteyrationis
715 3440 815 3489 Vat„
845 3446 928 3480 tum
953 3452 1056 3480 mors
1077 3451 1166 3485 vero
1269 3439 1380 3487 ··12)
1409 3441 1681 3494 compellebam
1711 3439 1820 3489 vat„
1854 3438 2060 3494 dein0exll.
2092 3441 2165 3479 Us-

223 3492 265 3529 in
292 3499 476 3544 perpetuo
507 3499 657 3535 tenetur
686 3496 858 3535 interitu.
1223 3506 1293 3547 que
1327 3495 1420 3535 adeo
1448 3496 1494 3534 de
1533 3495 1658 3546 spinis
1701 3499 1737 3534 et
1767 3496 1922 3535 tribulis
1963 3504 2051 3536 non
2068 3508 2168 3547 pos-

308 3547 378 3598 10)
410 3553 444 3588 et
463 3551 574 3590 velud
599 3555 789 3601 aqrestam
807 3551 969 3612 fiyuram
988 3551 1169 3590 amictum
1223 3554 1306 3588 sent
1322 3561 1363 3589 se
1382 3551 1600 3601 explicare·
1635 3551 1702 3588 sed
1720 3551 1912 3602 implicita
1927 3552 1984 3591 ibi
1997 3563 2167 3602 pascen-

218 3599 319 3650 pelle
369 3604 459 3644 alba
497 3617 696 3656 caprinam
722 3618 858 3656 peram
887 3598 1099 3656 yes‘tantem
1125 3606 1167 3644 in
1224 3609 1286 3644 tur
1314 3605 1450 3656 spinas
1482 3611 1518 3645 et
1547 3606 1709 3645 tribulos
1742 3611 1777 3646 et
1807 3618 1942 3656 yraves
1971 3608 2167 3647 eruciatus
