2340 3900
603 209 812 258 mus-ru
845 207 1115 256 nmsrom
1150 210 1220 256 An
1258 175 1547 259 annonam,
1600 208 1673 256 lx.
2019 204 2116 255 321

155 341 480 411 probabilem¹²
511 349 648 396 Pater
682 347 853 396 Christi
901 361 1012 395 aevo
1061 346 1271 409 longiore
1322 363 1406 411 per
1452 349 1603 412 ipsum
1650 347 1939 411 Unigenitum
1984 360 2122 395 suum⁴

153 420 386 535 gpsgdiat
426 418 485 466 ad
526 416 769 534 utilitatem
802 408 1085 465 Ecclesiae-¹⁸
1158 415 1403 465 Incolumis
1452 420 1500 466 in
1534 419 1727 467 Domino
1777 431 1859 467 ora
1905 430 1992 479 pro
2026 429 2118 474 me,

919 628 1334 635 ————-——-—--

457 843 521 885 An
550 842 818 886 nrm-:stus
876 842 942 884 DE
974 842 1207 893 UNITATE,
1240 840 1451 883 SCRIPTA
1482 841 1547 882 EX
1579 841 1813 884 SMYRNA.¹

290 946 514 1007 lgnatiuS,
550 947 627 1008 qui
663 940 732 993 et²
766 946 1098 1009 Theophorus,
1149 945 1441 1003 benedictae,
1489 939 1821 1007 magnitudine⁸
1857 946 1937 994 Dei
1974 946 2119 994 Patris

357 1015 585 1078 repletae,
622 1023 671 1063 et
698 1016 1061 1078 praedestinatae
1098 1023 1202 1064 ante
1236 1014 1419 1071 secula,
1463 1020 1515 1062 ut
1552 1015 1611 1061 sit
1647 1009 1851 1076 semper⁴
1886 1017 1932 1063 in
1969 1018 2120 1078 singu-

356 1084 443 1133 lari
488 1085 657 1148 gloria,
706 1084 1096 1143 inconvertibiliS,
1142 1093 1190 1133 et
1242 1086 1462 1141 adunata,
1506 1091 1553 1131 et
1601 1082 1769 1141 electa,
1823 1085 1868 1132 in
1906 1087 2120 1148 passione

358 1169 497 1213 vera,
544 1157 591 1203 in
624 1155 856 1203 voluntate
891 1155 970 1202 Dei
1007 1155 1153 1202 Patris
1188 1162 1235 1203 et
1267 1154 1443 1202 Domini
1477 1153 1625 1201 nostri
1662 1152 1767 1200 Iesu
1803 1148 1990 1202 Christi⁶
2027 1154 2120 1203 Sal·

355 1225 549 1284 valoris,
597 1224 832 1273 Ecclesiae
880 1218 1183 1272 beatitudine⁸
1232 1223 1420 1286 dignae,
1466 1237 1583 1287 quae
1632 1229 1705 1270 est
1752 1223 1918 1286 Ephesi
1972 1224 2119 1282 Asiae,

357 1289 620 1358 plurimam'
657 1296 703 1342 in
740 1294 843 1342 lesu
878 1294 1061 1342 Christo
1098 1301 1143 1341 et
1179 1294 1465 1342 immaculato
1501 1292 1667 1355 gaudio
1706 1292 1911 1341 salutem.

288 1419 321 1466 l.
392 1419 658 1483 Suscipiens
706 1427 905 1467 vestmm
955 1420 1000 1466 in
1039 1419 1132 1466 Deo
1179 1419 1368 1466 inultum
1415 1417 1719 1466 desiderabile
1754 1431 1947 1475 nomen,
1996 1420 2119 1479 quod

150 1489 423 1551 possedistis
457 1496 617 1537 natura
653 1489 794 1547 iusta,
831 1488 1084 1536 secundum
1122 1487 1259 1536 iidem
1296 1496 1341 1534 et
1377 1487 1666 1535 dilectionem
1718 1486 1763 1532 in
1802 1486 1982 1534 Christo
2017 1488 2118 1536 Iesu

151 1558 382 1606 Salvatore
416 1565 605 1616 nostro;
657 1572 761 1606 cum
814 1559 914 1606 sitis
951 1558 1202 1605 imitatores
1239 1557 1534 1604 humanitatis
1570 1555 1675 1613 Dei,
1723 1549 1793 1603 ut⁸
1827 1555 2039 1604 vivificati
2074 1559 2119 1605 in

148 1629 369 1690 sanguine
405 1627 601 1685 Christi,
648 1628 988 1690 congenuinum
1025 1642 1140 1690 opus
1177 1619 1405 1690 perlecte⁹
1441 1631 1766 1674 consummate.
1834 1621 2121 1676 Audientes¹⁰

148 1698 269 1744 enim
314 1710 389 1745 me
438 1698 639 1745 vinctum
689 1698 745 1745 de
780 1696 913 1761 Syria
959 1712 1045 1760 pro
1092 1698 1302 1756 Christo,
1348 1690 1467 1786 spe¹¹
1516 1696 1773 1752 communi,
1811 1695 2120 1745 confidentem

148 1765 434 1814 orationibus
480 1768 672 1825 vestris,
725 1774 777 1815 ut
819 1782 1000 1816 merear
1034 1766 1201 1816 Romae
1254 1760 1376 1815 cum¹
1446 1766 1606 1813 bestiis
1653 1765 1897 1813 dimicare:
1949 1774 2001 1814 ut
2035 1782 2122 1829 per

147 1837 415 1899 martyrium
448 1838 622 1899 possim
657 1837 910 1900 discipulus
959 1831 1099 1885 eius¹⁸
1144 1851 1275 1896 esse,
1326 1837 1404 1926 (ἔυί
1446 1850 1533 1898 pro
1570 1835 1703 1882 nobis
1748 1836 1950 1897 seipsum
1988 1835 2118 1884 obtu-

148 1899 234 1952 lit¹⁴
269 1905 364 1954 neo
399 1905 617 1965 bostiam,
650 1914 697 1955 et
730 1906 1006 1955 oblationem
1045 1908 1090 1954 in
1128 1901 1334 1955 odorem¹
1393 1906 1541 1953 bonae
1579 1905 1828 1954 suavitatis,
1900 1905 2118 1962 Quoniam

149 1989 261 2037 ergo
297 1976 481 2038 suscepi
513 1976 847 2024 multitudinem
882 1983 1079 2024 vestram
1116 1978 1161 2023 in
1197 1976 1381 2023 nomine
1418 1974 1498 2022 Dei
1538 1976 1583 2021 in
1621 1966 1900 2030 Onesimo‚¹⁶
1949 1974 2116 2022 dilecto

150 2052 453 2108 praeceptore
497 2053 689 2104 nostro,
745 2053 899 2094 vestro
959 2053 1108 2093 autem
1153 2045 1407 2108 Episcopo,
1470 2043 1666 2091 obsecro
1712 2056 1817 2090 eum
1864 2044 2117 2092 secundum

152 2113 301 2161 lesum
338 2114 569 2163 Christum
614 2114 805 2178 diligere
851 2129 958 2172 vos,
1005 2122 1052 2163 et
1095 2129 1175 2163 vos
1222 2129 1382 2163 omnes
1431 2115 1478 2160 in
1516 2112 1767 2160 concordia
1799 2113 1899 2160 eius
1935 2115 1983 2161 in
2015 2114 2118 2176 ipso

151 2198 271 2231 esse.
341 2183 615 2233 Benedictus
650 2185 773 2233 enim
809 2185 952 2243 Deus,
999 2185 1079 2246 qui
1115 2184 1244 2232 vobis
1283 2184 1444 2233 talibus
1498 2182 1630 2230 talem
1667 2182 1944 2245 Episcopum
1981 2183 2119 2232 dona-

150 2254 213 2300 vit
246 2252 419 2303 babere
453 2254 499 2303 in
534 2254 731 2303 ssiristo.

293 2378 348 2426 ll.
416 2380 507 2428 Pro
551 2394 776 2428 conservo
824 2386 973 2428 autem
1024 2386 1183 2427 nostro
1231 2378 1402 2436 Burro,
1450 2377 1702 2426 secundum
1739 2378 1879 2425 Deum
1926 2377 2120 2427 diacono

151 2456 303 2497 vestro
337 2455 386 2496 et
416 2450 460 2497 in
494 2448 709 2498 omnibus
744 2448 1014 2507 benedicto,
1065 2449 1292 2511 deprecor
1327 2461 1598 2510 permanere
1645 2461 1749 2494 eum
1787 2447 2121 2497 immaculatum

153 2520 197 2565 in
233 2518 411 2566 bonore
445 2517 676 2567 Ecclesiae
710 2526 757 2567 et
790 2518 1041 2566 beatissimi
1076 2517 1291 2580 Episcopi
1326 2518 1480 2565 vestri.
1551 2516 1723 2564 Crocus
1771 2530 1880 2564 vero
1915 2518 2007 2566 Deo
2057 2519 2123 2566 di-

151 2601 294 2650 gnus,
346 2602 482 2650 quem
531 2596 746 2652 tanquam
782 2587 1014 2651 exemplar
1045 2586 1301 2635 dilectionis
1348 2594 1526 2636 vestrae
1565 2587 1770 2649 suscepi,
1821 2587 1867 2634 in
1912 2588 2123 2636 omnihus

152 2670 225 2706 me
261 2656 451 2717 refecit,
498 2664 546 2707 et
575 2664 780 2708 catenam
825 2671 974 2708 meam
1011 2671 1103 2706 non
1151 2651 1378 2716 erubuit‚¹
1428 2656 1564 2705 simul
1608 2670 1713 2704 cum
1750 2655 2039 2719 Onesiphoro
2077 2666 2124 2707 et

241 2848 313 2903 η)
341 2849 400 2890 ιι.
429 2849 460 2890 ι·
479 2848 575 2898 ov,
603 2838 709 2892 οὖσι
745 2848 821 2891 nn
853 2848 966 2890 voss.
1254 2847 1299 2898 5)
1338 2846 1481 2889 christi
1513 2860 1591 2888 om.
1627 2846 1722 2898 neg.

240 2903 401 2958 eamn.
424 2900 536 3001 ns'
665 2904 711 2953 11,
730 2904 961 2958 nsecundis
987 2904 1111 2946 curis.
1253 2902 1299 2956 6)
1333 2905 1568 2945 beatitudini
1598 2903 1691 2955 Reg-

243 2960 289 3013 2)
318 2960 377 3003 lta
408 2959 442 3002 0
489 2973 502 3012 3
589 2961 769 3004 ἔπαυσε
800 2960 1050 3002 BFRVoss.
1255 2959 1305 3068 87)
1334 2960 1506 3057 ρὶιιῆἰωα
1540 2959 1623 3001 Pal.

1333 3021 1370 3056 et
1434 3029 1455 3057 e
1485 3047 1494 3057 .

248 3071 319 3125 12)
347 3072 550 3125 probate-⁸
580 3072 674 3125 Res.
1254 3073 1301 3124 9)
1329 3074 1388 3113 vel
1415 3030 1621 3114 anemalata
1651 3069 1791 3111 inserit
1822 3068 1904 3110 Pal.

248 3128 319 3180 1³)
352 3142 423 3170 su
452 3128 547 3170 add.
583 3128 667 3170 Pal.
1261 3127 1331 3180 10)
1365 3129 1547 3169 audiente
1579 3128 1663 3168 Pal.

250 3184 319 3238 u)
349 3184 391 3226 ln
421 3184 505 3226 Pol.
532 3185 821 3227 subscribitur:
863 3185 1031 3238 Explicit
1064 3186 1115 3225 ad
1265 3183 1307 3225 11
1363 3189 1401 3224 et
1432 3197 1499 3238 spe
1534 3185 1615 3225 Pal.

161 3242 345 3294 hro-en
373 3242 612 3295 discip-tu
641 3242 892 3284 masech-e
927 3242 1114 3283 ecclesiae
1262 3238 1311 3280 12
1361 3252 1447 3281 cum
1478 3240 1562 3281 des.
1594 3239 1633 3280 in
1664 3238 1746 3280 l’al.
1781 3237 1876 3288 neg.

162 3298 370 3340 duem
411 3302 448 3338 et
478 3310 741 3341 succentore-
771 3311 907 3348 om,
949 3297 988 3338 in
1020 3297 1113 3349 fleg.
1260 3294 1308 3336 ¹3
1362 3296 1450 3338 eius
1479 3294 1784 3349 snprsadditum
1815 3292 1854 3334 in
1868 3292 1962 3345 fleg.
2002 3292 2122 3335 Deest

165 3352 334 3409 Eaeptict't
363 3352 408 3395 Χ.
1172 3351 1309 3404 snbsq.
1338 3363 1424 3393 ense
1454 3350 1494 3392 in
1526 3351 1609 3393 Pal.

251 3408 294 3463 1)
326 3409 473 3465 Incipit
503 3411 682 3453 eiusdem
711 3412 763 3452 od
796 3412 954 3464 effesios
966 3411 1115 3463 scripta
1260 3406 1332 3458 1⁴)
1362 3408 1502 3448 obtulit
1534 3409 1704 3460 seipsum
1735 3404 1836 3447 ordo
1870 3403 1908 3445 in
1927 3404 2020 3458 Reg.
2062 3404 2123 3447 Cf.

163 3466 211 3506 de
240 3478 399 3519 nmo
426 3466 756 3516 denudotel'al„
789 3467 934 3521 Incipit
948 3465 1001 3507 11
1019 3465 1112 3514 Rea.
1173 3464 1272 3518 Epln.
1306 3464 1345 3512 5,
1377 3464 1414 3504 2.

248 3522 296 3631 Ξ)
322 3528 362 3619 3
389 3523 661 3634 who
694 3579 779 3622 Pal.
1263 3520 1331 3629 13)
1358 3517 1679 3617 ῧὲζῖίνῐέιιΡιΙ.
1710 3574 1805 3625 fleg.

253 3635 300 3687 4)
330 3648 481 3689 semper
511 3634 806 3692 (subnotatum)
844 3642 885 3678 ut
926 3639 976 3678 sit
1015 3647 1114 3677 sem-

164 3705 236 3745 per
264 3692 358 3742 Rex.
1259 3690 1356 3744 Cap.
1391 3688 1437 3731 ll.
1500 3686 1542 3742 1)
1573 3687 1599 3730 2
1622 3687 1723 3730 Tim.
1758 3686 1794 3738 1,
1827 3684 1891 3730 16.

279 3761 434 3804 l’nass
465 3773 608 3807 nost.
1725 3756 1777 3800 21
