2340 3900
391 576 865 670 ALssEn'rUS
918 592 1124 667 RUD.
1179 590 1402 666 MAx.
1455 592 1856 669 DRESSEL

885 745 1190 797 LECTURIS
1226 745 1273 797 S.
1308 746 1359 797 P.

278 903 473 952 Patnun
507 899 903 966 Apostolicorum
927 899 1090 950 ‘editio
1127 899 1428 950 coteleriana
1465 902 1711 951 communi
1745 902 2107 968 Theologorum

140 971 315 1022 iudicio
353 971 482 1021 inter
514 969 933 1036 praestantissima
969 969 1170 1019 istiusce
1196 968 1471 1018 literattuae
1497 985 1644 1034 opera
1679 978 1916 1021 censetur.
1987 972 2107 1022 Eam

138 1056 253 1092 sane
288 1039 459 1106 perdiu
495 1038 671 1090 meruit
702 1038 905 1101 laudem,
940 1044 989 1089 et
1013 1037 1362 1103 interpretandi
1400 1044 1529 1099 arte,
1566 1045 1614 1088 et
1647 1039 1975 1089 subsidiorum
2009 1041 2107 1091 cri-

140 1110 347 1160 ticorum
381 1108 522 1175 copia
555 1114 699 1174 atque
732 1123 824 1162 usu
871 1124 968 1174 quo
1020 1107 1222 1158 excellit.
1294 1108 1602 1172 Quapropter
1650 1107 1828 1158 mirum
1877 1126 1975 1158 non
2016 1117 2106 1170 est,

140 1179 269 1245 quod
306 1178 444 1228 multi
480 1178 601 1228 adeo
638 1176 973 1243 opinabanttw,
1012 1183 1195 1226 textum
1231 1177 1322 1227 ΡΡ.
1358 1176 1625 1242 Apostolic.
1669 1176 1765 1226 iam
1818 1178 1867 1226 in
1902 1194 1993 1227 una
2031 1179 2108 1228 illa

137 1245 350 1299 editione
382 1245 669 1313 praesertim
704 1261 794 1311 per
824 1246 893 1296 Io.
930 1245 1171 1297 Clericum
1208 1245 1454 1311 recognita
1489 1246 1554 1295 ita
1590 1246 1739 1295 fuisse
1777 1246 2108 1307 constitutum,

139 1324 191 1368 ut
219 1316 269 1367 in
304 1333 364 1367 eo
399 1316 706 1383 acquiescere
741 1331 1012 1381 possemuS.
1065 1316 1240 1365 Verum
1278 1316 1525 1365 enimvero
1563 1316 1657 1364 hoc
1679 1330 2018 1381 usquequaque
2042 1315 2109 1366 ita

138 1403 271 1446 esse,
313 1384 545 1451 praesens
578 1392 711 1435 aetas
744 1385 871 1435 haud
904 1385 1110 1451 amplius
1146 1384 1320 1443 sentit,
1357 1383 1448 1434 etsi
1500 1384 1627 1433 nulla
1665 1384 1970 1449 Scriptorum
2004 1385 2106 1435 aevi

140 1453 405 1521 Apostolici
443 1454 594 1505 editio
630 1453 875 1505 laboribus
898 1454 1128 1505 Cotelerii
1164 1460 1307 1520 atque
1333 1449 1507 1503 Clerici
1537 1469 1702 1503 carere
1722 1453 1917 1518 poterit.
1988 1454 2106 1503 Ete-

139 1524 240 1574 nim
276 1540 331 1574 re
365 1523 635 1574 accuratius
669 1539 909 1589 perpensa
943 1524 1079 1574 facile
1117 1530 1336 1589 apparet,
1375 1539 1474 1572 non
1511 1523 1669 1572 solum
1706 1522 1756 1571 in
1795 1522 1986 1584 critica,
2021 1523 2107 1572 sed

137 1593 284 1643 etiam
321 1593 371 1643 in
406 1593 819 1659 exegetica-parte
854 1609 954 1643 non
991 1593 1105 1643 illud
1141 1608 1249 1642 eam
1285 1591 1439 1642 ubivis
1464 1598 1725 1657 praestare,
1763 1592 1890 1657 quod
1923 1591 1973 1640 in
2011 1593 2106 1642 hoc

134 1678 310 1729 genere
333 1662 429 1712 iam
451 1668 713 1727 expetatur.
781 1663 970 1729 Quippe
991 1662 1033 1712 si
1071 1679 1139 1725 ea,
1177 1677 1297 1728 quae
1334 1661 1393 1710 ad
1431 1662 1554 1710 hanc
1590 1660 1777 1709 illamve
1814 1660 2109 1726 Theologiae

136 1731 439 1797 disciplinam
475 1737 717 1796 spectant,
762 1732 952 1782 veritati
998 1731 1152 1797 magis
1188 1737 1511 1781 consentanea
1566 1728 1818 1778 diiudicari
1856 1729 2107 1789 dehebant,

137 1816 280 1867 quam
316 1801 467 1851 nimio
489 1800 718 1851 Cotelerii
753 1801 964 1867 partium
1002 1800 1162 1850 studio
1199 1800 1304 1850 fieri
1335 1799 1515 1864 potuit,
1553 1804 1710 1848 textus
1745 1814 1936 1865 quoque
1971 1798 2105 1849 Scri-

138 1878 332 1936 ptorum
350 1869 442 1920 alia
455 1884 625 1919 norma
647 1877 792 1936 atque
813 1870 1002 1920 ratione
1025 1870 1084 1919 ad
1097 1869 1305 1920 certiora
1329 1869 1638 1918 fundamenta
1662 1868 1962 1917 revocandus
1989 1875 2106 1917 erat.

136 1938 228 2001 Qui
264 1938 454 1990 decimo
491 1937 700 2004 septimo
727 1954 784 1989 ac
812 1938 1003 1989 decimo
1029 1945 1198 1988 octavo
1222 1939 1428 1998 saeculo,
1451 1944 1500 1986 et
1519 1936 1671 1997 antea,
1697 1936 1931 1986 Codicum
1960 1953 2104 1986 manu

138 2007 432 2073 scriptorum
455 2006 694 2072 praesidia
716 2007 777 2057 ad
799 2008 984 2058 huncce
1008 2014 1191 2057 textum
1212 2006 1566 2056 emendandum
1593 2005 1961 2065 contulerunt,ii
1984 2021 2103 2071 pro-

138 2079 265 2127 fecto
291 2091 390 2126 non
411 2091 609 2126 omnem
632 2076 903 2142 scripturae
930 2076 1210 2126 varietatem
1237 2074 1587 2139 proponebant,
1613 2074 1699 2122 sed
1719 2089 1824 2122 eam
1844 2074 1944 2123 fere
1982 2090 2102 2140 quae

140 2161 230 2212 pro
267 2145 485 2212 ipsonuu
520 2151 663 2210 captu
697 2144 830 2195 utilis
867 2145 1115 2195 videbatur
1149 2144 1209 2193 ad
1239 2159 1343 2193 rem
1379 2150 1520 2209 atque
1556 2150 1678 2208 apta,
1715 2141 1913 2208 reliquis
1943 2142 2104 2192 omni-

141 2214 230 2265 bus
266 2213 423 2280 iisque
459 2212 585 2263 haud
622 2228 734 2264 raro
768 2213 970 2279 optimis
1019 2212 1165 2262 variis
1198 2211 1486 2262 lectionibus
1524 2210 1717 2261 silentio
1753 2217 1895 2277 atque
1933 2211 2104 2260 oblivi-

138 2298 233 2334 one
276 2282 450 2332 iterum
486 2282 702 2347 sepultis.
770 2283 997 2332 Attamen
1031 2287 1262 2348 quantum
1298 2280 1419 2330 lucis
1455 2280 1640 2346 integra
1677 2279 1970 2344 supellectile
2006 2280 2105 2329 cri-

138 2352 228 2402 tioe
264 2350 355 2417 ipsi
393 2358 551 2401 textus
586 2349 846 2402 intellectui
881 2350 1058 2411 afferri,
1093 2355 1323 2416 quantum
1355 2349 1662 2398 tenebrarum
1713 2363 1882 2397 manca
1919 2348 2108 2399 ratione

136 2420 303 2471 critica
324 2418 526 2470 diffundi
550 2425 694 2485 queat
726 2434 782 2469 ac
817 2419 1002 2482 debeat,
1038 2434 1222 2479 omneS,
1259 2417 1432 2483 quibus
1463 2417 1604 2467 huius
1640 2416 1710 2467 rei
1747 2416 1975 2467 iudicium
2015 2426 2104 2478 est,

138 2489 282 2540 hodie
303 2503 587 2555 persuasum
612 2487 806 2539 habent.
865 2488 1032 2540 Critici
1057 2486 1287 2538 iudicium
1314 2493 1473 2536 textus
1495 2485 1886 2536 emendationem
1911 2487 2107 2553 attingit

135 2566 280 2625 atque
315 2556 563 2624 mtcsadt,
597 2557 713 2608 boni
750 2558 957 2609 Codices
993 2572 1139 2608 manu
1177 2555 1347 2622 scripti
1384 2556 1587 2606 eandem
1623 2555 1903 2620 perficiunt,
1940 2556 2104 2606 absol-

138 2634 264 2688 mut,
300 2642 462 2677 veram
497 2626 719 2678 reddunt.

274 2697 407 2758 Quae
442 2710 553 2746 cum
588 2695 654 2747 ita
690 2695 803 2758 sint,
837 2695 1014 2747 abhinc
1049 2694 1215 2762 viginti
1254 2694 1394 2745 annis
1431 2710 1488 2743 ex
1524 2693 1665 2744 beato
1687 2694 1903 2759 Augusto
1939 2694 2086 2744 Nean-

137 2767 227 2817 dro
264 2764 501 2832 quaesivi,
546 2765 720 2832 ecquid
754 2781 929 2832 operae
965 2764 1179 2831 pretium
1216 2770 1419 2830 putaret,
1471 2763 1511 2813 si
1562 2769 1676 2828 post
1712 2763 2010 2814 Cotelerium
2048 2771 2096 2813 et

137 2835 377 2887 clericum
413 2849 536 2884 nova
571 2834 662 2885 ΡΡ.
698 2834 1094 2902 Apostolicorum
1143 2833 1293 2884 editio
1330 2833 1669 2894 adornaretur,
1713 2848 1863 2898 eaque
1915 2833 2099 2883 criticis

135 2903 454 2966 adminiculis,
489 2919 610 2970 quae
645 2903 695 2955 in
729 2904 962 2956 Romanis
995 2902 1312 2954 Bibliothecis
1363 2901 1612 2952 recondita
1660 2917 1981 2967 cognoveram
2032 2902 2102 2950 la-

140 2973 294 3033 titare,
328 2972 487 3022 adiuta
521 2979 666 3039 atque
700 2974 828 3025 mlta.
898 2974 1082 3023 Auctor
1117 2971 1237 3022 mihi
1276 2978 1381 3022 erat
1417 2971 1488 3021 vir
1523 2969 1915 3035 incomparabilis
1942 2977 1995 3020 ut
2032 2971 2102 3019 sa-

138 3057 313 3101 cerem,
348 3057 639 3108 magnopere
673 3042 871 3110 cupiens
895 3050 948 3093 ut
973 3043 1148 3092 horum
1177 3055 1393 3107 operum,
1429 3056 1549 3106 quae
1583 3056 1609 3088 a
1643 3038 1785 3089 nobis
1822 3038 1916 3087 iam
1953 3055 2105 3103 paene

138 3111 327 3161 exulare
356 3117 630 3176 coeperant,
663 3111 801 3178 copia
838 3112 996 3162 denuo
1022 3113 1173 3161 [ieret.
1249 3109 1343 3160 Sed
1371 3108 1527 3159 eidem
1552 3109 1807 3174 proposito
1840 3107 2104 3157 (hilielmus

142 3178 434 3230 lacobsonus
468 3178 517 3229 in
555 3179 736 3247 Anglia,
772 3179 822 3231 in
846 3179 1103 3231 Germania
1130 3179 1330 3230 Carolus
1368 3178 1401 3228 l.
1429 3177 1641 3228 lleselius
1678 3176 1892 3226 animum
1930 3176 2103 3227 eodem

142 3256 361 3314 tempore
384 3247 673 3310 adiecerant,
708 3265 881 3316 meque
903 3255 1265 3315 praevenerunt.
1337 3248 1426 3297 Ast
1462 3246 1553 3308 ille,
1590 3244 1806 3312 quamvis
1838 3260 1960 3310 opus
1997 3244 2103 3295 edi-

140 3316 268 3367 derit
299 3315 496 3383 propria
514 3317 869 3395 peregrinaque
905 3317 1178 3369 eruditione
1210 3318 1455 3377 refertum,
1491 3316 1549 3365 ad
1586 3331 1765 3380 paucos
1791 3314 2104 3363 solummodo

140 3384 527 3451 aeviApostolict
565 3386 842 3453 Scriptores
878 3386 1112 3453 respexit3
1148 3386 1227 3436 hic
1263 3385 1311 3435 in
1343 3385 1499 3450 prima
1533 3383 1746 3433 editione
1783 3382 1909 3432 votis
1930 3398 2105 3448 parum

142 3453 406 3520 respondit.
473 3452 660 3505 idcirco
695 3455 955 3533 pristinum
992 3454 1249 3505 consilium
1297 3470 1395 3504 non
1434 3450 1785 3502 demittendum
1822 3451 2105 3517 putavimus,

143 3538 296 3588 neque
331 3538 441 3573 cum
474 3523 830 3575 emendatiores
865 3524 1058 3575 illorum
1085 3523 1450 3574 duumvirorum
1487 3521 1594 3570 libri
1620 3527 1789 3586 postea
1810 3520 2106 3586 prodissent.

142 3590 262 3641 Nam
309 3606 430 3657 quae
479 3606 535 3642 ex
581 3592 876 3645 membranis
925 3594 1172 3659 hucusque
1208 3591 1388 3659 ignotis
1435 3606 1523 3656 per
1575 3589 1755 3640 multos
1789 3606 1969 3651 annoS‚
2021 3588 2103 3639 ubi
