2340 3900
211 167 329 206 xL11
974 151 1403 202 PROLEGOMENA.

349 292 395 341 6.
432 290 502 340 Ad
539 295 734 338 nostros
768 302 918 351 usque
947 286 1056 336 ‘dies
1093 302 1290 351 graecus
1311 289 1528 339 Pastoris
1562 289 1834 339 innotuerat
1869 293 2026 340 textus
2061 305 2162 341 non

210 361 303 412 nisi
355 377 410 410 ex
456 356 724 424 particuliS,
779 371 898 420 quae
952 355 1078 419 apud
1115 356 1407 408 Clementem
1443 358 1834 417 Alexandrinum,
1889 357 2162 423 Origenem,

211 430 413 480 maxime
449 428 497 477 in
523 425 748 476 Doctrina
785 424 841 472 ad
867 423 1157 475 Antiochum
1182 426 1364 488 ducem,
1396 428 1520 491 apud
1554 426 1826 485 Eusebium,
1862 425 1987 476 inter
2011 426 2162 478 Atha-

208 499 329 549 nasii
379 494 679 560 supposititia
716 509 741 542 a
777 493 1130 544 Montfauconio
1176 493 1300 544 edita
1349 496 1555 560 sparsim
1605 501 1652 543 et
1695 493 1919 544 intercise
1974 494 2165 546 inventa

209 574 356 617 erant.
424 566 659 614 Damnum
701 561 1056 626 quodammodo
1104 563 1350 613 resarcivit
1403 565 1555 613 versio
1607 569 1740 612 vetus
1774 563 1919 612 latina
1967 563 2162 630 integra,

209 635 362 686 tidelis
399 650 451 683 ea
496 633 625 697 pIuS,
673 646 815 696 quam
851 630 1062 695 elegam,
1100 632 1185 681 sed
1222 632 1336 681 alias
1374 633 1584 692 mendis,
1620 631 1734 680 alias
1770 632 2162 697 corruptionibus

208 710 409 754 scatens,
478 702 758 765 Ignoramus
793 704 1051 749 auctorem.
1122 700 1220 749 lam
1267 701 1541 750 Tertulliani
1585 716 1698 749 aevo
1746 699 1796 748 in
1840 699 1999 750 Africa
2049 717 2162 766 per-

208 788 347 839 quam
385 776 548 820 notam
581 785 687 818 eam
721 768 868 818 fuisse
903 767 1006 833 ipse
1042 767 1254 818 indicare
1287 769 1485 818 videtur.

343 855 364 902 1
376 869 454 902 ac.
491 851 684 900 Faber
720 851 1061 916 (Stapulensis)
1109 851 1294 916 primus
1330 853 1579 901 Pastorem
1625 850 1851 915 evulgavit
1884 850 2085 902 Parisiis
2121 869 2161 902 a.

217 923 340 973 1513
391 928 438 971 et
485 920 676 986 quidem
725 921 840 970 satis
886 926 1115 970 correcte.
1186 921 1304 969 Nam
1354 919 1668 969 Cotelerii
1719 919 1866 969 editio
1912 920 2002 970 PP.
2037 919 2159 987 App.

205 991 402 1042 Parisiis
428 1007 468 1039 a.
494 990 637 1050 1672,
662 989 752 1039 etsi
781 989 871 1039 tria
899 989 1012 1038 Mss.
1041 989 1082 1037 is
1107 987 1487 1052 consultasset,*)
1526 989 1649 1037 haud
1671 1003 1781 1038 raro
1820 988 1870 1038 in
1893 994 2029 1054 parte
2063 989 2160 1039 cri-

206 1061 296 1110 tica
333 1058 532 1110 editioni
566 1057 771 1123 principi
809 1057 1139 1122 posthabenda
1177 1064 1265 1106 est.
1308 1058 1582 1106 Editionem
1611 1056 1958 1107 Cotelerianam
1994 1074 2160 1108 emen-

204 1129 439 1179 datiorem
493 1126 822 1177 Fabricius
880 1126 1010 1176 dedit
1056 1126 1105 1175 in
1158 1126 1272 1175 Cod.
1315 1126 1631 1191 apocryphor.
1674 1141 1783 1175 noV.
1830 1132 1938 1176 test.
1981 1127 2035 1178 T.
2082 1127 2160 1178 111.

204 1198 462 1262 Hamburgi
501 1213 539 1246 a.
577 1197 721 1247 1719.

341 1281 550 1330 Alteram
587 1278 781 1328 latinam
820 1277 1265 1343 interpretationem
1293 1277 1521 1338 Pastoris,
1559 1283 1606 1327 et
1642 1293 1747 1327 eam
1782 1277 2031 1343 integram,
2066 1294 2158 1328 nos

204 1349 347 1417 primi
384 1365 438 1398 ex
473 1347 649 1398 Codice
683 1347 896 1397 Palatino
939 1348 1033 1396 150
1070 1361 1191 1395 saec.
1224 1345 1326 1394 XIV
1362 1346 1411 1394 in
1446 1346 1600 1395 lucem
1632 1346 1946 1411 protulimuS,
1994 1362 2022 1396 a
2055 1347 2159 1396 vul-

205 1425 310 1484 gata
345 1418 423 1467 illa
459 1417 639 1466 centies
676 1416 726 1465 in
763 1416 933 1466 melius
969 1414 1308 1475 declinantem,
1362 1414 1687 1481 ambiguisque
1736 1415 1785 1464 in
1819 1415 2007 1466 casibus
2059 1417 2160 1466 fere

203 1503 394 1554 semper
427 1485 839 1551 praestantiorem.

341 1570 679 1619 Verumtamen
718 1583 825 1617 cum
860 1572 1058 1632 utraque
1104 1566 1261 1616 versio
1310 1565 1601 1616 eiuscemodi
1638 1566 1724 1629 sit,
1770 1572 1822 1617 ut
1869 1567 1996 1618 haud
2048 1583 2158 1618 raro

206 1638 441 1689 sententia
479 1654 535 1687 cx
574 1636 884 1702 corruptione
928 1636 1002 1685 vix
1049 1651 1161 1684 sana
1208 1635 1443 1684 enucleari
1482 1642 1636 1701 queat,
1673 1652 1915 1686 summum
1949 1637 2162 1688 restabat

203 1707 493 1758 desiderium
529 1706 683 1771 graeci
729 1711 884 1754 textus
918 1710 1031 1770 post
1077 1710 1152 1753 tot
1202 1703 1486 1753 obblivionis
1536 1705 1719 1755 saecula
1753 1705 2038 1771 reperiendi.
2106 1705 2161 1756 Id

203 1776 418 1840 contigit,
455 1781 506 1825 ut
526 1781 654 1824 certe
674 1774 871 1833 videtur,
909 1780 1099 1838 praeter
1137 1788 1284 1837 spem.
1332 1772 1525 1822 Etenim
1543 1767 1635 1823 τὸν
1650 1769 1868 1840 ποιμένα
1903 1791 1959 1824 ex
1992 1781 2162 1824 monte

203 1846 329 1895 Atho
368 1845 417 1894 C.
455 1844 813 1894 Simonides
847 1842 1060 1907 Lipsiam
1096 1841 1372 1905 nuperrime
1409 1841 1578 1904 attulit,
1621 1844 1701 1908 qui
1736 1844 1877 1909 paulo
1914 1850 2029 1909 post
2065 1843 2159 1894 im-

202 1930 399 1980 pressus
436 1913 486 1962 in
522 1913 678 1961 lucem
713 1910 847 1961 exiit:
886 1911 1116 1972 „Hermae
1151 1910 1327 1959 Pastor
1363 1926 1544 1973 graece.
1613 1912 1829 1962 Primum
1867 1913 2016 1962 edidit
2049 1913 2160 1963 Ru-

203 1983 476 2047 dolphus
530 1981 753 2045 Anger.
824 1978 1177 2028 Praefationem
1236 1985 1283 2026 et
1318 1978 1526 2028 indicem
1576 1980 1749 2031 adiecit
1786 1981 2160 2031 Guilielmus

200 2050 486 2102 Dindorf.
554 2048 743 2114 Lipsiae
783 2048 956 2098 1856.“

337 2133 392 2182 In
435 2130 732 2182 Praefatione
784 2145 867 2179 sua
904 2128 973 2195 (p.
1008 2145 1050 2178 v.
1100 2127 1228 2195 sqq.)
1265 2129 1319 2179 R.
1354 2129 1571 2193 Angerus
1621 2131 1679 2180 de
1727 2137 1919 2182 externa
1967 2133 2161 2184 Codicis

203 2203 477 2253 conditione
496 2201 613 2250 haec
636 2199 825 2250 scribit:
859 2199 1019 2259 „Fons
1050 2205 1222 2258 autem,
1261 2215 1315 2247 ex
1339 2215 1432 2264 quo
1469 2199 1686 2263 proxime
1707 2200 1968 2263 hausimUS,
1992 2202 2162 2268 duplex

202 2277 300 2322 est:
336 2270 429 2320 tria
464 2269 645 2318 codicis
680 2284 831 2333 nuper
867 2268 916 2316 in
942 2267 1137 2316 Graecia
1173 2268 1352 2332 reperti
1387 2267 1498 2317 folia
1536 2274 1583 2318 et
1618 2271 1929 2335 apographon
1954 2270 2161 2337 reliqua-

202 2356 312 2390 rum
360 2339 462 2388 eius
511 2338 692 2387 codicis
728 2337 960 2402 partium3
1031 2351 1150 2402 quae
1208 2336 1400 2402 quidem
1437 2337 1597 2386 omnia
1643 2354 1669 2387 a
1706 2339 1756 2388 C.
1793 2339 2040 2389 Simonide
2075 2339 2160 2390 Li-

207 2409 363 2474 psiam
398 2407 592 2472 perlata,
628 2413 884 2470 postquam
921 2421 1087 2454 eorum
1124 2405 1244 2454 fides
1281 2405 1533 2470 diligenter
1558 2407 1798 2472 explorata
1821 2414 1910 2466 est,
1946 2409 1997 2457 in
2018 2424 2161 2459 usum

203 2477 519 2528 bibliothecae
566 2475 860 2524 academicae
910 2489 935 2522 a
983 2474 1261 2523 Gersdorfio
1297 2475 1350 2523 V.
1397 2474 1465 2523 Ill.
1514 2482 1787 2541 comparata
1833 2476 2047 2543 mihique
2099 2478 2158 2528 ad

203 2547 326 2596 hanc
362 2544 623 2595 editionem
659 2544 983 2593 adornandam
1016 2542 1348 2592 liberalissime
1384 2559 1612 2594 concessa
1648 2546 1803 2595 sunt.“

340 2628 425 2688 „In
460 2627 537 2676 his
574 2626 718 2690 igitur
753 2625 1020 2675 coniunctis
1056 2626 1305 2675 universus
1324 2626 1527 2675 Hermae
1563 2627 1683 2677 liber
1717 2628 1990 2679 continetur
2008 2645 2160 2695 usque

205 2698 264 2747 ad
300 2696 490 2746 initium
526 2695 693 2759 capitis
716 2696 855 2744 XXX.
882 2693 1217 2743 Similitudinis
1253 2695 1356 2757 IX.;
1391 2711 1546 2760 neque
1582 2697 1756 2746 desunt
1788 2704 1980 2762 praeter
2013 2699 2161 2749 finem

204 2766 345 2816 huius
381 2764 551 2830 capitis
584 2763 678 2813 nisi
706 2770 893 2828 septem
928 2762 1076 2811 totius
1101 2764 1317 2826 opusculi
1357 2764 1511 2829 capita
1546 2771 1804 2830 postrema.
1878 2766 2162 2832 Singulatim

203 2835 294 2884 tria
330 2834 408 2883 illa
444 2833 626 2882 codicis
661 2832 812 2897 ipsius
850 2831 962 2880 folia
998 2831 1172 2879 exitum
1208 2833 1539 2883 Mandatorum
1576 2841 1623 2883 et
1655 2835 1890 2885 maiorem
1925 2835 2160 2887 Similitu-

205 2904 372 2953 dinum
406 2908 594 2967 partem
631 2901 1023 2966 complectuntur,
1059 2900 1106 2948 h.
1142 2916 1182 2949 e.
1220 2917 1288 2961 ea,
1326 2917 1444 2966 quae
1477 2904 1601 2968 typis
1637 2919 1861 2968 expressa
1896 2910 2007 2954 sunt
2052 2920 2079 2954 a
2114 2921 2160 2970 p.

207 2975 287 3023 51.
323 2971 405 3021 lin.
443 2973 523 3021 21.
560 2971 618 3020 ad
654 2986 701 3035 p.
740 2972 819 3020 75.
853 2970 882 3018 l.
920 2969 984 3018 29
1022 2975 1070 3017 et
1105 2983 1130 3016 a
1164 2984 1210 3032 p.
1247 2971 1328 3019 96.
1365 2970 1395 3018 l.
1429 2973 1509 3021 22.
1544 2988 1696 3037 usque
1721 2973 1779 3023 ad
1799 2973 1959 3023 finem.
2031 2974 2163 3034 Quae

207 3041 248 3091 si
284 3056 394 3090 cum
429 3039 612 3089 ambitu
645 3039 794 3088 totius
830 3036 938 3087 libri
977 3037 1296 3099 conferuntur,
1333 3039 1550 3089 codicem
1585 3041 1826 3107 integrum
1847 3042 1960 3091 folia
1995 3042 2163 3093 decem

205 3107 631 3175 comprehendisse
666 3113 876 3173 apparet,
914 3111 1139 3171 quattuor
1164 3122 1280 3170 quae
1309 3109 1645 3159 antecederent
1667 3110 1796 3160 foliis
1816 3110 2162 3175 LipsiensibuS‚

315 3271 354 3321 *)
387 3271 478 3312 Cot.
503 3271 542 3311 in
572 3268 847 3322 praefatione:
881 3269 1050 3318 „Pastor
1069 3267 1238 3308 Hermae
1270 3269 1346 3309 exit
1369 3270 1616 3310 emendatior
1646 3284 1692 3310 ac
1715 3271 1959 3310 defaecatior
1989 3283 2009 3310 e
2035 3270 2161 3310 trihus

206 3341 301 3369 mss.
321 3327 470 3368 Codd.:
498 3327 628 3379 primo
668 3325 941 3366 Bibliothecae
963 3325 1002 3364 S.
1027 3324 1211 3364 Germani
1241 3337 1362 3376 supra
1393 3326 1493 3366 alios
1522 3326 1657 3375 veteri,
1689 3327 1818 3366 bonae
1851 3326 1943 3366 fidei
1974 3337 2162 3376 magnae-

207 3397 282 3436 que
314 3383 572 3432 auctoritatis,
612 3382 685 3422 sed
717 3381 881 3421 mutilo:
913 3380 1090 3420 secundo
1121 3381 1334 3420 recentiori
1365 3388 1403 3421 et
1432 3382 1486 3421 ita
1509 3395 1530 3420 a
1554 3382 1666 3422 libris
1692 3382 1898 3433 impressis
1930 3382 2087 3422 diverso
2118 3389 2162 3423 ut

212 3439 357 3489 legenti
373 3439 558 3478 inciderit
580 3439 731 3478 isthaec
749 3436 926 3488 suspicio
947 3436 1063 3475 aliam
1095 3436 1307 3487 complecti
1326 3436 1374 3475 ab
1407 3437 1585 3487 evulgata
1614 3437 2004 3488 interpretationem:
2037 3437 2158 3478 debe-

208 3501 272 3534 tur
308 3494 377 3532 ille
407 3494 679 3534 Bibliothecae
725 3493 766 3533 S.
795 3492 977 3532 Victoris.
1010 3491 1184 3531 Tertium
1229 3505 1301 3531 nec
1337 3493 1437 3532 adeo
1477 3492 1647 3532 similem
1677 3493 1851 3532 Editioni
1892 3506 1938 3532 ac
1974 3493 2161 3544 primum,

208 3562 290 3645 isicii.)
322 3549 422 3644 atdeq
456 3549 687 3591 dissimilem
725 3554 770 3588 ut
812 3547 1054 3596 secundum,
1107 3547 1234 3587 serius
1282 3547 1428 3588 offendi
1466 3548 1573 3600 apud
1615 3547 1846 3588 Carmelitas
1899 3549 2158 3590 Excalceatus

238 3618 262 3644 u
294 3616 340 3644 ur
369 3604 408 3645 ii.
427 3606 437 3625 ‘
