2340 3900
421 145 631 195 mmm}
665 142 938 192 epistota
975 143 1045 189 At)
1085 141 1649 191 PHlLADELPHlENSES.
1692 140 1762 188 lv.
1797 138 1846 187 V.
1882 139 1952 184 vl.
2060 133 2162 184 283

198 287 319 334 sicut
338 286 549 334 ctirisms
566 282 715 333 Petri:
750 287 800 328 et
833 281 895 328 ita
920 281 1070 327 unitas
1107 295 1191 343 per
1227 282 1377 328 omnia
1412 271 1763 329 conservatur.⁸⁰
1835 270 1973 326 Sint⁸¹
2008 284 2160 324 autem

198 355 359 403 viduae
393 367 489 402 ιιοιι
520 365 686 413 vagae,
718 363 871 411 neque
908 349 1126 410 gulosae,
1164 364 1314 411 neque
1350 357 1621 412 protervae,
1660 349 1744 397 sed
1777 347 1970 410 pudicae
2007 352 2053 394 et
2089 359 2161 392 so·

198 425 337 478 briae,
373 423 495 471 sicut
525 421 677 468 Iudith
711 425 761 468 et
794 421 934 467 Anna.
1007 417 1130 465 Haec
1156 427 1306 465 autem
1341 434 1435 466 non
1470 420 1590 467 sicut
1623 418 1868 481 Apostolus
1905 415 2163 479 praecipio:

199 485 350 550 Quis⁸⁸
385 492 508 539 enim
542 503 645 538 sum
660 502 789 579 ego,
821 493 901 535 aut
935 502 1052 548 quae
1087 487 1249 555 domus
1287 490 1429 549 patris
1462 493 1564 545 mei,
1602 496 1652 535 ut
1688 487 1920 549 aequalem
1967 499 2040 533 me
2077 484 2164 532 illis

204 560 385 608 dicam?
418 560 502 607 sed
540 551 702 606 sicut⁸³
737 556 986 606 commilito
1021 563 1187 613 vester,
1225 557 1512 604 obedientiae
1550 558 1758 605 ordinem
1796 557 2050 604 continens.

337 697 388 747 V.
461 699 646 746 Fratres
676 697 784 753 mei,
822 694 950 742 valde
988 707 1164 756 pronus
1202 709 1302 742 sum
1339 695 1395 741 ad
1433 694 1722 743 dilectionem
1760 702 1968 753 vestram,
2006 708 2165 756 super·

199 766 406 816 exultans
444 767 503 815 de
539 766 831 815 unanimitate
866 771 1034 812 vestra.
1105 765 1268 812 Moneo
1307 764 1425 811 enim
1463 779 1571 821 vos3
1620 780 1713 811 non
1749 779 1863 826 ego,
1898 765 1982 813 sed
2018 763 2165 812 Domi-

197 853 284 885 nus
317 837 446 885 lesus
481 851 565 900 per
597 850 688 894 me,
726 836 774 882 iu
809 847 904 897 quo
941 833 1118 881 vinctus
1156 848 1271 882 sum.
1341 834 1500 880 Adhuc
1535 835 1680 895 magis
1718 836 1867 893 timeo,
1906 834 2012 896 quia
2050 847 2160 881 non·

198 907 305 954 dum
339 906 577 968 perfectus
609 918 735 953 sum:
786 904 870 951 sed
905 903 1052 950 oratio
1091 911 1240 951 vestra
1289 903 1427 950 faciet
1460 917 1532 950 me
1567 903 1820 965 perfectum
1854 904 1974 966 apud
2011 904 2164 958 Deum,

197 983 248 1023 ut
280 970 419 1033 eum,¹
452 976 500 1023 in
535 989 627 1038 quo
662 981 850 1022 vocatus
874 987 990 1029 sum,
1025 986 1206 1021 merear
1241 973 1448 1035 adipisci,
1488 973 1760 1034 confugiens
1786 973 1841 1019 ad
1879 972 2166 1034 Evangelium

197 1052 409 1107 tauquam
438 1045 496 1092 ad
532 1059 704 1106 corpus
740 1042 847 1091 lesu
882 1042 1080 1101 Christi,
1126 1049 1175 1090 et
1209 1043 1266 1089 ad
1301 1035 1571 1104 Apostolos²
1613 1049 1826 1103 tanquam
1874 1043 1932 1090 ad
1970 1041 2165 1103 Presby-

197 1116 361 1162 terium
396 1113 641 1162 Ecclesiae.
710 1112 767 1159 Et
798 1111 1056 1174 Prophetas
1090 1113 1274 1174 quidem
1312 1112 1480 1174 diligo,
1533 1118 1583 1158 ut
1618 1111 1848 1159 Christum
1898 1111 2165 1174 praenunci-

196 1191 340 1242 antes,
377 1176 686 1232 continentes⁸
723 1182 821 1229 eius
844 1182 1072 1244 spiritum,
1098 1175 1237 1230 sicut⁴
1273 1188 1320 1229 et
1352 1181 1573 1243 Apostoli.
1647 1181 1790 1228 Sicuti
1815 1181 1936 1228 enim
1964 1181 2164 1227 Pseudo-

196 1254 449 1316 prophetae
485 1259 534 1300 et
557 1252 759 1301 Pseudo·
744 1250 960 1315 ·apostoli
996 1265 1136 1300 unum
1170 1244 1481 1312 eundemque⁵
1507 1251 1765 1313 malignum,
1792 1257 1839 1298 et
1860 1250 2166 1306 seductorem,

197 1330 246 1370 et
291 1322 510 1386 populum
557 1335 714 1370 errare
761 1321 1004 1368 facientem
1045 1321 1263 1383 Spiritum
1314 1328 1688 1382 assumpserunt:
1740 1322 1807 1367 sic
1856 1322 2021 1367 iterum
2073 1319 2167 1364 veri

198 1393 455 1454 Prophetae
490 1398 537 1438 et
570 1393 669 1439 veri
702 1390 911 1453 Apostoli
959 1404 1099 1438 unum
1146 1392 1437 1451 eundemque
1473 1384 1726 1448 sanctum?
1762 1390 1961 1445 bonum,
1998 1388 2164 1449 princi-

195 1461 347 1523 palem
393 1468 443 1509 et
485 1474 646 1508 verum
693 1466 830 1521 atque
878 1460 1138 1516 doctorem,
1189 1475 1273 1522 per
1325 1460 1554 1507 Christum
1605 1465 1881 1521 acceperunt
1931 1457 2166 1520 Spiritum.

197 1529 322 1578 Unus
357 1531 480 1578 enim
516 1529 638 1577 Deus
674 1530 842 1577 veteris
877 1536 925 1576 et
958 1531 1064 1577 novi
1103 1530 1405 1578 Testamenti
1394 1523 1425 1575 .‘¹
1475 1528 1598 1576 Unus
1648 1537 1692 1576 et
1731 1529 1954 1576 Mediator
1992 1527 2071 1574 Dei
2121 1534 2170 1575 et

195 1600 460 1656 hominum,
508 1598 567 1645 ad
602 1598 827 1647 facturam
862 1594 1249 1661 intelligibilium⁸
1298 1607 1344 1646 et
1380 1598 1689 1657 sensibilium,
1737 1606 1783 1646 et
1834 1598 2167 1660 providentiam

197 1683 365 1732 gerens
402 1669 618 1716 omnium.
692 1667 820 1716 Unus
857 1682 1042 1731 quoque
1081 1677 1128 1717 et
1162 1662 1461 1726 Paracletus?
1498 1670 1576 1730 qui
1615 1668 1894 1731 operabatur
1928 1669 1975 1714 in
2010 1666 2168 1729 Moyse

195 1745 243 1786 et
276 1737 523 1802 Prophetis
569 1745 617 1785 et
658 1737 908 1800 Apostolis.
981 1739 1148 1786 Omnes
1199 1740 1320 1787 enim
1368 1739 1514 1786 sancti
1550 1739 1595 1785 in
1630 1739 1811 1786 Christo
1851 1737 2005 1785 salvati
2045 1743 2167 1793 sunt,

196 1810 242 1856 in
292 1809 444 1871 ipsum
490 1815 731 1872 sperantes
789 1814 926 1869 atque
973 1803 1163 1870 ipsum¹⁰
1201 1815 1519 1872 expectantes:
1567 1816 1614 1856 et
1665 1824 1750 1871 per
1786 1809 1936 1870 ipsum
1976 1807 2167 1854 salutem

197 1878 350 1940 adepti
384 1885 506 1935 sunt,
542 1878 624 1940 qui
642 1884 775 1926 eraut
793 1876 920 1939 digni
944 1878 1189 1927 dilectione
1214 1886 1261 1927 et
1285 1880 1408 1940 digni
1435 1878 1585 1936 laude,
1623 1877 1894 1926 sanctificati
1931 1891 1956 1923 a
1983 1876 2165 1923 Christo

197 1947 315 2004 lesu,
349 1946 648 1996 testificantes
685 1947 734 1994 in
767 1945 1009 2008 Evangelio
1045 1949 1143 2010 spei
1176 1941 1478 1996 (ιοιιιιιιιιιιίς).ιι

338 2084 410 2135 Vl.
483 2085 534 2133 Si
580 2087 686 2149 quis
732 2084 875 2133 Deum
926 2086 1059 2148 Legis
1121 2095 1167 2134 et
1225 2089 1559 2150 Prophetarum
1610 2079 1766 2134 unum¹
1821 2085 2167 2149 praedicaverit,

203 2156 431 2204 Christum
467 2162 618 2204 autem
650 2155 886 2218 negaverit
905 2154 1066 2202 Filium
1103 2170 1207 2204 esse
1230 2157 1324 2215 Dei,
1362 2157 1557 2204 mendax
1582 2163 1665 2214 est,
1703 2156 1937 2218 quomodo
1963 2162 2009 2202 et
2034 2153 2169 2202 Pater

201 2226 302 2273 eius
337 2223 580 2284 Diabolus3
565 2217 603 2255 ·'
637 2232 687 2272 et
719 2230 794 2273 est
827 2224 1086 2273 huiusmodi
1111 2226 1343 2274 inferioris
1369 2226 1732 2274 circumcisionis
1756 2225 1958 2273 Pseudo·
1962 2223 2168 2272 iudaeus.

201 2294 251 2343 Si
287 2301 439 2343 autem
473 2295 577 2358 quis
613 2292 860 2343 confltetur
891 2294 1120 2343 Christum
1158 2290 1329 2344 lesum⁸
1367 2296 1621 2353 Dominum,
1659 2302 1796 2357 negat
1833 2302 1983 2342 autem
2026 2293 2166 2342 Deum

200 2364 334 2426 Legis
369 2372 418 2413 et
452 2363 791 2443 Prophetarum
811 2363 996 2412 Patrem
1032 2378 1137 2413 esse
1166 2366 1349 2421 Christi,
1386 2366 1459 2412 hic
1497 2367 1543 2413 in
1568 2366 1756 2414 veritate
1793 2378 1886 2411 non
1913 2369 2016 2422 stat,
2056 2378 2167 2425 quo·

198 2432 338 2482 modo
374 2448 463 2482 nec
495 2439 627 2497 pater
661 2433 762 2481 eius
797 2432 1036 2491 Diabolus3
1075 2441 1120 2481 et
1157 2442 1229 2482 est
1263 2436 1527 2483 huiusmodi
1565 2434 1763 2482 Simonis
1801 2433 1942 2496 Magi,
1993 2439 2038 2480 et
2074 2447 2166 2480 non

200 2501 396 2593 Spiritus
431 2501 587 2551 Sancti
622 2495 910 2565 discipulus-⁴
981 2503 1029 2551 8ἰ
1069 2505 1172 2566 quis
1209 2512 1360 2554 autem
1396 2504 1508 2552 dicit
1542 2519 1682 2552 unum
1705 2505 1860 2561 Deum,
1901 2503 2166 2550 confitetur·

199 2565 312 2634 (με.
346 2572 576 2622 Christum
611 2571 787 2630 lesum,
835 2572 1066 2621 hominem
1102 2589 1211 2623 vero
1249 2590 1413 2638 purum
1456 2580 1621 2638 putans
1655 2566 1943 2630 Ι)οιιιίιιιιιιι,6
1993 2578 2040 2619 et
2074 2586 2165 2620 non

198 2638 341 2690 Deum
376 2643 671 2706 unigenitum,
706 2647 756 2690 et
775 2643 1043 2705 sapientiam
1079 2651 1126 2692 et
1150 2644 1349 2694 Verbum
1372 2645 1465 2703 Dei,
1507 2645 1589 2693 sed
1626 2659 1682 2693 ex
1704 2644 1853 2691 anima
1889 2649 1935 2691 et
1971 2656 2166 2706 corpore

198 2724 302 2760 cun
337 2706 504 2762 solmn¹
539 2725 647 2761 esse
682 2711 969 2771 existimans,
1024 2713 1288 2763 huiusmodi
1325 2729 1520 2778 serpens
1559 2722 1630 2763 est
1665 2714 1910 2773 seductor,
1962 2726 2167 2760 errorem

287 2901 362 2953 30)
392 2901 460 2942 Sic
489 2901 609 2954 neg„
637 2907 887 2944 commem
917 2903 1023 2956 vat,
1065 2918 1152 2946 ser·
1207 2905 1249 2946 in
1281 2905 1375 2957 Reg.
1407 2910 1442 2945 et
1472 2916 1616 2954 verum,
1650 2916 1772 2956 supra
1805 2910 1841 2945 et
1876 2903 1916 2944 in
1947 2916 2071 2955 marg.
2096 2905 2166 2945 bo-

200 2963 315 2997 ecler
346 2956 452 3007 vulg.
1209 2974 1313 3004 num.
1363 2960 1423 3003 Cf.
1455 2960 1589 3002 l‘rim.
1619 2960 1659 3011 2,
1689 2961 1729 3001 5.

284 3013 362 3063 31)
390 3014 493 3055 ὅσα
520 3013 606 3056 Pal.
634 3012 1039 3065 ceter-nemum&
1059 3016 1153 3059 4.6.
1295 3016 1341 3070 7)
1371 3017 1660 3069 intelliyibilum
1685 3015 1769 3057 Pal.

201 3069 295 3110 tue.
324 3068 366 3119 2,
395 3068 453 3112 ³6
471 3082 536 3124 eq.
1297 3073 1345 3123 8)
1369 3074 1591 3126 paraclitus
1622 3074 1705 3114 Pal.
1737 3073 1830 3123 Reg.

283 3124 359 3179 ³²)
395 3127 466 3180 qui
494 3125 579 3168 Pal.
1301 3129 1347 3182 9)
1379 3132 1510 3183 ipsum
1540 3142 1617 3171 om.
1652 3130 1744 3179 neg.

281 3180 360 3235 33)
390 3184 492 3223 ric-1
520 3182 606 3224 des.
633 3181 674 3223 in
705 3180 799 3234 Reg-
1302 3183 1372 3236 to)
1403 3188 1594 3228 communi
1624 3186 1707 3226 Pal.
1744 3186 1836 3235 [leg.

1297 3239 1393 3294 Cap.
1424 3242 1484 3284 Vl.
1548 3242 1590 3294 l)
1619 3254 1739 3283 unum
1767 3253 1843 3282 non
1873 3240 1957 3282 vat.

285 3294 382 3348 Cap.
412 3294 455 3335 V.
516 3292 561 3348 1)
589 3293 699 3336 ium
730 3292 814 3336 Pal.
841 3294 936 3347 ling.
1293 3295 1319 3337 2
1369 3297 1454 3338 loh.
1484 3297 1525 3347 8,
1555 3298 1623 3339 44.

279 3350 326 3403 2)
355 3350 474 3392 Voce.
520 3357 719 3404 tau-qm
764 3350 817 3391 ed
869 3364 1011 3404 eorpus
1062 3350 1151 3390 1em
1292 3352 1318 3393 3
1368 3354 1493 3394 iesum
1521 3355 1710 3395 christum
1740 3353 1901 3395 ordinat
1933 3353 2027 3406 lleg.

201 3406 357 3457 Christi,
389 3413 426 3449 et
457 3407 510 3449 ad
538 3406 752 3460 Apostolos
782 3419 863 3450 non
895 3406 972 3459 leg.
1003 3407 1042 3447 in
1068 3407 1150 3447 l'al.
1296 3408 1341 3459 4)
1374 3410 1500 3450 nancti
1533 3411 1700 3463 spiritus
1721 3411 1942 3463 disciputus
1965 3409 2048 3453 Pal.
2071 3410 2164 3463 neg.

282 3462 331 3571 3)
361 3465 566 3505 continens
597 3461 682 3504 Pal.
1294 3463 1338 3516 ὅ)
1368 3466 1571 3515 confitetur
1599 3478 1765 3520 nanque
1799 3470 1836 3508 et
1870 3466 1954 3508 Pal.
1988 3466 2108 3520 Regss

278 3520 306 3562 4
357 3519 478 3561 sien&
508 3517 593 3560 Pal.
623 3517 718 3571 neg.
1293 3522 1337 3571 6)
1365 3525 1509 3572 putam
1566 3522 1681 3564 deum
1732 3534 1773 3574 p
1800 3535 1968 3576 purum
2013 3528 2161 3577 putans

281 3574 330 3627 5)
360 3575 526 3618 maa
552 3573 638 3617 Pal.
1208 3577 1413 3618 vovninum
1440 3576 1523 3618 Pal.

280 3630 327 3686 6)
356 3629 653 3686 oriris-nihl„
687 3630 757 3686 qui
787 3630 921 3686 pergit
936 3635 972 3673 et
994 3632 1149 3683 bonum,
1294 3633 1339 3687 7)
1371 3633 1498 3675 solum
1528 3633 1642 3678 deest
1672 3633 1713 3678 in
1743 3635 1827 3681 Pal.
1857 3635 1952 3689 Reg-
