2340 3900
175 130 273 179 504
485 127 714 174 HERMAE
752 126 980 172 PASTOR.
1052 125 1215 172 LIBER
1251 126 1324 172 111.
1393 126 1613 172 SlMlLlT.
1640 125 1704 170 Vl.
1742 120 1813 182 (A)

179 266 379 328 quotidie
433 266 477 309 in
528 264 615 307 vita
664 257 764 308 sua⁶
813 262 1059 338 patiuntur.
1132 262 1216 309 Alii
1266 264 1385 310 enim
1433 265 1700 310 detrimenta
1748 262 2006 323 patiuntur,
2053 263 2126 308 alii

179 335 400 394 inopiam,
450 332 522 377 alii
562 331 758 376 diversas
795 325 1109 387 acrimonias?
1172 333 1350 392 quidam
1402 332 1772 387 inconstantiam,
1824 331 1898 376 alii
1941 330 2127 377 iniurias

178 403 231 447 ab
281 400 477 460 indignis
525 400 772 460 patientes,
816 399 1044 459 multaque
1090 399 1173 445 alia
1220 401 1427 447 exercitia
1477 408 1523 447 et
1569 399 1869 447 incommoda.
1940 397 2129 445 Plurimi

179 469 297 515 enim
335 468 606 513 inconstanti
644 468 832 513 consilio
871 467 1008 513 multa
1045 474 1290 525 conantur,
1334 484 1419 515 nec
1458 472 1697 530 quicquam
1747 467 1963 514 conducit
2014 462 2129 527 eis3⁸

179 544 222 584 et
262 538 418 583 dicunt
454 537 499 581 in
538 535 711 581 actibus
750 537 843 581 suis
900 550 1164 582 successum
1201 551 1251 584 se
1293 551 1382 583 non
1421 538 1603 584 habere.
1654 537 1935 583 Succurrunt
1970 535 2024 581 iis
2063 550 2129 592 ea,

180 599 318 666 quae⁹
366 605 574 664 nequiter
620 604 851 661 fecerunt,
889 612 934 651 et
978 605 1214 651 Dominum
1266 613 1519 652 causantur.
1593 607 1702 652 Cum
1751 606 1886 666 igitur
1921 605 2130 665 perpessi

179 674 348 720 suerint
385 687 562 719 omnem
601 674 878 719 vexationem
915 679 960 719 et
994 667 1165 719 omne¹⁰
1202 674 1562 730 incommodum,
1607 682 1713 720 tunc
1747 674 1987 719 traduntur
2021 673 2128 718 mihi

179 743 235 789 ad
273 742 436 787 bonam
475 742 851 798 admonitionem,
888 748 933 788 et
967 741 1202 788 firmantur
1238 743 1283 788 in
1322 743 1409 788 [ide
1464 743 1667 798 Domini,
1705 749 1750 788 et
1797 756 1881 801 per
1927 741 2128 800 reliquos

181 812 278 857 dies
316 811 430 856 vitae
467 810 666 855 serviunt
706 810 893 856 Domino
941 817 1088 857 mente
1146 826 1272 871 pura.
1339 812 1392 856 Et
1441 825 1540 856 cum
1580 810 1815 870 coeperint
1860 808 2128 855 delictorum

180 894 315 939 agere
353 879 702 939 poenitentiam,
742 887 850 925 tunc
900 880 1151 925 ascendunt
1199 880 1245 925 in
1293 872 1599 940 praecordia¹¹
1637 891 1796 924 eorum
1846 890 1987 936 opera
2036 892 2130 933 sua,

180 949 224 993 in
264 948 429 1008 quibus
469 961 518 993 se
552 948 762 1008 nequiter
798 955 1124 1005 exercuerunt3
1162 954 1206 993 et
1243 954 1350 993 tunc
1388 947 1494 992 dant
1530 946 1620 992 Deo
1652 946 1888 1001 honorem,
1917 945 2133 1001 dicentes,

180 1017 346 1061 iustum
383 1016 577 1062 iudicem
615 1030 715 1062 eum
755 1031 871 1072 esse,
888 1018 1162 1076 meritoque
1201 1030 1250 1061 se
1290 1015 1438 1060 omnia
1474 1028 1576 1060 esse
1607 1028 1854 1075 perpessos
1883 1014 2134 1060 secundum

181 1085 298 1130 facta
335 1077 469 1130 sua.¹²
542 1085 590 1130 1η
627 1086 855 1146 reliquum
892 1100 999 1131 vero
1037 1085 1239 1130 serviunt
1274 1083 1366 1128 Deo
1419 1089 1566 1129 mente
1603 1098 1739 1144 pura,
1776 1089 1822 1129 et
1868 1096 2133 1129 successum

141 1155 143 1157 ’
182 1153 347 1198 hahent
411 1154 456 1198 in
505 1154 699 1214 negotiis
749 1154 843 1200 suis
886 1154 1121 1208 omnibuS,
1184 1153 1459 1212 accipientes
1506 1166 1531 1198 a
1584 1151 1772 1198 Domino
1830 1165 2130 1212 quaecunque

183 1227 392 1281 poscunt.
465 1222 520 1267 Et
552 1228 658 1267 ωηο
709 1223 874 1281 gratias
913 1227 1050 1282 agunt
1096 1221 1310 1277 Domino,
1359 1221 1484 1281 quod
1536 1221 1626 1267 sint
1670 1221 1780 1266 mihi
1826 1220 2002 1276 traditi3
2049 1233 2137 1267 nec

186 1291 269 1335 iam
311 1291 550 1350 quicquam
589 1290 869 1337 crudelitatis
906 1287 1167 1350 patiuntur.‘

323 1368 388 1428 (A)
429 1372 498 1419 lv.
573 1372 679 1418 Dico
719 1373 781 1417 illi
797 1367 826 1416 :¹
865 1374 1011 1425 ,etiam
1050 1386 1195 1425 nunc,
1236 1370 1447 1426 domine,
1485 1372 1744 1417 demonstra
1795 1367 1938 1417 mihi.‘
2008 1369 2138 1426 ,Quid

185 1440 402 1498 inquiris.
389 1437 423 1473 2‘
462 1433 643 1499 inquit²
681 1441 773 1485 Dixi
812 1441 874 1486 ei:
915 1455 986 1499 ,3η
1022 1455 1105 1500 per
1133 1441 1250 1486 idem
1277 1446 1456 1499 tempus
1480 1441 1756 1496 crucientur,
1795 1441 1872 1500 qui
1898 1439 2135 1486 discedunt

184 1522 208 1552 a
247 1508 408 1553 timore
447 1507 538 1563 Dei,
575 1515 788 1567 quantum
825 1509 895 1554 usi
931 1509 1101 1554 fuerint
1139 1508 1250 1552 falsa
1287 1507 1523 1553 dulcedine
1561 1523 1613 1554 ac
1647 1500 2020 1585 voluptatibus2‘³
2069 1507 2140 1551 Ait

185 1576 320 1620 mihi:
357 1590 456 1635 ,per
492 1577 611 1621 idem
648 1583 823 1636 tempus
862 1577 994 1622 etiam
1045 1573 1334 1622 cruciantur.‘
1405 1576 1458 1620 Et
1492 1577 1580 1621 dixi
1619 1577 1683 1622 ei:
1719 1577 1945 1636 ,exiguum
1983 1567 2140 1636 igitur⁴

187 1644 472 1699 cruciantur,
511 1644 751 1704 oportebat
786 1638 954 1690 autem⁵
990 1659 1082 1700 eos,
1123 1645 1199 1704 qui
1251 1645 1315 1689 sic
1350 1644 1610 1704 percipiunt
1644 1645 1922 1705 voluptates,
1970 1650 2020 1689 ut
2055 1643 2138 1687 Do-

187 1712 357 1757 minum
396 1713 742 1767 obliviscantur,
782 1714 950 1772 septies
988 1719 1160 1758 tantum
1196 1714 1286 1772 pati
1322 1711 1599 1771 poenarum.‘
1670 1714 1741 1758 Ait
1785 1713 1920 1758 mihi:
1971 1712 2138 1767 ,fatuus

186 1795 250 1834 es,
289 1793 375 1824 nec
411 1780 623 1838 intelligis
661 1780 795 1824 huius
833 1794 1007 1840 poenae
1033 1778 1276 1827 virtutem.‘
1348 1780 1402 1824 Et
1438 1781 1549 1825 dixi:
1586 1782 1641 1836 ,31
1678 1782 1797 1826 enim
1830 1780 2138 1839 intelligerem,

188 1848 381 1897 domine,
402 1862 490 1891 non
525 1849 864 1906 interrogarem,
898 1854 947 1892 ut
972 1849 1312 1893 demonstrares
1331 1847 1469 1892 mihis
1541 1845 1563 1869 *
1584 1847 1741 1902 ‚Audi‚‘
1764 1849 1924 1907 inquit,
1959 1853 2141 1907 ,quanta

188 1916 246 1960 sit
281 1915 346 1960 vis
371 1916 621 1974 utriusque,
661 1915 912 1960 dulcedinis
938 1929 989 1961 3ο
1022 1909 1234 1976 poenae.‘⁵
1305 1910 1583 1961 Dulcedinis⁷
1621 1930 1708 1962 una
1741 1917 1852 1961 hora
1874 1929 1957 1962 suo
1996 1915 2141 1976 spatio

188 1983 476 2042 terminatum
514 1977 710 2043 poenae⁸
763 1998 869 2029 vero
907 1998 996 2029 una
1024 1985 1146 2029 'hora
1184 1984 1364 2044 triginta
1415 1984 1591 2030 dierum
1626 1985 1714 2029 vim
1751 1983 1970 2044 possidet.
2040 1983 2142 2040 Qui-

188 2066 368 2112 cunque
406 2052 541 2111 igitur
587 2065 677 2096 uno
725 2052 796 2097 die
843 2053 1103 2113 perceperit
1148 2045 1372 2098 1”3113ο31η9
1425 2052 1707 2099 dulcedinem
1755 2067 1807 2099 ac
1854 2052 2142 2114 voluptatem,

188 2134 374 2179 unoque
419 2120 489 2165 die
527 2119 755 2166 cruciatus
791 2121 875 2176 sit,
913 2122 1015 2166 anni
1054 2121 1247 2181 spatium
1286 2121 1381 2166 dies
1433 2121 1506 2167 ille
1545 2123 1770 2168 cruciatus
1820 2122 1918 2168 eius
1964 2120 2144 2166 valebit.

187 2189 274 2244 lta,
313 2195 423 2248 quot
461 2189 556 2234 dies
593 2190 853 2249 perceperit
903 2190 1098 2250 quisque
1148 2189 1444 2249 voluptatem,
1483 2190 1671 2236 totidem
1721 2191 1849 2236 annis
1898 2190 2144 2236 cruciatur.

188 2256 324 2303 Vides
360 2258 508 2317 igitur,
547 2258 706 2317 inquit,
747 2258 955 2318 exiguum
989 2272 1092 2304 esse
1132 2264 1307 2319 tempus
1342 2253 1634 2305 mundanae¹⁰
1672 2259 1924 2306 dulcedinis
1971 2271 2024 2304 3ο
2070 2271 2143 2303 vo·

189 2326 388 2385 luptatis,
430 2339 603 2385 poenae
647 2341 752 2371 vero
793 2333 1213 2387 tormentorumque
1251 2325 1471 2388 amplius.‘

195 2396 343 2449 Επᾶν
375 2397 483 2480 γὰρ
505 2397 747 2451 ἀποστῶσι
796 2406 885 2452 τοῦ
942 2404 1094 2488 Θεοῦ,
1148 2403 1419 2468 νομίζοντες
1470 2404 1522 2455 ἐν
1577 2399 1847 2454 ἀναπαύσει
1893 2395 2017 2453 εἶναι
2063 2402 2146 2454 καὶ

189 2465 391 2536 πλούτῳ,
429 2465 535 2519 τότε
568 2474 887 2536 τιμωροῦνται
922 2471 973 2520 οἷ
1004 2469 1091 2535 μὲν
1125 2469 1456 2536 ζημιούμενοι,
1497 2472 1548 2522 οἷ
1592 2471 1644 2522 δὲ
1690 2469 2060 2558 ὑστερούμενοι,
2098 2471 2150 2521 οἱ

191 2534 243 2586 δὲ
278 2519 584 2596 ἀσθενείαις.
592 2539 834 2598 ποικίλαις
884 2540 1276 2622 περιπίπτοντες,
1313 2537 1450 2591 αλλοι
1482 2539 1534 2590 ἐν
1570 2537 1959 2601 ἀκαταστασίαις,
1994 2538 2143 2606 ετεροι

192 2601 493 2692 ὑβριζόμενοι
528 2599 626 2656 ὑπὸ
661 2611 758 2656 τῶν
779 2604 1054 2669 ἐλαττόνων,
1093 2607 1175 2658 καὶ
1197 2607 1384 2672 ἑτέραις
1413 2609 1655 2668 ποικίλαις
1673 2606 1887 2672 πραξεσι.
1962 2608 2146 2659 Πολλοὶ

190 2671 281 2742 γὰρ
319 2671 667 2735 ἀκατασταντες
702 2675 754 2726 ἐν
789 2681 894 2735 ταῖς
927 2677 1127 2760 βουλαῖς
1162 2673 1324 2727 αὐτῶν
1350 2675 1684 2764 ἐπιβάλλονται
1720 2678 1789 2736 εἷς
1810 2675 1964 2729 πολλὰ
1996 2677 2147 2763 πράγ-

192 2763 341 2805 ματα,
379 2743 461 2793 καὶ
497 2742 641 2795 οὐδὲν
677 2743 844 2804 αὐτοῖς
879 2742 1004 2805 όλως
1031 2741 1318 2830 ὖποβαίνει,
1365 2746 1448 2797 καὶ
1493 2746 1910 2831 δυσχεραίνουσιν,
1957 2746 2039 2798 καὶ
2086 2743 2146 2798 οὖ

191 2807 523 2879 γινωσκουσιν,
561 2833 635 2863 οτι
671 2810 751 2862 διὰ
786 2810 845 2863 τὰ
859 2810 1081 2899 πονηρὰ,
1102 2835 1134 2864 α
1156 2814 1378 2901 ἔπραξαν,
1417 2812 1507 2866 οὐκ
1530 2812 1837 2866 εὖοδοῦνται·
1874 2814 1956 2866 καὶ
1975 2813 2148 2866 λοιπόν

192 2882 483 2944 αἰ[τιῶνται]
532 2878 618 2932 τὸν
667 2879 862 2949 κύριον,
913 2883 995 2934 καὶ
1028 2879 1119 2934 οὐκ
1155 2880 1405 2949 ἀνέχονται
1437 2881 1522 2944 τὰς
1566 2880 1740 2944 λοιπὰς
1773 2880 1955 2972 ἡμέρας
1987 2879 2149 2936 αὐτῶν

195 2949 566 3035 ἐπιστρέψαντες
602 2952 860 3002 δουλευσαι
895 2956 963 3022 τῷ
992 2954 1100 3022 Θεῷ
1136 2952 1188 3003 ἐν
1201 2957 1423 3038 καθαρᾷ
1456 2951 1647 3023 καρδία.
1702 2949 1799 3039 :Av
1835 2951 1888 3004 δε
1893 2949 2148 3039 μετανοη-

154 3040 160 3045 ·
194 3033 312 3069 σωσι
346 3019 429 3069 καὶ
465 3015 769 3085 ἆνανήψωσι,
806 3017 912 3071 τότε
948 3026 1162 3084 συνιῶσι,
1201 3020 1275 3072 ὅτι
1309 3021 1390 3072 δια
1424 3043 1482 3072 τα
1517 3021 1597 3090 ε’ργ
1599 3044 1630 3072 α
1657 3019 1820 3073 αὐτῶν
1853 3041 1914 3073 τα
1956 3019 2165 3108 πονηρὰ

194 3085 286 3138 οὐκ
323 3085 608 3139 εὐοδοῦντο·
656 3089 739 3140 καὶ
787 3088 939 3149 οὕτως
973 3087 1223 3151 δοξαζουσι
1270 3088 1355 3142 τὸν
1391 3110 1592 3176 κυριον,
1639 3089 1713 3142 ότι
1760 3092 1948 3152 δίκαιος
1981 3089 2148 3178 κριτής
2189 3124 2196 3130 -

195 3156 334 3219 ἔστιν,
369 3157 452 3206 καὶ
485 3157 683 3218 δικαίως
719 3158 920 3222 ε’παθον,
962 3159 1044 3210 καὶ
1080 3157 1444 3226 ἔπαιδεύθησων
1478 3157 1602 3211 κατὰ
1633 3179 1719 3220 τας
1751 3157 1946 3228 πραξεις
1969 3155 2144 3211 αὐτῶν.

280 3288 324 3340 6)
359 3290 400 3328 in
430 3291 508 3329 vita
539 3302 613 3329 sua
644 3290 783 3330 cotidie
813 3290 1039 3341 transponit
1058 3291 1141 3331 vat.
1286 3288 1355 3343 10)
1387 3303 1495 3332 omne
1523 3303 1606 3330 non
1632 3290 1710 3340 leg.
1742 3289 1783 3328 in
1813 3289 1918 3340 Vnt„
1958 3289 2028 3330 ubi
2056 3303 2147 3332 mox

279 3344 323 3397 7)
354 3346 590 3385 detrimentis
627 3367 686 3373 --
713 3346 852 3398 inopia
880 3368 939 3375 —-
974 3348 1141 3387 diversis
1197 3349 1241 3387 in
1267 3348 1381 3396 fidem
1413 3347 1570 3386 domini.
1602 3350 1638 3384 et
1664 3345 1833 3407 reliquos
1854 3345 1938 3385 dies
1959 3348 2145 3387 serviunt.

197 3402 418 3451 eyrimoniis
448 3401 554 3450 vat„
594 3406 632 3440 et
671 3401 744 3440 sub
782 3403 902 3442 finem
935 3403 1142 3455 multisque
1287 3401 1356 3452 11)
1387 3406 1475 3441 tuno
1505 3402 1712 3441 ascendent
1734 3401 1776 3438 in
1793 3402 2033 3451 praecordiis
2045 3400 2143 3451 vat„

198 3457 286 3495 aliis
318 3458 517 3496 excercitiis
547 3458 816 3498 incommodis.
1199 3457 1290 3497 dein
1319 3461 1534 3518 yesserunt·
1552 3467 1594 3506 p.
1620 3461 1883 3506 exercuerunt,
1915 3457 2025 3508 quod
2042 3468 2146 3497 man.

283 3511 325 3560 8)
356 3524 401 3550 ne
433 3514 641 3564 quiequam
666 3515 839 3564 pervenit
869 3514 937 3552 eis.
1196 3524 1338 3553 recens
1369 3510 1537 3560 margini
1570 3509 1796 3560 adscripsit.

281 3565 324 3617 9)
359 3569 525 3607 sucurrit
554 3569 617 3607 his
649 3580 721 3620 que
753 3569 855 3621 (erat
886 3567 970 3622 qui)
999 3570 1082 3609 Vat.
1291 3567 1359 3619 12)
1389 3567 1603 3618 meritoque
1647 3577 1687 3605 se
1729 3567 1858 3607 omnia
1887 3580 1972 3608 esse
1998 3581 2144 3620 passos
