2340 3900
657 95 952 142 BARNABAE
986 96 1272 147 EPISTOLA.
1323 100 1413 148 XV.
1453 100 1563 147 xvl.
2021 100 2087 152 37

119 232 372 282 sanctificat
407 233 571 295 aliquis
608 247 721 291 eam,
759 247 861 280 cum
897 236 1148 296 poterimus
1186 238 1274 299 ipsi
1310 241 1428 287 iusta
1463 240 1628 299 facere,
1664 248 1854 303 accepta
1889 243 2081 303 promis·

118 305 264 364 sione,
302 302 448 349 deleta
479 302 730 363 iniquitate,
767 304 938 350 novatis
975 317 1083 350 vero
1122 309 1297 353 cunctis
1334 323 1359 354 a
1395 309 1600 356 Domino.
1670 311 1796 357 Tunc
1830 311 2083 373 poterimus

118 372 239 420 diem
269 371 391 417 illam
420 371 736 429 sanctificare,
779 371 820 418 si
850 386 936 418 nos
985 373 1074 433 ipsi
1110 375 1237 434 prius
1275 376 1495 424 fuerimus
1532 378 1819 428 sanctificati.
1891 378 2080 427 Demum

117 441 206 488 illis
242 440 379 486 dicit:
416 440 660 496 ,novilunia
694 446 847 487 vestra
883 448 931 487 et
964 441 1152 488 sabbata
1191 451 1341 491 vestra
1377 461 1467 492 nou
1506 446 1634 494 [crof
1707 448 1920 505 Cernite,
1968 463 2079 510 quo·

112 509 251 557 modo
285 508 517 569 loquatur:
574 523 666 555 non
718 509 828 556 mihi
884 515 1072 571 accepta
1119 518 1226 557 sunt
1270 517 1529 573 praesentia
1565 516 1777 574 sabbata,
1832 517 1916 565 sed
1968 517 2081 564 illud

113 578 237 640 quod
272 592 359 638 ego
391 577 510 634 feci3
556 577 738 639 quando
784 578 987 635 scilicet,
1036 579 1260 626 universis
1298 580 1435 628 finem
1474 585 1745 645 imponenS,
1794 587 1941 633 octavi
1989 587 2079 633 diei

110 648 271 695 faciam
308 647 498 703 initium,
534 647 625 694 hoc
663 654 749 704 est,
785 648 961 694 initium
994 646 1185 695 alterius
1206 650 1375 696 mundi.
1439 651 1617 699 Idcirco
1655 661 1702 700 et
1725 654 1844 701 diem
1870 662 2078 702 octavum

110 717 155 763 in
189 715 360 762 laetitia
407 717 611 777 agimuS,
659 730 753 777 quo
802 723 851 763 et
892 717 1020 764 lesus
1065 719 1317 765 resurrexit
1352 734 1377 765 a
1410 722 1615 768 mortuis.
1683 723 1738 769 Et
1790 738 1893 770 cum
1941 738 2075 786 appa·

107 786 293 842 ruisset,
329 785 538 833 ascendit
576 785 634 832 ad
662 784 837 832 coelos,

372 923 483 970 xvl.
558 924 794 985 Templum
827 925 1073 986 spirituale
1110 925 1310 973 Domino
1343 927 1441 973 iam
1477 934 1799 976 constructum.

241 1033 402 1082 Adhuc
438 1041 485 1081 et
521 1032 579 1080 de
629 1034 801 1098 templo
851 1035 999 1083 dicam
1043 1035 1202 1092 vohis,
1248 1036 1479 1097 quomodo
1527 1044 1734 1084 errantes
1780 1039 1938 1086 miseri
1982 1055 2074 1087 non

105 1107 152 1154 in
186 1106 336 1167 ipsum
370 1105 527 1161 Deum,
558 1110 815 1152 creatorem
851 1106 1070 1167 ipsorum,
1108 1119 1237 1167 spem
1270 1105 1541 1162 habuerunt,
1578 1106 1658 1152 sed
1696 1108 1741 1152 in
1778 1108 1909 1165 viam,
1946 1111 2076 1170 quasi

105 1175 267 1223 domus
299 1174 379 1220 Dei
413 1179 551 1220 esset.
609 1173 718 1221 Nam
753 1174 852 1222 sere
887 1175 1032 1222 instar
1053 1175 1256 1237 gentium
1293 1174 1483 1221 illumin
1520 1176 1691 1236 templo
1729 1179 1929 1223 venerati
1956 1185 2074 1225 sunt.

104 1243 200 1292 Sed
244 1242 476 1305 quomodo
524 1243 740 1291 Dominus
788 1244 1028 1306 loquatur,
1079 1244 1390 1306 templumque
1439 1244 1615 1291 irritum
1663 1245 1825 1302 faciat,
1875 1248 2071 1293 animad-

103 1314 291 1362 vertite:
345 1313 465 1374 ,quis
513 1325 702 1359 mensus
750 1322 824 1361 est
869 1314 1051 1360 coelum
1102 1314 1353 1375 spithama,
1402 1320 1478 1359 aut
1527 1314 1627 1374 quis
1678 1321 1845 1360 terram
1891 1315 2071 1375 palma?

50 1409 59 1418 ·
102 1383 263 1432 Nonne
300 1382 421 1444 ego?
458 1382 575 1429 Dicit
609 1383 851 1433 Dominus:
904 1383 1083 1430 coelum
1118 1383 1229 1430 mihi
1265 1383 1458 1428 thronus
1498 1389 1593 1438 est,
1630 1388 1755 1429 terra
1792 1389 1941 1429 autem
1977 1398 2074 1430 sca·

102 1452 272 1501 benum
308 1451 474 1514 pedum
509 1466 731 1500 meorum.
798 1453 940 1510 Quam
975 1453 1086 1499 mihi
1124 1455 1307 1498 domum
1333 1450 1650 1508 aedificabitiS‚
1687 1458 1764 1498 aut
1799 1452 1901 1512 quis
1939 1452 2072 1500 locus

102 1523 323 1585 requietis
353 1518 528 1568 meae3‘
585 1521 883 1584 cognoscite,
929 1521 1053 1582 quod
1102 1534 1213 1567 vana
1251 1526 1321 1566 est
1371 1534 1478 1581 spes
1523 1520 1720 1567 illorum.
1788 1521 1843 1566 Et
1887 1521 2073 1568 tandem

102 1607 264 1641 rursus
300 1594 385 1639 ait:
433 1604 573 1647 ,ecce,
610 1593 690 1652 qui
726 1589 1278 1651 destruxerunttemplum
1320 1589 1423 1646 hoc,
1461 1591 1550 1652 ipsi
1586 1590 1700 1636 illud
1735 1589 2071 1637 aedificabunt.‘

101 1662 243 1724 quue
287 1662 453 1709 evenit.
521 1660 632 1706 Nam
680 1661 787 1722 quia
820 1659 990 1707 bellum
1026 1667 1301 1720 gesserunt,
1338 1659 1393 1705 ah
1431 1659 1642 1706 hostibus
1681 1659 1966 1706 destructum
2002 1667 2074 1706 est

103 1731 340 1794 templum3
376 1743 498 1776 nunc
534 1735 582 1775 et
615 1729 703 1791 ipsi
738 1730 941 1776 hostium
975 1729 1170 1775 ministri
1207 1727 1506 1775 reaedificant
1541 1728 1666 1775 illud.
1732 1729 1915 1785 lterum,
1948 1730 2073 1790 quod

103 1800 321 1848 tradenda
354 1805 480 1846 esset
514 1798 669 1846 civitas
705 1812 796 1845 una
835 1812 938 1846 cum
974 1797 1144 1859 templo
1193 1805 1240 1843 et
1291 1811 1395 1844 curn
1442 1798 1614 1859 populo
1666 1798 1947 1855 Israelitico,
2001 1805 2073 1844 est

103 1867 395 1916 declaratum.
470 1868 542 1914 Ait
576 1868 747 1929 quippe
781 1869 1036 1929 scriptura:
1090 1874 1153 1923 ‚et
1191 1868 1278 1913 erit
1315 1869 1360 1913 in
1396 1867 1655 1914 novissimis
1693 1867 1885 1924 diehuS,
1921 1868 2074 1914 tradet

101 1937 321 1985 Dominus
353 1950 463 1984 oves
497 1937 653 1998 pascui
689 1943 735 1983 et
782 1936 899 1983 ovile
944 1943 991 1983 et
1021 1936 1182 1982 turrim
1214 1949 1374 1983 eorum
1412 1936 1458 1981 in
1495 1933 1710 1982 exitium.‘
1780 1937 1926 1996 Atque
1965 1949 2070 1981 con·

101 2006 217 2067 tigit,
252 2005 633 2067 quemadmodum
667 2004 848 2054 locutus
884 2011 957 2051 est
991 2004 1222 2050 Dominus.
1294 2005 1571 2061 Quaeramus
1618 2004 1796 2064 itaque,
1831 2017 1888 2050 an
1925 2010 2070 2050 exstet

101 2074 252 2122 adhue
285 2074 503 2137 templum
538 2074 634 2122 Dei.
705 2073 890 2128 Existit,
940 2073 1019 2120 ubi
1069 2074 1263 2135 ipsemet
1309 2087 1359 2120 se
1410 2072 1519 2119 illud
1566 2072 1718 2120 facere
1755 2086 1808 2119 ac
1842 2071 2070 2134 perficere

104 2149 311 2191 tentatur.
382 2142 610 2207 Scriptum
645 2143 765 2191 enim
801 2150 898 2191 est:
934 2150 997 2200 ,et
1028 2143 1129 2198 erit,
1168 2142 1453 2189 hebdomada
1477 2142 1717 2203 completa,
1755 2140 2071 2188 aedificabitur

103 2277 209 2319 coni.
240 2277 362 2327 Uen„
404 2275 489 2319 τὸν
516 2270 670 2334 δόμον
707 2274 922 2329 proposuit
955 2273 1057 2323 Cot„

100 2329 186 2375 ver
220 2330 367 2375 οὐδὸν
401 2332 526 2375 scribi
570 2331 699 2373 voluit
737 2331 914 2373 Enoch.
955 2330 1056 2370 For-

97 2388 219 2430 tnui·
254 2388 535 2430 scribendum:
572 2384 653 2430 ἐπὶ
693 2384 780 2441 τὴν
812 2382 932 2429 ὁδὸν
973 2384 1054 2436 (vel

98 2439 274 2502 θύραν)
302 2443 462 2487 αὐτῶν
487 2438 715 2498 ἤλπισαν,
753 2441 833 2484 καὶ
860 2439 945 2484 οὐκ
973 2440 1055 2484 ἐπὶ

98 2500 184 2544 τὸν
212 2499 331 2545 θεὸν
360 2499 443 2545 τὸν
470 2495 734 2553 ποιήσαντα
763 2495 934 2546 αὐτοὺς
956 2498 1053 2540 κτλ.

183 2557 229 2609 2)
258 2557 447 2610 Evulgavi
476 2552 506 2611 ἢ
535 2569 582 2597 ex
616 2555 814 2597 net-*ov
846 2556 920 2596 lnt.
959 2561 1052 2606 vet„

97 2611 178 2657 καὶ
204 2614 268 2655 vu!
298 2645 309 2655 .
342 2614 441 2655 Lxx
470 2612 560 2655 lsai.
589 2613 659 2663 4⁰,
693 2612 758 2654 12.

182 2670 230 2723 3)
314 2669 602 2724 snpraadditur
627 2668 668 2710 in
697 2668 741 2710 C.

181 2727 229 2781 4)
260 2727 318 2769 lu
348 2726 461 2769 BOV
492 2726 613 2775 Lxx,
647 2718 992 2782 οἰκοδομήσατε
1023 2724 1052 2765 C

99 2784 202 2827 Uen.
258 2783 302 2825 ln
328 2784 358 2823 V
388 2796 475 2824 voc.
505 2779 635 2826 οἶκον
661 2793 766 2823 man.
795 2793 878 2822 sec.
907 2792 1054 2835 supra-

99 2840 273 2883 additur.
327 2839 418 2882 lsai.
450 2838 520 2890 66,
557 2838 593 2881 1.

183 2898 229 2950 5)
258 2896 287 2939 1.
319 2909 354 2939 e.
386 2902 525 2948 gentes
558 2894 842 2937 israelitarum.

100 2948 626 3054 ι..ἰ(ἳξθιήιιοδομήαῐουσι
685 2950 715 2992 B
759 2950 788 2991 C
851 2963 896 2992 c..
946 2950 1050 3003 vulg.

177 3041 190 3052 .
274 3041 287 3061 ‚
322 3010 387 3052 17.

182 3066 230 3120 7)
259 3064 517 3121 Spiritaliter,
549 3069 592 3106 ιιι
608 3075 700 3105 mox
716 3062 926 3104 videbitur.
956 3063 1053 3105 Men.

101 3122 250 3165 ladem
266 3120 509 3165 Gallieciolli
540 3120 591 3162 ad
609 3119 802 3174 tempium
823 3119 1054 3161 Salomonis

102 3179 227 3222 Μαι
285 3179 526 3221 observans:
579 3177 815 3218 Veramente
865 3175 1052 3217 Giuiieno

322 3234 494 3283 ordino,
545 3233 620 3275 che
656 3232 712 3284 gli
741 3231 860 3273 Ehrei
900 3232 1054 3274 riediss-

104 3302 266 3334 ωηο
298 3291 326 3333 ii
345 3290 528 3343 Tempio‚
557 3289 586 3330 ἰΙ
617 3289 691 3331 che
717 3301 799 3330 non
828 3287 949 3330 rinnel
980 3302 1055 3342 per

105 3346 145 3389 le
173 3348 329 3391 flamme
358 3348 433 3389 che
461 3346 653 3389 uscivano
679 3344 785 3386 daila
816 3351 935 3387 tem.
993 3346 1051 3386 Ma

293 3402 468 3447 mendo
515 3402 711 3445 aecaduto
764 3401 871 3442 circa
917 3399 1052 3443 Panno

175 3457 204 3502 l’
231 3460 310 3503 Bra
340 3459 504 3512 votgare
536 3459 635 3508 37⁰,
666 3470 748 3499 non
777 3459 857 3510 pue
888 3458 956 3511 qui
987 3471 1053 3498 es-

106 3527 198 3558 tere
223 3516 401 3559 indicato
435 3516 487 3558 da
517 3516 559 3557 S.
590 3514 785 3556 Bernaba.
848 3513 1052 3555 Nahuzar-

110 3569 189 3615 dun
218 3571 380 3629 dunque
411 3570 599 3627 generale
630 3570 671 3613 di
704 3569 1055 3614 Nabucodonosor

1111 2287 1157 2315 re
1189 2274 1228 2315 di
1263 2274 1484 2324 Bahilonia‚
1520 2287 1639 2327 prese
1675 2288 1696 2315 e
1726 2273 1912 2314 incendio
1944 2273 2072 2314 Gero-

1111 2330 1256 2371 soiima
1291 2330 1354 2371 col
1387 2330 1568 2383 Tempio‚
1602 2331 1630 2371 4
1659 2330 1753 2381 Reg.
1779 2330 1888 2370 XXV.
1950 2330 2069 2382 Dopo

1112 2386 1211 2427 Lxx
1233 2387 1325 2427 anni
1360 2386 1398 2427 di
1429 2386 1637 2437 schinum,
1669 2385 1762 2427 Ciro
1792 2398 1837 2426 re
1869 2386 1909 2426 di
1931 2385 2068 2426 Persia

1110 2454 1184 2494 per
1218 2443 1359 2483 ordine
1402 2443 1441 2483 di
1471 2443 1545 2484 Dio
1575 2442 1795 2484 rirahbrico
1826 2442 1854 2482 il
1886 2442 2067 2493 Tempio,

1109 2500 1136 2540 2
1169 2499 1298 2540 Paral.
1332 2499 1497 2550 XXXVI,
1530 2499 1606 2550 22,
1637 2499 1704 2541 23.
1766 2499 1798 2539 E
1836 2498 1876 2538 lo
1916 2497 2070 2538 reidifi-

1110 2568 1261 2596 carono
1305 2555 1360 2607 gli
1399 2556 1519 2597 Ebrei
1567 2555 1738 2596 ministri
1780 2569 1800 2596 e
1839 2554 1990 2594 sudditi
2030 2554 2069 2594 di

1112 2611 1227 2662 eim,
1263 2612 1280 2653 1
1314 2612 1431 2652 Esdr.
1461 2613 1477 2652 1
1513 2626 1535 2653 e
1566 2612 1612 2654 ΙΙ.
1673 2611 1744 2652 Cio
1777 2611 2070 2663 precisamcntc

1112 2667 1180 2721 qui
1212 2668 1300 2709 dice
1334 2670 1374 2709 S.
1393 2668 1589 2719 Barnaha,
1620 2668 1862 2710 avvertendo
1888 2667 2068 2716 insieme,

1113 2725 1186 2765 che
1217 2730 1319 2766 tutto
1351 2725 1574 2767 verificossi
1606 2738 1628 2765 a
1660 2725 1843 2778 puntino.

1199 2781 1224 2823 8
1276 2777 1698 2840 ἀνοικοδομ’σουσι
1730 2781 1759 2821 Β
1791 2781 1892 2824 Men.

1197 2838 1223 2879 9
1276 2839 1395 2879 Vocc.
1424 2840 1501 2881 καὶ
1594 2837 1709 2885 ναὸς
1740 2836 1973 2878 exciderunt
2003 2847 2067 2887 ap.

1112 2894 1225 2936 Voss.
1261 2901 1301 2936 et
1330 2895 1445 2936 alios.

1200 2951 1270 3003 10)
1299 2952 1430 3003 Haec,
1471 2958 1593 3005 prout
1631 2950 1695 2991 hic
1729 2949 1945 2998 habentur,
1986 2960 2065 2988 non

1109 3014 1203 3049 sunt
1238 3008 1278 3062 in
1318 3014 1400 3049 tota
1434 3009 1655 3061 Scriptura.
1693 3006 1791 3047 Men.
1850 3005 1930 3045 Csr.
1981 3003 2070 3044 lsai.

1111 3078 1145 3105 c.
1181 3066 1219 3107 5.
1265 3065 1345 3106 Jer.
1377 3078 1410 3105 c.
1446 3066 1496 3107 15
1530 3070 1570 3105 et
1600 3064 1667 3105 25.
1699 3062 1814 3103 Mich.
1845 3074 1877 3102 c.
1908 3060 1948 3101 4.

1197 3120 1269 3174 11)
1297 3116 1607 3177 ἔπαισχάτῶν
1635 3118 1733 3172 (sic)
1767 3118 1807 3158 V.

1198 3176 1268 3231 12)
1298 3175 1429 3220 καθὰ
1457 3179 1501 3228 Β,
1531 3173 1652 3219 κατὰ
1681 3189 1719 3228 p.
1753 3170 1867 3215 καθ’
1903 3165 1932 3213 ἃ
1966 3171 2069 3212 Men.

1199 3234 1270 3285 13)
1299 3234 1380 3275 lam
1425 3234 1629 3275 destructo
1666 3230 1816 3283 templo
1864 3228 2066 3269 nierosol.

1112 3291 1279 3344 quaerit,
1310 3303 1358 3330 an
1379 3291 1547 3331 alterum
1573 3288 1763 3341 tempium
1784 3295 2064 3326 successurum

1110 3347 1174 3388 sit.
1214 3347 1309 3388 Men.
1349 3343 1451 3388 ἐστὶ
1485 3347 1574 3386 OV.

1202 3404 1251 3445 14
1304 3403 1401 3443 nan.
1423 3403 1462 3450 9,
1487 3401 1552 3443 24.
1571 3401 1637 3442 25.
1671 3399 1737 3440 27.
1771 3398 1912 3449 Aggnc.
1934 3396 1975 3447 2,
2002 3395 2065 3437 10.

1199 3403 1271 3511 153
1298 3452 1757 3523 οἰκοδομηθήσονται
1791 3454 1819 3494 C
1853 3454 1952 3494 Men.

1200 3515 1269 3566 16)
1306 3514 1460 3568 Scripsi
1485 3509 1688 3559 ἐνδόξως
1714 3525 1748 3551 c.
1780 3510 1812 3551 Ο
1835 3509 1863 3550 V
1897 3509 1968 3550 int.
1998 3521 2067 3549 ve-

1110 3578 1195 3613 tere
1227 3571 1349 3613 Ciem.
1382 3571 1502 3620 Alex„
1532 3565 1720 3616 ἔνδοξος
1749 3567 1777 3608 Β
1800 3566 1829 3607 C
1854 3566 1882 3607 F
1918 3564 2022 3617 vuig.
