<?xml version="1.0" encoding="UTF-8"?>
<!DOCTYPE html PUBLIC "-//W3C//DTD XHTML 1.0 Transitional//EN"
    "http://www.w3.org/TR/xhtml1/DTD/xhtml1-transitional.dtd">
<html xmlns="http://www.w3.org/1999/xhtml" xml:lang="en" lang="en">
 <head>
  <title>
</title>
<meta http-equiv="Content-Type" content="text/html;charset=utf-8" />
  <meta name='ocr-system' content='tesseract 3.04.00' />
  <meta name='ocr-capabilities' content='ocr_page ocr_carea ocr_par ocr_line ocrx_word'/>
</head>
<body>
  <div class='ocr_page' id='page_1' title='image "./patrumapostolico00dresuoft_0326.png"; bbox 0 0 2340 3900; ppageno 0'>
   <div class='ocr_carea' id='block_1_1' title="bbox 180 180 1958 234">
    <p class='ocr_par' dir='ltr' id='par_1_1' title="bbox 180 180 1958 234">
     <span class='ocr_line' id='line_1_1' title="bbox 180 180 1958 234; baseline 0.001 -3"><span class='ocrx_word' id='word_1_1' title='bbox 180 180 279 231; x_wconf 87' lang='lat'><strong>220</strong></span> <span class='ocrx_word' id='word_1_2' title='bbox 357 182 562 230; x_wconf 83' lang='lat' dir='ltr'><strong>MARIAE</strong></span> <span class='ocrx_word' id='word_1_3' title='bbox 601 180 1018 228; x_wconf 82' lang='lat' dir='ltr'><strong>CASSOBOLITAE</strong></span> <span class='ocrx_word' id='word_1_4' title='bbox 1054 182 1322 232; x_wconf 86' lang='lat' dir='ltr'><strong>EPISTOLA</strong></span> <span class='ocrx_word' id='word_1_5' title='bbox 1358 186 1394 232; x_wconf 88' lang='lat' dir='ltr'><strong>A</strong></span> <span class='ocrx_word' id='word_1_6' title='bbox 1427 185 1744 234; x_wconf 85' lang='lat' dir='ltr'><strong>AGINATIUM.</strong></span> <span class='ocrx_word' id='word_1_7' title='bbox 1797 187 1848 234; x_wconf 93' lang='lat' dir='ltr'><strong>ll.</strong></span> <span class='ocrx_word' id='word_1_8' title='bbox 1885 187 1958 233; x_wconf 89' lang='lat'><strong>111.</strong></span> 
     </span>
    </p>
   </div>
   <div class='ocr_carea' id='block_1_2' title="bbox 176 308 2132 592">
    <p class='ocr_par' dir='ltr' id='par_1_2' title="bbox 176 308 2131 592">
     <span class='ocr_line' id='line_1_2' title="bbox 179 308 2131 400; baseline 0.004 -34"><span class='ocrx_word' id='word_1_9' title='bbox 179 315 300 375; x_wconf 81' lang='grc' dir='ltr'><strong><em>υἱεῖς</em></strong></span> <span class='ocrx_word' id='word_1_10' title='bbox 331 317 458 365; x_wconf 85' lang='grc' dir='ltr'><strong>Θεοῦ</strong></span> <span class='ocrx_word' id='word_1_11' title='bbox 483 312 597 364; x_wconf 74' lang='grc' dir='ltr'><strong>τῶν6</strong></span> <span class='ocrx_word' id='word_1_12' title='bbox 619 308 814 363; x_wconf 80' lang='grc' dir='ltr'><em>πάντων</em></span> <span class='ocrx_word' id='word_1_13' title='bbox 835 313 992 365; x_wconf 85' lang='grc' dir='ltr'><em>αἰτίου</em></span> <span class='ocrx_word' id='word_1_14' title='bbox 1013 334 1128 400; x_wconf 76' lang='grc' dir='ltr'><em>προ·</em></span> <span class='ocrx_word' id='word_1_15' title='bbox 1184 323 1360 371; x_wconf 90' lang='lat' dir='ltr'><strong>nientes</strong></span> <span class='ocrx_word' id='word_1_16' title='bbox 1413 326 1529 371; x_wconf 85' lang='lat' dir='ltr'><strong>filios</strong></span> <span class='ocrx_word' id='word_1_17' title='bbox 1584 327 1673 373; x_wconf 91' lang='lat' dir='ltr'><strong>Deo</strong></span> <span class='ocrx_word' id='word_1_18' title='bbox 1723 327 1922 372; x_wconf 90' lang='lat' dir='ltr'><strong>omnium</strong></span> <span class='ocrx_word' id='word_1_19' title='bbox 1970 340 2131 374; x_wconf 86' lang='lat' dir='ltr'><strong>causae</strong></span> 
     </span>
     <span class='ocr_line' id='line_1_3' title="bbox 176 380 2132 465; baseline 0.003 -29"><span class='ocrx_word' id='word_1_20' title='bbox 176 380 437 465; x_wconf 86' lang='grc' dir='ltr'><em>τετιμήκει,</em></span> <span class='ocrx_word' id='word_1_21' title='bbox 473 381 555 432; x_wconf 90' lang='grc' dir='ltr'><strong>καὶ</strong></span> <span class='ocrx_word' id='word_1_22' title='bbox 598 382 871 443; x_wconf 69' lang='grc' dir='ltr'><strong>παίζοντας1</strong></span> <span class='ocrx_word' id='word_1_23' title='bbox 922 383 990 443; x_wconf 85' lang='grc' dir='ltr'><strong>εἰς</strong></span> <span class='ocrx_word' id='word_1_24' title='bbox 1041 381 1130 450; x_wconf 88' lang='grc' dir='ltr'><em>τὴν</em></span> <span class='ocrx_word' id='word_1_25' title='bbox 1183 394 1541 452; x_wconf 85' lang='lat' dir='ltr'><strong>praehonoravit,</strong></span> <span class='ocrx_word' id='word_1_26' title='bbox 1581 402 1626 442; x_wconf 90' lang='lat' dir='ltr'><strong>et</strong></span> <span class='ocrx_word' id='word_1_27' title='bbox 1661 395 1866 442; x_wconf 87' lang='lat' dir='ltr'><strong>ludentes</strong></span> <span class='ocrx_word' id='word_1_28' title='bbox 1902 395 1948 440; x_wconf 91' lang='lat' dir='ltr'><strong>in</strong></span> <span class='ocrx_word' id='word_1_29' title='bbox 1983 410 2132 442; x_wconf 90' lang='lat' dir='ltr'><strong>sacer-</strong></span> 
     </span>
     <span class='ocr_line' id='line_1_4' title="bbox 177 447 2131 524; baseline 0.004 -21"><span class='ocrx_word' id='word_1_30' title='bbox 177 449 441 519; x_wconf 79' lang='grc' dir='ltr'><em>ἱερωσύνην</em></span> <span class='ocrx_word' id='word_1_31' title='bbox 474 450 577 501; x_wconf 64' lang='grc' dir='ltr'><strong>καὶ8</strong></span> <span class='ocrx_word' id='word_1_32' title='bbox 613 451 681 511; x_wconf 89' lang='grc' dir='ltr'><strong>εἰς</strong></span> <span class='ocrx_word' id='word_1_33' title='bbox 713 447 798 502; x_wconf 87' lang='grc' dir='ltr'><em>τὸν</em></span> <span class='ocrx_word' id='word_1_34' title='bbox 832 447 950 503; x_wconf 89' lang='grc' dir='ltr'><em>λαὸν</em></span> <span class='ocrx_word' id='word_1_35' title='bbox 997 449 1128 506; x_wconf 84' lang='grc' dir='ltr'><em>ἆσελ-</em></span> <span class='ocrx_word' id='word_1_36' title='bbox 1184 461 1354 508; x_wconf 84' lang='lat' dir='ltr'><strong>dotium</strong></span> <span class='ocrx_word' id='word_1_37' title='bbox 1401 471 1447 510; x_wconf 88' lang='lat' dir='ltr'><strong>et</strong></span> <span class='ocrx_word' id='word_1_38' title='bbox 1493 465 1538 508; x_wconf 89' lang='lat' dir='ltr'><strong>in</strong></span> <span class='ocrx_word' id='word_1_39' title='bbox 1588 464 1804 524; x_wconf 91' lang='lat' dir='ltr'><strong>populum</strong></span> <span class='ocrx_word' id='word_1_40' title='bbox 1859 464 2131 510; x_wconf 76' lang='lat' dir='ltr'><strong>luxuriantes</strong></span> 
     </span>
     <span class='ocr_line' id='line_1_5' title="bbox 177 517 1644 592; baseline 0.004 -20"><span class='ocrx_word' id='word_1_41' title='bbox 177 523 428 590; x_wconf 83' lang='grc' dir='ltr'><em>γαίνοντας</em></span> <span class='ocrx_word' id='word_1_42' title='bbox 461 520 618 572; x_wconf 82' lang='grc' dir='ltr'><em>εἰάσεν</em></span> <span class='ocrx_word' id='word_1_43' title='bbox 652 517 994 588; x_wconf 81' lang='grc' dir='ltr'><em>ἀτιμωρήτους.</em></span> <span class='ocrx_word' id='word_1_44' title='bbox 1183 529 1349 577; x_wconf 79' lang='lat' dir='ltr'><strong>dimisit</strong></span> <span class='ocrx_word' id='word_1_45' title='bbox 1384 533 1644 592; x_wconf 90' lang='lat' dir='ltr'><strong>impunitos.</strong></span> 
     </span>
    </p>
   </div>
   <div class='ocr_carea' id='block_1_3' title="bbox 188 666 2166 746">
    <p class='ocr_par' dir='ltr' id='par_1_3' title="bbox 188 666 2166 746">
     <span class='ocr_line' id='line_1_6' title="bbox 188 666 2166 746; baseline 0.004 -21"><span class='ocrx_word' id='word_1_46' title='bbox 188 680 384 726; x_wconf 89' lang='lat' dir='ltr'><strong>omnium</strong></span> <span class='ocrx_word' id='word_1_47' title='bbox 423 679 594 725; x_wconf 87' lang='lat' dir='ltr'><strong>auctori</strong></span> <span class='ocrx_word' id='word_1_48' title='bbox 633 679 909 740; x_wconf 85' lang='lat' dir='ltr'><strong>praetulerit,</strong></span> <span class='ocrx_word' id='word_1_49' title='bbox 947 688 993 727; x_wconf 91' lang='lat' dir='ltr'><strong>et</strong></span> <span class='ocrx_word' id='word_1_50' title='bbox 1029 682 1333 729; x_wconf 80' lang='lat' dir='ltr'><strong>sacerdotium</strong></span> <span class='ocrx_word' id='word_1_51' title='bbox 1369 683 1562 730; x_wconf 88' lang='lat' dir='ltr'><strong>ludibrio</strong></span> <span class='ocrx_word' id='word_1_52' title='bbox 1600 683 1832 740; x_wconf 88' lang='lat' dir='ltr'><strong>habentes,</strong></span> <span class='ocrx_word' id='word_1_53' title='bbox 1866 684 2129 746; x_wconf 87' lang='lat' dir='ltr'>populoque</span> <span class='ocrx_word' id='word_1_54' title='bbox 2164 666 2166 669; x_wconf 22' lang='grc' dir='ltr'>Ι</span> 
     </span>
    </p>
   </div>
   <div class='ocr_carea' id='block_1_4' title="bbox 178 747 1315 811">
    <p class='ocr_par' dir='ltr' id='par_1_4' title="bbox 178 747 1315 811">
     <span class='ocr_line' id='line_1_7' title="bbox 178 747 1315 811; baseline 0.004 -17"><span class='ocrx_word' id='word_1_55' title='bbox 178 749 394 809; x_wconf 87' lang='lat' dir='ltr'><strong>nequiter</strong></span> <span class='ocrx_word' id='word_1_56' title='bbox 430 747 700 795; x_wconf 90' lang='lat' dir='ltr'><strong>insultantes</strong></span> <span class='ocrx_word' id='word_1_57' title='bbox 738 749 1028 811; x_wconf 82' lang='lat' dir='ltr'><strong>incastigatos</strong></span> <span class='ocrx_word' id='word_1_58' title='bbox 1066 751 1315 811; x_wconf 82' lang='lat' dir='ltr'><strong>reliquerit.</strong></span> 
     </span>
    </p>
   </div>
   <div class='ocr_carea' id='block_1_5' title="bbox 175 895 1127 2273">
    <p class='ocr_par' dir='ltr' id='par_1_5' title="bbox 283 895 1125 965">
     <span class='ocr_line' id='line_1_8' title="bbox 283 895 1125 965; baseline 0.004 -15"><span class='ocrx_word' id='word_1_59' title='bbox 283 906 354 951; x_wconf 92' lang='lat'><strong>111.</strong></span> <span class='ocrx_word' id='word_1_60' title='bbox 417 895 605 965; x_wconf 82' lang='grc' dir='ltr'><em>Δανιὴλ</em></span> <span class='ocrx_word' id='word_1_61' title='bbox 646 898 698 950; x_wconf 82' lang='grc' dir='ltr'><strong>δὲ</strong></span> <span class='ocrx_word' id='word_1_62' title='bbox 738 896 765 951; x_wconf 84' lang='grc' dir='ltr'>ὁ</span> <span class='ocrx_word' id='word_1_63' title='bbox 797 897 977 965; x_wconf 84' lang='grc' dir='ltr'><em>σοφὸς,</em></span> <span class='ocrx_word' id='word_1_64' title='bbox 1017 900 1125 962; x_wconf 87' lang='grc' dir='ltr'><em>νέος</em></span> 
     </span>
    </p>

    <p class='ocr_par' dir='ltr' id='par_1_6' title="bbox 175 966 1127 2273">
     <span class='ocr_line' id='line_1_9' title="bbox 345 966 1124 1057; baseline 0.004 -38"><span class='ocrx_word' id='word_1_65' title='bbox 345 968 543 1054; x_wconf 72' lang='grc' dir='ltr'><strong>ἔκρινεν1</strong></span> <span class='ocrx_word' id='word_1_66' title='bbox 597 966 955 1057; x_wconf 82' lang='grc' dir='ltr'><em>ὠμογέροντάς</em></span> <span class='ocrx_word' id='word_1_67' title='bbox 974 990 1124 1034; x_wconf 89' lang='grc' dir='ltr'><em>τινας,</em></span> 
     </span>
     <span class='ocr_line' id='line_1_10' title="bbox 178 1035 1123 1128; baseline 0.005 -41"><span class='ocrx_word' id='word_1_68' title='bbox 178 1038 336 1099; x_wconf 82' lang='grc' dir='ltr'><em>δείξας</em></span> <span class='ocrx_word' id='word_1_69' title='bbox 371 1035 557 1100; x_wconf 81' lang='grc' dir='ltr'><strong><em>ἐξώλεις</em></strong></span> <span class='ocrx_word' id='word_1_70' title='bbox 592 1035 771 1100; x_wconf 80' lang='grc' dir='ltr'><em>αὐτοὺς</em></span> <span class='ocrx_word' id='word_1_71' title='bbox 796 1040 877 1092; x_wconf 90' lang='grc' dir='ltr'><strong>καὶ</strong></span> <span class='ocrx_word' id='word_1_72' title='bbox 902 1036 961 1092; x_wconf 77' lang='grc' dir='ltr'><strong>οὗ</strong></span> <span class='ocrx_word' id='word_1_73' title='bbox 984 1057 1123 1128; x_wconf 85' lang='grc' dir='ltr'><em>πρεσ-</em></span> 
     </span>
     <span class='ocr_line' id='line_1_11' title="bbox 175 1103 1123 1193; baseline 0.003 -35"><span class='ocrx_word' id='word_1_74' title='bbox 175 1106 406 1193; x_wconf 87' lang='grc' dir='ltr'><em>βυτέρους</em></span> <span class='ocrx_word' id='word_1_75' title='bbox 443 1103 591 1170; x_wconf 80' lang='grc' dir='ltr'><em>εἶναι,</em></span> <span class='ocrx_word' id='word_1_76' title='bbox 630 1108 712 1160; x_wconf 88' lang='grc' dir='ltr'><strong>καὶ</strong></span> <span class='ocrx_word' id='word_1_77' title='bbox 747 1114 814 1180; x_wconf 81' lang='grc' dir='ltr'><strong>τῷ</strong></span> <span class='ocrx_word' id='word_1_78' title='bbox 848 1109 973 1178; x_wconf 89' lang='grc' dir='ltr'><em>γένει</em></span> <span class='ocrx_word' id='word_1_79' title='bbox 1001 1107 1123 1162; x_wconf 87' lang='lat' dir='ltr'><strong>&#39;Iov-</strong></span> 
     </span>
     <span class='ocr_line' id='line_1_12' title="bbox 180 1162 1123 1266; baseline 0.004 -39"><span class='ocrx_word' id='word_1_80' title='bbox 180 1174 397 1238; x_wconf 75' lang='grc' dir='ltr'><em>δαίους”</em></span> <span class='ocrx_word' id='word_1_81' title='bbox 370 1197 525 1240; x_wconf 86' lang='grc' dir='ltr'><em>οντας,</em></span> <span class='ocrx_word' id='word_1_82' title='bbox 541 1183 607 1246; x_wconf 80' lang='grc' dir='ltr'><strong>τῷ</strong></span> <span class='ocrx_word' id='word_1_83' title='bbox 614 1162 792 1266; x_wconf 81' lang='grc' dir='ltr'><em>τρόπω</em></span> <span class='ocrx_word' id='word_1_84' title='bbox 811 1181 1123 1240; x_wconf 82' lang='grc' dir='ltr'><em>Χαναναίους</em></span> 
     </span>
     <span class='ocr_line' id='line_1_13' title="bbox 176 1232 1121 1315; baseline 0.003 -18"><span class='ocrx_word' id='word_1_85' title='bbox 176 1266 418 1314; x_wconf 75' lang='grc' dir='ltr'><em>υπαρχειν.</em></span> <span class='ocrx_word' id='word_1_86' title='bbox 493 1248 592 1299; x_wconf 92' lang='grc' dir='ltr'><strong>Καὶ</strong></span> <span class='ocrx_word' id='word_1_87' title='bbox 614 1232 865 1315; x_wconf 88' lang='grc' dir='ltr'><em>Ἰερεμίας,</em></span> <span class='ocrx_word' id='word_1_88' title='bbox 914 1246 995 1299; x_wconf 83' lang='grc' dir='ltr'><strong>διὰ</strong></span> <span class='ocrx_word' id='word_1_89' title='bbox 1043 1246 1121 1300; x_wconf 78' lang='grc' dir='ltr'><strong>τὸ2</strong></span> 
     </span>
     <span class='ocr_line' id='line_1_14' title="bbox 177 1316 1122 1404; baseline 0.001 -37"><span class='ocrx_word' id='word_1_90' title='bbox 177 1316 288 1368; x_wconf 84' lang='grc' dir='ltr'><em>νέον</em></span> <span class='ocrx_word' id='word_1_91' title='bbox 307 1336 688 1404; x_wconf 74' lang='grc' dir='ltr'><em>παραιτουμένος</em></span> <span class='ocrx_word' id='word_1_92' title='bbox 710 1316 798 1384; x_wconf 87' lang='grc' dir='ltr'><em>τὴν</em></span> <span class='ocrx_word' id='word_1_93' title='bbox 823 1318 1122 1388; x_wconf 78' lang='grc' dir='ltr'><em>ἕγχειριζομέ-</em></span> 
     </span>
     <span class='ocr_line' id='line_1_15' title="bbox 180 1383 1124 1473; baseline 0.002 -37"><span class='ocrx_word' id='word_1_94' title='bbox 180 1406 273 1452; x_wconf 84' lang='grc' dir='ltr'><strong>νην</strong></span> <span class='ocrx_word' id='word_1_95' title='bbox 301 1384 433 1471; x_wconf 78' lang='grc' dir='ltr'><em>αὐτῷ</em></span> <span class='ocrx_word' id='word_1_96' title='bbox 454 1383 591 1473; x_wconf 87' lang='grc' dir='ltr'><em>πρὸς</em></span> <span class='ocrx_word' id='word_1_97' title='bbox 607 1392 694 1438; x_wconf 83' lang='grc' dir='ltr'><strong>τοῦ</strong></span> <span class='ocrx_word' id='word_1_98' title='bbox 719 1390 846 1440; x_wconf 83' lang='grc' dir='ltr'><em>Θεοῦ</em></span> <span class='ocrx_word' id='word_1_99' title='bbox 868 1389 1124 1456; x_wconf 86' lang='grc' dir='ltr'><em>προφητεί-</em></span> 
     </span>
     <span class='ocr_line' id='line_1_16' title="bbox 175 1452 1123 1545; baseline 0.002 -39"><span class='ocrx_word' id='word_1_100' title='bbox 175 1476 252 1518; x_wconf 88' lang='grc' dir='ltr'><strong>αν,</strong></span> <span class='ocrx_word' id='word_1_101' title='bbox 270 1453 462 1508; x_wconf 76' lang='grc' dir='ltr'><em>ἀκούει·</em></span> <span class='ocrx_word' id='word_1_102' title='bbox 502 1452 597 1542; x_wconf 90' lang='grc' dir='ltr'><strong>Μὴ</strong></span> <span class='ocrx_word' id='word_1_103' title='bbox 618 1457 736 1526; x_wconf 88' lang='grc' dir='ltr'><em>λέγε,</em></span> <span class='ocrx_word' id='word_1_104' title='bbox 743 1455 981 1545; x_wconf 83' lang='grc' dir='ltr'><em>νεώτερος</em></span> <span class='ocrx_word' id='word_1_105' title='bbox 1006 1459 1123 1524; x_wconf 83' lang='grc' dir='ltr'><em>εἶμί·</em></span> 
     </span>
     <span class='ocr_line' id='line_1_17' title="bbox 177 1523 1126 1594; baseline 0.003 -18"><span class='ocrx_word' id='word_1_106' title='bbox 177 1523 301 1577; x_wconf 82' lang='grc' dir='ltr'><em>διότι</em></span> <span class='ocrx_word' id='word_1_107' title='bbox 335 1523 456 1594; x_wconf 84' lang='grc' dir='ltr'><em>πρὸς</em></span> <span class='ocrx_word' id='word_1_108' title='bbox 479 1545 679 1590; x_wconf 87' lang='grc' dir='ltr'><em>παντας,</em></span> <span class='ocrx_word' id='word_1_109' title='bbox 709 1548 797 1588; x_wconf 90' lang='grc' dir='ltr'><strong>ους</strong></span> <span class='ocrx_word' id='word_1_110' title='bbox 834 1525 919 1579; x_wconf 78' lang='grc' dir='ltr'><em>ἐὰν</em></span> <span class='ocrx_word' id='word_1_111' title='bbox 959 1527 1126 1588; x_wconf 79' lang='grc' dir='ltr'><em>ἐξαπο-</em></span> 
     </span>
     <span class='ocr_line' id='line_1_18' title="bbox 179 1593 1120 1668; baseline 0.001 -21"><span class='ocrx_word' id='word_1_112' title='bbox 179 1599 324 1647; x_wconf 80' lang='grc' dir='ltr'><em>στελῶ</em></span> <span class='ocrx_word' id='word_1_113' title='bbox 351 1612 419 1658; x_wconf 92' lang='grc' dir='ltr'><strong>σε,</strong></span> <span class='ocrx_word' id='word_1_114' title='bbox 438 1593 666 1668; x_wconf 74' lang='grc' dir='ltr'><em>πορεύσῃ,</em></span> <span class='ocrx_word' id='word_1_115' title='bbox 692 1597 774 1649; x_wconf 84' lang='grc' dir='ltr'><strong>καὶ</strong></span> <span class='ocrx_word' id='word_1_116' title='bbox 797 1594 919 1649; x_wconf 83' lang='grc' dir='ltr'><em>κατὰ</em></span> <span class='ocrx_word' id='word_1_117' title='bbox 945 1595 1120 1660; x_wconf 81' lang='grc' dir='ltr'><em>πάντα,</em></span> 
     </span>
     <span class='ocr_line' id='line_1_19' title="bbox 175 1649 1122 1750; baseline 0.003 -35"><span class='ocrx_word' id='word_1_118' title='bbox 175 1662 268 1716; x_wconf 89' lang='grc' dir='ltr'><strong>όσα</strong></span> <span class='ocrx_word' id='word_1_119' title='bbox 313 1662 373 1716; x_wconf 65' lang='lat' dir='ltr'><strong>div</strong></span> <span class='ocrx_word' id='word_1_120' title='bbox 422 1649 698 1750; x_wconf 79' lang='grc' dir='ltr'><em>ἐντείλωμαί</em></span> <span class='ocrx_word' id='word_1_121' title='bbox 731 1682 831 1730; x_wconf 90' lang='grc' dir='ltr'><em>σοι,</em></span> <span class='ocrx_word' id='word_1_122' title='bbox 867 1664 1122 1732; x_wconf 67' lang='grc' dir='ltr'><em>λαλήσεις,3</em></span> 
     </span>
     <span class='ocr_line' id='line_1_20' title="bbox 179 1732 1123 1803; baseline 0.003 -18"><span class='ocrx_word' id='word_1_123' title='bbox 179 1732 254 1785; x_wconf 87' lang='grc' dir='ltr'><strong>ότι</strong></span> <span class='ocrx_word' id='word_1_124' title='bbox 288 1754 405 1799; x_wconf 90' lang='grc' dir='ltr'><em>μετα</em></span> <span class='ocrx_word' id='word_1_125' title='bbox 439 1740 529 1786; x_wconf 81' lang='grc' dir='ltr'><strong>σοῦ</strong></span> <span class='ocrx_word' id='word_1_126' title='bbox 561 1732 653 1803; x_wconf 78' lang='grc' dir='ltr'><strong>ἐγω</strong></span> <span class='ocrx_word' id='word_1_127' title='bbox 702 1737 811 1802; x_wconf 84' lang='grc' dir='ltr'><em>εἰμι,</em></span> <span class='ocrx_word' id='word_1_128' title='bbox 890 1741 1123 1803; x_wconf 82' lang='grc' dir='ltr'><em>Σολομῶν</em></span> 
     </span>
     <span class='ocr_line' id='line_1_21' title="bbox 179 1801 1124 1893; baseline 0.003 -39"><span class='ocrx_word' id='word_1_129' title='bbox 179 1802 232 1854; x_wconf 93' lang='grc' dir='ltr'><strong>δε</strong></span> <span class='ocrx_word' id='word_1_130' title='bbox 280 1801 309 1854; x_wconf 83' lang='grc' dir='ltr'>ὁ</span> <span class='ocrx_word' id='word_1_131' title='bbox 346 1801 516 1868; x_wconf 87' lang='grc' dir='ltr'><em>σοφός,</em></span> <span class='ocrx_word' id='word_1_132' title='bbox 554 1806 846 1856; x_wconf 84' lang='grc' dir='ltr'><em>δυοκαίδεκα</em></span> <span class='ocrx_word' id='word_1_133' title='bbox 874 1805 1124 1893; x_wconf 79' lang='grc' dir='ltr'><em>τυγχάνων</em></span> 
     </span>
     <span class='ocr_line' id='line_1_22' title="bbox 175 1871 1126 1964; baseline 0.004 -41"><span class='ocrx_word' id='word_1_134' title='bbox 175 1873 307 1936; x_wconf 78' lang='grc' dir='ltr'><em>ἐτῶν,</em></span> <span class='ocrx_word' id='word_1_135' title='bbox 345 1877 524 1939; x_wconf 80' lang='grc' dir='ltr'><em>συνῆκε</em></span> <span class='ocrx_word' id='word_1_136' title='bbox 555 1871 608 1925; x_wconf 89' lang='grc' dir='ltr'><strong>τὸ</strong></span> <span class='ocrx_word' id='word_1_137' title='bbox 627 1874 750 1962; x_wconf 88' lang='grc' dir='ltr'><em>μέγα</em></span> <span class='ocrx_word' id='word_1_138' title='bbox 775 1879 863 1940; x_wconf 83' lang='grc' dir='ltr'><strong>τῆς</strong></span> <span class='ocrx_word' id='word_1_139' title='bbox 886 1873 1126 1964; x_wconf 79' lang='grc' dir='ltr'><em>ἀγνωσίας</em></span> 
     </span>
     <span class='ocr_line' id='line_1_23' title="bbox 178 1942 1124 2032; baseline 0.004 -40"><span class='ocrx_word' id='word_1_140' title='bbox 178 1946 274 1993; x_wconf 83' lang='grc' dir='ltr'><em>τῶν</em></span> <span class='ocrx_word' id='word_1_141' title='bbox 292 1947 537 2027; x_wconf 82' lang='grc' dir='ltr'><em>γυναικῶν</em></span> <span class='ocrx_word' id='word_1_142' title='bbox 564 1942 642 1994; x_wconf 84' lang='grc' dir='ltr'><strong>έπὶ</strong></span> <span class='ocrx_word' id='word_1_143' title='bbox 664 1949 765 2004; x_wconf 85' lang='grc' dir='ltr'><em>τοῖς</em></span> <span class='ocrx_word' id='word_1_144' title='bbox 789 1945 1037 2032; x_wconf 83' lang='grc' dir='ltr'><em>σφετέροις</em></span> <span class='ocrx_word' id='word_1_145' title='bbox 1058 1943 1124 1995; x_wconf 91' lang='grc' dir='ltr'><strong>τέ-</strong></span> 
     </span>
     <span class='ocr_line' id='line_1_24' title="bbox 175 2008 1124 2077; baseline 0.004 -16"><span class='ocrx_word' id='word_1_146' title='bbox 175 2030 311 2071; x_wconf 90' lang='grc' dir='ltr'><em>κνοις</em></span> <span class='ocrx_word' id='word_1_147' title='bbox 328 2008 523 2077; x_wconf 82' lang='grc' dir='ltr'><em>ζήτημα,</em></span> <span class='ocrx_word' id='word_1_148' title='bbox 542 2008 625 2073; x_wconf 74' lang='grc' dir='ltr'><strong>ως4</strong></span> <span class='ocrx_word' id='word_1_149' title='bbox 643 2009 800 2064; x_wconf 83' lang='grc' dir='ltr'><em>πάντα</em></span> <span class='ocrx_word' id='word_1_150' title='bbox 819 2010 904 2065; x_wconf 88' lang='grc' dir='ltr'><em>τὸν</em></span> <span class='ocrx_word' id='word_1_151' title='bbox 915 2012 1048 2066; x_wconf 84' lang='grc' dir='ltr'><em>λαὸν</em></span> <span class='ocrx_word' id='word_1_152' title='bbox 1053 2014 1124 2065; x_wconf 80' lang='grc' dir='ltr'><strong>ἐκ·</strong></span> 
     </span>
     <span class='ocr_line' id='line_1_25' title="bbox 176 2079 1127 2154; baseline 0.004 -24"><span class='ocrx_word' id='word_1_153' title='bbox 176 2085 345 2146; x_wconf 84' lang='grc' dir='ltr'><em>στῆναι</em></span> <span class='ocrx_word' id='word_1_154' title='bbox 382 2080 460 2133; x_wconf 79' lang='grc' dir='ltr'><strong>ἐπὶ</strong></span> <span class='ocrx_word' id='word_1_155' title='bbox 493 2086 552 2152; x_wconf 78' lang='grc' dir='ltr'><strong>τῇ</strong></span> <span class='ocrx_word' id='word_1_156' title='bbox 587 2079 794 2154; x_wconf 80' lang='grc' dir='ltr'><em>τοσαύτῃ</em></span> <span class='ocrx_word' id='word_1_157' title='bbox 828 2087 916 2134; x_wconf 83' lang='grc' dir='ltr'><strong>τοῦ</strong></span> <span class='ocrx_word' id='word_1_158' title='bbox 950 2081 1127 2144; x_wconf 87' lang='grc' dir='ltr'><em>παιδὸς</em></span> 
     </span>
     <span class='ocr_line' id='line_1_26' title="bbox 179 2134 1124 2238; baseline 0.004 -38"><span class='ocrx_word' id='word_1_159' title='bbox 179 2151 346 2221; x_wconf 86' lang='grc' dir='ltr'><em>σοφία,</em></span> <span class='ocrx_word' id='word_1_160' title='bbox 384 2150 466 2202; x_wconf 89' lang='grc' dir='ltr'><strong>καὶ</strong></span> <span class='ocrx_word' id='word_1_161' title='bbox 487 2134 793 2238; x_wconf 83' lang='grc' dir='ltr'><em>φοβηθῆναι</em></span> <span class='ocrx_word' id='word_1_162' title='bbox 828 2150 915 2218; x_wconf 81' lang='grc' dir='ltr'><strong>οὐχ</strong></span> <span class='ocrx_word' id='word_1_163' title='bbox 937 2174 1002 2214; x_wconf 86' lang='grc' dir='ltr'><strong>ως</strong></span> <span class='ocrx_word' id='word_1_164' title='bbox 1030 2173 1124 2238; x_wconf 90' lang='grc' dir='ltr'><em>μει-</em></span> 
     </span>
     <span class='ocr_line' id='line_1_27' title="bbox 1055 2218 1127 2273; baseline 0 0"><span class='ocrx_word' id='word_1_165' title='bbox 1055 2218 1127 2273; x_wconf 91' lang='grc' dir='ltr'><strong>Τα</strong></span> 
     </span>
    </p>
   </div>
   <div class='ocr_carea' id='block_1_6' title="bbox 180 965 277 1035">
    <p class='ocr_par' dir='ltr' id='par_1_7' title="bbox 180 965 277 1035">
     <span class='ocr_line' id='line_1_28' title="bbox 180 965 277 1035; baseline 0 -16"><span class='ocrx_word' id='word_1_166' title='bbox 180 965 277 1035; x_wconf 67' lang='grc' dir='ltr'><strong>ὧν,</strong></span> 
     </span>
    </p>
   </div>
   <div class='ocr_carea' id='block_1_7' title="bbox 178 2216 981 2290">
    <p class='ocr_par' dir='ltr' id='par_1_8' title="bbox 178 2216 981 2290">
     <span class='ocr_line' id='line_1_29' title="bbox 178 2216 981 2290; baseline 0.005 -20"><span class='ocrx_word' id='word_1_167' title='bbox 178 2216 362 2288; x_wconf 81' lang='grc' dir='ltr'><em>ράκιον,</em></span> <span class='ocrx_word' id='word_1_168' title='bbox 405 2217 501 2272; x_wconf 79' lang='grc' dir='ltr'><em>ἀλλ’</em></span> <span class='ocrx_word' id='word_1_169' title='bbox 527 2242 594 2282; x_wconf 89' lang='grc' dir='ltr'><strong>ως</strong></span> <span class='ocrx_word' id='word_1_170' title='bbox 616 2221 794 2273; x_wconf 92' lang='grc' dir='ltr'><em>τέλειον</em></span> <span class='ocrx_word' id='word_1_171' title='bbox 813 2219 981 2290; x_wconf 90' lang='grc' dir='ltr'><em>ανδρα.</em></span> 
     </span>
    </p>
   </div>
   <div class='ocr_carea' id='block_1_8' title="bbox 317 2372 430 2425">
    <p class='ocr_par' dir='ltr' id='par_1_9' title="bbox 317 2372 430 2425">
     <span class='ocr_line' id='line_1_30' title="bbox 317 2372 430 2425; baseline -0.009 0"><span class='ocrx_word' id='word_1_172' title='bbox 317 2372 339 2399; x_wconf 88' lang='grc'>*</span> <span class='ocrx_word' id='word_1_173' title='bbox 359 2379 430 2425; x_wconf 93' lang='lat' dir='ltr'><strong>III.</strong></span> 
     </span>
    </p>
   </div>
   <div class='ocr_carea' id='block_1_9' title="bbox 1179 905 2142 2214">
    <p class='ocr_par' dir='ltr' id='par_1_10' title="bbox 1179 905 2142 2214">
     <span class='ocr_line' id='line_1_31' title="bbox 1285 905 2126 971; baseline 0.004 -14"><span class='ocrx_word' id='word_1_174' title='bbox 1285 913 1357 957; x_wconf 93' lang='lat' dir='ltr'><strong>lll.</strong></span> <span class='ocrx_word' id='word_1_175' title='bbox 1395 905 1566 959; x_wconf 89' lang='lat' dir='ltr'><strong>Daniel¹</strong></span> <span class='ocrx_word' id='word_1_176' title='bbox 1593 916 1739 956; x_wconf 85' lang='lat' dir='ltr'><strong>autem</strong></span> <span class='ocrx_word' id='word_1_177' title='bbox 1780 911 1975 971; x_wconf 87' lang='lat' dir='ltr'><strong>sapienS,</strong></span> <span class='ocrx_word' id='word_1_178' title='bbox 2010 913 2126 960; x_wconf 90' lang='lat' dir='ltr'><strong>iuve-</strong></span> 
     </span>
     <span class='ocr_line' id='line_1_32' title="bbox 1181 979 2127 1037; baseline 0 -9"><span class='ocrx_word' id='word_1_179' title='bbox 1181 983 1251 1028; x_wconf 91' lang='lat' dir='ltr'><strong>nis</strong></span> <span class='ocrx_word' id='word_1_180' title='bbox 1280 983 1491 1037; x_wconf 86' lang='lat' dir='ltr'><strong>existens,</strong></span> <span class='ocrx_word' id='word_1_181' title='bbox 1528 980 1738 1026; x_wconf 85' lang='lat' dir='ltr'><strong>iudicavit</strong></span> <span class='ocrx_word' id='word_1_182' title='bbox 1765 979 1971 1027; x_wconf 88' lang='lat' dir='ltr'><strong>crudeles</strong></span> <span class='ocrx_word' id='word_1_183' title='bbox 1995 996 2127 1028; x_wconf 89' lang='lat' dir='ltr'><strong>senes</strong></span> 
     </span>
     <span class='ocr_line' id='line_1_33' title="bbox 1183 1048 2125 1111; baseline -0.001 -14"><span class='ocrx_word' id='word_1_184' title='bbox 1183 1051 1414 1111; x_wconf 86' lang='lat' dir='ltr'><strong>quosdam,</strong></span> <span class='ocrx_word' id='word_1_185' title='bbox 1449 1049 1694 1096; x_wconf 90' lang='lat' dir='ltr'><strong>ostendens</strong></span> <span class='ocrx_word' id='word_1_186' title='bbox 1724 1048 1958 1096; x_wconf 88' lang='lat' dir='ltr'><strong>adulteros</strong></span> <span class='ocrx_word' id='word_1_187' title='bbox 1983 1050 2125 1111; x_wconf 90' lang='lat' dir='ltr'><strong>ipsos,</strong></span> 
     </span>
     <span class='ocr_line' id='line_1_34' title="bbox 1181 1120 2125 1179; baseline 0 -13"><span class='ocrx_word' id='word_1_188' title='bbox 1181 1127 1224 1166; x_wconf 90' lang='lat' dir='ltr'><strong>et</strong></span> <span class='ocrx_word' id='word_1_189' title='bbox 1277 1134 1368 1165; x_wconf 93' lang='lat' dir='ltr'><strong>non</strong></span> <span class='ocrx_word' id='word_1_190' title='bbox 1427 1120 1631 1164; x_wconf 82' lang='lat' dir='ltr'><strong>seniores</strong></span> <span class='ocrx_word' id='word_1_191' title='bbox 1686 1131 1813 1173; x_wconf 88' lang='lat' dir='ltr'><strong>esse,</strong></span> <span class='ocrx_word' id='word_1_192' title='bbox 1865 1124 1911 1164; x_wconf 88' lang='lat' dir='ltr'><strong>et</strong></span> <span class='ocrx_word' id='word_1_193' title='bbox 1958 1132 2125 1179; x_wconf 84' lang='lat' dir='ltr'><strong>genere</strong></span> 
     </span>
     <span class='ocr_line' id='line_1_35' title="bbox 1182 1186 2125 1243; baseline 0.002 -10"><span class='ocrx_word' id='word_1_194' title='bbox 1182 1189 1369 1235; x_wconf 89' lang='lat' dir='ltr'><strong>ludaeos</strong></span> <span class='ocrx_word' id='word_1_195' title='bbox 1409 1188 1666 1243; x_wconf 85' lang='lat' dir='ltr'><strong>existentes,</strong></span> <span class='ocrx_word' id='word_1_196' title='bbox 1702 1186 1838 1233; x_wconf 88' lang='lat' dir='ltr'><strong>modo</strong></span> <span class='ocrx_word' id='word_1_197' title='bbox 1871 1187 2125 1235; x_wconf 88' lang='lat' dir='ltr'><strong>Chananae-</strong></span> 
     </span>
     <span class='ocr_line' id='line_1_36' title="bbox 1181 1249 2126 1318; baseline 0.001 -15"><span class='ocrx_word' id='word_1_198' title='bbox 1181 1272 1232 1303; x_wconf 92' lang='lat' dir='ltr'><strong>os</strong></span> <span class='ocrx_word' id='word_1_199' title='bbox 1267 1258 1476 1304; x_wconf 84' lang='lat' dir='ltr'><strong>existere.</strong></span> <span class='ocrx_word' id='word_1_200' title='bbox 1550 1256 1603 1300; x_wconf 88' lang='lat' dir='ltr'><strong>Et</strong></span> <span class='ocrx_word' id='word_1_201' title='bbox 1637 1249 1897 1312; x_wconf 77' lang='lat' dir='ltr'><strong>Ieremias-,²</strong></span> <span class='ocrx_word' id='word_1_202' title='bbox 1935 1264 2126 1318; x_wconf 90' lang='lat' dir='ltr'><strong>propter</strong></span> 
     </span>
     <span class='ocr_line' id='line_1_37' title="bbox 1181 1324 2127 1386; baseline 0.002 -15"><span class='ocrx_word' id='word_1_203' title='bbox 1181 1327 1451 1372; x_wconf 90' lang='lat' dir='ltr'><strong>iuventutem</strong></span> <span class='ocrx_word' id='word_1_204' title='bbox 1491 1338 1688 1371; x_wconf 89' lang='lat' dir='ltr'><strong>renuens</strong></span> <span class='ocrx_word' id='word_1_205' title='bbox 1727 1324 1939 1371; x_wconf 89' lang='lat' dir='ltr'><strong>tributam</strong></span> <span class='ocrx_word' id='word_1_206' title='bbox 1976 1326 2064 1386; x_wconf 91' lang='lat' dir='ltr'><strong>ipsi</strong></span> <span class='ocrx_word' id='word_1_207' title='bbox 2101 1341 2127 1373; x_wconf 89' lang='lat' dir='ltr'><strong>a</strong></span> 
     </span>
     <span class='ocr_line' id='line_1_38' title="bbox 1181 1394 2120 1456; baseline 0 -15"><span class='ocrx_word' id='word_1_208' title='bbox 1181 1396 1270 1441; x_wconf 92' lang='lat' dir='ltr'><strong>Deo</strong></span> <span class='ocrx_word' id='word_1_209' title='bbox 1312 1395 1611 1456; x_wconf 86' lang='lat' dir='ltr'><strong>prophetiam,</strong></span> <span class='ocrx_word' id='word_1_210' title='bbox 1651 1394 1800 1440; x_wconf 90' lang='lat' dir='ltr'><strong>audit:</strong></span> <span class='ocrx_word' id='word_1_211' title='bbox 1849 1394 1962 1450; x_wconf 88' lang='lat' dir='ltr'><strong>,Non</strong></span> <span class='ocrx_word' id='word_1_212' title='bbox 1982 1395 2120 1452; x_wconf 88' lang='lat' dir='ltr'><strong>dicas,</strong></span> 
     </span>
     <span class='ocr_line' id='line_1_39' title="bbox 1182 1462 2124 1525; baseline 0 -15"><span class='ocrx_word' id='word_1_213' title='bbox 1182 1464 1394 1525; x_wconf 89' lang='lat' dir='ltr'><strong>quoniam</strong></span> <span class='ocrx_word' id='word_1_214' title='bbox 1431 1464 1581 1510; x_wconf 91' lang='lat' dir='ltr'><strong>iunior</strong></span> <span class='ocrx_word' id='word_1_215' title='bbox 1620 1478 1733 1520; x_wconf 86' lang='lat' dir='ltr'><strong>sum,</strong></span> <span class='ocrx_word' id='word_1_216' title='bbox 1757 1463 1863 1524; x_wconf 89' lang='lat' dir='ltr'><strong>quia</strong></span> <span class='ocrx_word' id='word_1_217' title='bbox 1885 1462 1941 1510; x_wconf 91' lang='lat' dir='ltr'><strong>ad</strong></span> <span class='ocrx_word' id='word_1_218' title='bbox 1967 1478 2124 1511; x_wconf 90' lang='lat' dir='ltr'><strong>omnes</strong></span> 
     </span>
     <span class='ocr_line' id='line_1_40' title="bbox 1183 1532 2124 1594; baseline 0.002 -15"><span class='ocrx_word' id='word_1_219' title='bbox 1183 1547 1477 1594; x_wconf 89' lang='lat' dir='ltr'><strong>quoscunque</strong></span> <span class='ocrx_word' id='word_1_220' title='bbox 1513 1533 1682 1579; x_wconf 91' lang='lat' dir='ltr'><strong>mittam</strong></span> <span class='ocrx_word' id='word_1_221' title='bbox 1718 1539 1777 1589; x_wconf 90' lang='lat' dir='ltr'><strong>te,</strong></span> <span class='ocrx_word' id='word_1_222' title='bbox 1816 1532 1930 1590; x_wconf 90' lang='lat' dir='ltr'><strong>ibis,</strong></span> <span class='ocrx_word' id='word_1_223' title='bbox 1977 1539 2023 1580; x_wconf 90' lang='lat' dir='ltr'><strong>et</strong></span> <span class='ocrx_word' id='word_1_224' title='bbox 2056 1549 2124 1581; x_wconf 92' lang='lat' dir='ltr'><strong>se-</strong></span> 
     </span>
     <span class='ocr_line' id='line_1_41' title="bbox 1182 1602 2132 1662; baseline 0.002 -14"><span class='ocrx_word' id='word_1_225' title='bbox 1182 1604 1377 1649; x_wconf 88' lang='lat' dir='ltr'><strong>cundum</strong></span> <span class='ocrx_word' id='word_1_226' title='bbox 1417 1603 1590 1659; x_wconf 87' lang='lat' dir='ltr'><strong>omnia,</strong></span> <span class='ocrx_word' id='word_1_227' title='bbox 1629 1615 1926 1662; x_wconf 88' lang='lat' dir='ltr'><strong>quaecunque</strong></span> <span class='ocrx_word' id='word_1_228' title='bbox 1962 1602 2132 1650; x_wconf 81' lang='lat' dir='ltr'><strong>mando&#39;</strong></span> 
     </span>
     <span class='ocr_line' id='line_1_42' title="bbox 1179 1669 2131 1732; baseline 0.001 -15"><span class='ocrx_word' id='word_1_229' title='bbox 1179 1671 1275 1728; x_wconf 91' lang='lat' dir='ltr'><strong>tibi,</strong></span> <span class='ocrx_word' id='word_1_230' title='bbox 1313 1671 1528 1732; x_wconf 90' lang='lat' dir='ltr'><strong>loqueris,</strong></span> <span class='ocrx_word' id='word_1_231' title='bbox 1567 1671 1671 1732; x_wconf 86' lang='lat' dir='ltr'><strong>quia</strong></span> <span class='ocrx_word' id='word_1_232' title='bbox 1704 1677 1855 1717; x_wconf 86' lang='lat' dir='ltr'><strong>tecum</strong></span> <span class='ocrx_word' id='word_1_233' title='bbox 1880 1685 1964 1732; x_wconf 89' lang='lat' dir='ltr'><strong>ego</strong></span> <span class='ocrx_word' id='word_1_234' title='bbox 2002 1669 2131 1718; x_wconf 88' lang='lat' dir='ltr'><strong>sum.‘</strong></span> 
     </span>
     <span class='ocr_line' id='line_1_43' title="bbox 1182 1734 2128 1800; baseline 0.002 -14"><span class='ocrx_word' id='word_1_235' title='bbox 1182 1734 1415 1786; x_wconf 82' lang='lat' dir='ltr'><strong>Salomon³</strong></span> <span class='ocrx_word' id='word_1_236' title='bbox 1453 1747 1600 1787; x_wconf 90' lang='lat' dir='ltr'><strong>autem</strong></span> <span class='ocrx_word' id='word_1_237' title='bbox 1639 1740 1844 1800; x_wconf 89' lang='lat' dir='ltr'><strong>sapiens,</strong></span> <span class='ocrx_word' id='word_1_238' title='bbox 1887 1741 2128 1788; x_wconf 89' lang='lat' dir='ltr'><strong>duodecim</strong></span> 
     </span>
     <span class='ocr_line' id='line_1_44' title="bbox 1182 1809 2130 1871; baseline 0.001 -16"><span class='ocrx_word' id='word_1_239' title='bbox 1182 1811 1378 1856; x_wconf 86' lang='lat' dir='ltr'><strong>existens</strong></span> <span class='ocrx_word' id='word_1_240' title='bbox 1415 1824 1649 1866; x_wconf 89' lang='lat' dir='ltr'><strong>annorum,</strong></span> <span class='ocrx_word' id='word_1_241' title='bbox 1678 1809 1896 1855; x_wconf 85' lang='lat' dir='ltr'><strong>intellexit</strong></span> <span class='ocrx_word' id='word_1_242' title='bbox 1923 1824 2130 1871; x_wconf 90' lang='lat' dir='ltr'><strong>magnam</strong></span> 
     </span>
     <span class='ocr_line' id='line_1_45' title="bbox 1182 1878 2129 1939; baseline 0.001 -15"><span class='ocrx_word' id='word_1_243' title='bbox 1182 1879 1461 1939; x_wconf 88' lang='lat' dir='ltr'><strong>ignorantiae</strong></span> <span class='ocrx_word' id='word_1_244' title='bbox 1497 1879 1735 1925; x_wconf 90' lang='lat' dir='ltr'><strong>mulierum</strong></span> <span class='ocrx_word' id='word_1_245' title='bbox 1773 1878 1828 1924; x_wconf 93' lang='lat' dir='ltr'><strong>de</strong></span> <span class='ocrx_word' id='word_1_246' title='bbox 1880 1879 1975 1924; x_wconf 91' lang='lat' dir='ltr'><strong>suis</strong></span> <span class='ocrx_word' id='word_1_247' title='bbox 2025 1878 2129 1925; x_wconf 90' lang='lat' dir='ltr'><strong>filiis</strong></span> 
     </span>
     <span class='ocr_line' id='line_1_46' title="bbox 1183 1947 2129 2007; baseline 0.002 -15"><span class='ocrx_word' id='word_1_248' title='bbox 1183 1947 1507 2007; x_wconf 88' lang='lat' dir='ltr'><strong>quaestionem,</strong></span> <span class='ocrx_word' id='word_1_249' title='bbox 1544 1954 1595 1993; x_wconf 90' lang='lat' dir='ltr'><strong>ut</strong></span> <span class='ocrx_word' id='word_1_250' title='bbox 1631 1947 1776 1993; x_wconf 88' lang='lat' dir='ltr'><strong>omnis</strong></span> <span class='ocrx_word' id='word_1_251' title='bbox 1814 1947 2009 2007; x_wconf 90' lang='lat' dir='ltr'><strong>populus</strong></span> <span class='ocrx_word' id='word_1_252' title='bbox 2051 1947 2129 1994; x_wconf 90' lang='lat' dir='ltr'><strong>ob·</strong></span> 
     </span>
     <span class='ocr_line' id='line_1_47' title="bbox 1183 2015 2142 2077; baseline 0.002 -16"><span class='ocrx_word' id='word_1_253' title='bbox 1183 2022 1470 2076; x_wconf 89' lang='lat' dir='ltr'><strong>stupesceret</strong></span> <span class='ocrx_word' id='word_1_254' title='bbox 1507 2015 1563 2061; x_wconf 89' lang='lat' dir='ltr'><strong>de</strong></span> <span class='ocrx_word' id='word_1_255' title='bbox 1598 2021 1718 2061; x_wconf 92' lang='lat' dir='ltr'><strong>tanta</strong></span> <span class='ocrx_word' id='word_1_256' title='bbox 1738 2016 1870 2075; x_wconf 90' lang='lat' dir='ltr'><strong>pueri</strong></span> <span class='ocrx_word' id='word_1_257' title='bbox 1898 2017 2142 2077; x_wconf 76' lang='lat' dir='ltr'><strong>sapientia„</strong></span> 
     </span>
     <span class='ocr_line' id='line_1_48' title="bbox 1184 2085 2134 2144; baseline 0.002 -15"><span class='ocrx_word' id='word_1_258' title='bbox 1184 2090 1229 2130; x_wconf 90' lang='lat' dir='ltr'><strong>et</strong></span> <span class='ocrx_word' id='word_1_259' title='bbox 1264 2085 1442 2130; x_wconf 89' lang='lat' dir='ltr'><strong>timeret</strong></span> <span class='ocrx_word' id='word_1_260' title='bbox 1478 2098 1569 2130; x_wconf 93' lang='lat' dir='ltr'><strong>non</strong></span> <span class='ocrx_word' id='word_1_261' title='bbox 1605 2090 1657 2130; x_wconf 91' lang='lat' dir='ltr'><strong>ut</strong></span> <span class='ocrx_word' id='word_1_262' title='bbox 1691 2097 1910 2144; x_wconf 91' lang='lat' dir='ltr'><strong>puerum,</strong></span> <span class='ocrx_word' id='word_1_263' title='bbox 1950 2085 2031 2134; x_wconf 78' lang='lat' dir='ltr'><strong>sed</strong></span> <span class='ocrx_word' id='word_1_264' title='bbox 2083 2093 2134 2131; x_wconf 92' lang='lat' dir='ltr'><strong>ut</strong></span> 
     </span>
     <span class='ocr_line' id='line_1_49' title="bbox 1182 2152 2131 2214; baseline 0.002 -15"><span class='ocrx_word' id='word_1_265' title='bbox 1182 2152 1435 2214; x_wconf 82' lang='lat' dir='ltr'><strong>perfectum</strong></span> <span class='ocrx_word' id='word_1_266' title='bbox 1472 2153 1627 2199; x_wconf 89' lang='lat' dir='ltr'><strong>virum.</strong></span> <span class='ocrx_word' id='word_1_267' title='bbox 1687 2153 1947 2214; x_wconf 85' lang='lat' dir='ltr'><strong>Aenigmata</strong></span> <span class='ocrx_word' id='word_1_268' title='bbox 1981 2161 2131 2202; x_wconf 90' lang='lat' dir='ltr'><strong>autem</strong></span> 
     </span>
    </p>
   </div>
   <div class='ocr_carea' id='block_1_10' title="bbox 502 2379 2131 2442">
    <p class='ocr_par' dir='ltr' id='par_1_11' title="bbox 502 2379 2131 2442">
     <span class='ocr_line' id='line_1_50' title="bbox 502 2379 2131 2442; baseline 0.002 -17"><span class='ocrx_word' id='word_1_269' title='bbox 502 2379 692 2440; x_wconf 90' lang='lat' dir='ltr'><strong>Sapiens</strong></span> <span class='ocrx_word' id='word_1_270' title='bbox 730 2388 876 2428; x_wconf 89' lang='lat' dir='ltr'><strong>autem</strong></span> <span class='ocrx_word' id='word_1_271' title='bbox 913 2382 986 2428; x_wconf 89' lang='lat' dir='ltr'><strong>ille</strong></span> <span class='ocrx_word' id='word_1_272' title='bbox 1009 2381 1164 2428; x_wconf 89' lang='lat' dir='ltr'><strong>Daniel</strong></span> <span class='ocrx_word' id='word_1_273' title='bbox 1212 2381 1361 2427; x_wconf 88' lang='lat' dir='ltr'><strong>adhuc</strong></span> <span class='ocrx_word' id='word_1_274' title='bbox 1398 2379 1666 2426; x_wconf 88' lang='lat' dir='ltr'><strong>adolescens</strong></span> <span class='ocrx_word' id='word_1_275' title='bbox 1704 2381 1871 2427; x_wconf 91' lang='lat' dir='ltr'><strong>crudos</strong></span> <span class='ocrx_word' id='word_1_276' title='bbox 1909 2382 2131 2442; x_wconf 90' lang='lat' dir='ltr'><strong>quosdam</strong></span> 
     </span>
    </p>
   </div>
   <div class='ocr_carea' id='block_1_11' title="bbox 177 2448 2136 3062">
    <p class='ocr_par' dir='ltr' id='par_1_12' title="bbox 177 2448 2136 3062">
     <span class='ocr_line' id='line_1_51' title="bbox 179 2448 2134 2511; baseline 0.002 -18"><span class='ocrx_word' id='word_1_277' title='bbox 179 2460 315 2494; x_wconf 88' lang='lat' dir='ltr'><strong>senes</strong></span> <span class='ocrx_word' id='word_1_278' title='bbox 352 2448 601 2505; x_wconf 89' lang='lat' dir='ltr'><strong>iudicabat,</strong></span> <span class='ocrx_word' id='word_1_279' title='bbox 652 2451 896 2497; x_wconf 89' lang='lat' dir='ltr'><strong>ostendens</strong></span> <span class='ocrx_word' id='word_1_280' title='bbox 932 2465 1012 2497; x_wconf 89' lang='lat' dir='ltr'><strong>eos</strong></span> <span class='ocrx_word' id='word_1_281' title='bbox 1043 2450 1246 2511; x_wconf 89' lang='lat' dir='ltr'><strong>perditos</strong></span> <span class='ocrx_word' id='word_1_282' title='bbox 1284 2449 1568 2505; x_wconf 85' lang='lat' dir='ltr'><strong>nebulones,</strong></span> <span class='ocrx_word' id='word_1_283' title='bbox 1618 2463 1710 2495; x_wconf 92' lang='lat' dir='ltr'><strong>non</strong></span> <span class='ocrx_word' id='word_1_284' title='bbox 1749 2464 1883 2496; x_wconf 90' lang='lat' dir='ltr'><strong>senes</strong></span> <span class='ocrx_word' id='word_1_285' title='bbox 1922 2463 2052 2507; x_wconf 91' lang='lat' dir='ltr'><strong>esse,</strong></span> <span class='ocrx_word' id='word_1_286' title='bbox 2089 2458 2134 2497; x_wconf 91' lang='lat' dir='ltr'><strong>et</strong></span> 
     </span>
     <span class='ocr_line' id='line_1_52' title="bbox 181 2517 2132 2578; baseline 0.001 -15"><span class='ocrx_word' id='word_1_287' title='bbox 181 2517 381 2578; x_wconf 88' lang='lat' dir='ltr'><strong>quamvis</strong></span> <span class='ocrx_word' id='word_1_288' title='bbox 431 2531 598 2578; x_wconf 87' lang='lat' dir='ltr'><strong>genere</strong></span> <span class='ocrx_word' id='word_1_289' title='bbox 649 2518 863 2576; x_wconf 86' lang='lat' dir='ltr'><strong>Iudaeos,</strong></span> <span class='ocrx_word' id='word_1_290' title='bbox 915 2519 1122 2566; x_wconf 90' lang='lat' dir='ltr'><strong>moribus</strong></span> <span class='ocrx_word' id='word_1_291' title='bbox 1172 2519 1462 2565; x_wconf 89' lang='lat' dir='ltr'><strong>Chananaeos</strong></span> <span class='ocrx_word' id='word_1_292' title='bbox 1516 2518 1723 2564; x_wconf 87' lang='lat' dir='ltr'><strong>existere.</strong></span> <span class='ocrx_word' id='word_1_293' title='bbox 1806 2518 1860 2564; x_wconf 91' lang='lat' dir='ltr'><strong>Et</strong></span> <span class='ocrx_word' id='word_1_294' title='bbox 1908 2518 2132 2576; x_wconf 84' lang='lat' dir='ltr'><strong>Ieremias,</strong></span> 
     </span>
     <span class='ocr_line' id='line_1_53' title="bbox 179 2586 2135 2647; baseline 0.002 -15"><span class='ocrx_word' id='word_1_295' title='bbox 179 2591 367 2647; x_wconf 88' lang='lat' dir='ltr'><strong>propter</strong></span> <span class='ocrx_word' id='word_1_296' title='bbox 395 2586 666 2632; x_wconf 91' lang='lat' dir='ltr'><strong>iuventutem</strong></span> <span class='ocrx_word' id='word_1_297' title='bbox 703 2589 994 2634; x_wconf 89' lang='lat' dir='ltr'><strong>commissum</strong></span> <span class='ocrx_word' id='word_1_298' title='bbox 1031 2587 1119 2634; x_wconf 89' lang='lat' dir='ltr'><strong>sibi</strong></span> <span class='ocrx_word' id='word_1_299' title='bbox 1159 2602 1183 2633; x_wconf 92' lang='lat' dir='ltr'><strong>a</strong></span> <span class='ocrx_word' id='word_1_300' title='bbox 1220 2588 1308 2633; x_wconf 93' lang='lat' dir='ltr'><strong>Deo</strong></span> <span class='ocrx_word' id='word_1_301' title='bbox 1346 2586 1601 2647; x_wconf 85' lang='lat' dir='ltr'><strong>Prophetae</strong></span> <span class='ocrx_word' id='word_1_302' title='bbox 1655 2600 1817 2633; x_wconf 92' lang='lat' dir='ltr'><strong>munus</strong></span> <span class='ocrx_word' id='word_1_303' title='bbox 1865 2588 2135 2647; x_wconf 88' lang='lat' dir='ltr'><strong>detrectans,</strong></span> 
     </span>
     <span class='ocr_line' id='line_1_54' title="bbox 183 2655 2132 2717; baseline 0.002 -17"><span class='ocrx_word' id='word_1_304' title='bbox 183 2655 329 2701; x_wconf 87' lang='lat' dir='ltr'><strong>audit:</strong></span> <span class='ocrx_word' id='word_1_305' title='bbox 366 2655 479 2712; x_wconf 90' lang='lat' dir='ltr'><strong>,Noli</strong></span> <span class='ocrx_word' id='word_1_306' title='bbox 519 2655 696 2702; x_wconf 88' lang='lat' dir='ltr'><strong>dicere:</strong></span> <span class='ocrx_word' id='word_1_307' title='bbox 734 2671 849 2717; x_wconf 89' lang='lat' dir='ltr'><strong>puer</strong></span> <span class='ocrx_word' id='word_1_308' title='bbox 887 2671 1010 2703; x_wconf 88' lang='lat' dir='ltr'><strong>sum:</strong></span> <span class='ocrx_word' id='word_1_309' title='bbox 1049 2657 1261 2717; x_wconf 89' lang='lat' dir='ltr'><strong>quoniam</strong></span> <span class='ocrx_word' id='word_1_310' title='bbox 1301 2656 1356 2701; x_wconf 88' lang='lat' dir='ltr'><strong>ad</strong></span> <span class='ocrx_word' id='word_1_311' title='bbox 1384 2656 1545 2712; x_wconf 90' lang='lat' dir='ltr'><strong>omnia,</strong></span> <span class='ocrx_word' id='word_1_312' title='bbox 1587 2669 1700 2715; x_wconf 88' lang='lat' dir='ltr'><strong>quae</strong></span> <span class='ocrx_word' id='word_1_313' title='bbox 1737 2657 1907 2702; x_wconf 90' lang='lat' dir='ltr'><strong>mittam</strong></span> <span class='ocrx_word' id='word_1_314' title='bbox 1934 2663 1992 2715; x_wconf 88' lang='lat' dir='ltr'><strong>te,</strong></span> <span class='ocrx_word' id='word_1_315' title='bbox 2030 2658 2132 2715; x_wconf 84' lang='lat' dir='ltr'><strong>ibis,</strong></span> 
     </span>
     <span class='ocr_line' id='line_1_55' title="bbox 180 2724 2136 2786; baseline 0.002 -16"><span class='ocrx_word' id='word_1_316' title='bbox 180 2731 226 2770; x_wconf 90' lang='lat' dir='ltr'><strong>et</strong></span> <span class='ocrx_word' id='word_1_317' title='bbox 260 2724 485 2781; x_wconf 91' lang='lat' dir='ltr'><strong>universa,</strong></span> <span class='ocrx_word' id='word_1_318' title='bbox 524 2738 824 2786; x_wconf 86' lang='lat' dir='ltr'><strong>quaecunque</strong></span> <span class='ocrx_word' id='word_1_319' title='bbox 860 2725 1130 2773; x_wconf 88' lang='lat' dir='ltr'><strong>mandavero</strong></span> <span class='ocrx_word' id='word_1_320' title='bbox 1154 2725 1250 2778; x_wconf 89' lang='lat' dir='ltr'><strong>tibi,</strong></span> <span class='ocrx_word' id='word_1_321' title='bbox 1287 2724 1522 2784; x_wconf 81' lang='lat' dir='ltr'><strong>loqueris3</strong></span> <span class='ocrx_word' id='word_1_322' title='bbox 1560 2724 1664 2784; x_wconf 88' lang='lat' dir='ltr'><strong>quia</strong></span> <span class='ocrx_word' id='word_1_323' title='bbox 1691 2731 1842 2771; x_wconf 89' lang='lat' dir='ltr'><strong>tecum</strong></span> <span class='ocrx_word' id='word_1_324' title='bbox 1880 2740 1965 2786; x_wconf 91' lang='lat' dir='ltr'><strong>ego</strong></span> <span class='ocrx_word' id='word_1_325' title='bbox 2002 2725 2136 2775; x_wconf 89' lang='lat' dir='ltr'><strong>sum.‘</strong></span> 
     </span>
     <span class='ocr_line' id='line_1_56' title="bbox 181 2792 2135 2856; baseline 0.002 -18"><span class='ocrx_word' id='word_1_326' title='bbox 181 2792 394 2839; x_wconf 90' lang='lat' dir='ltr'><strong>Salomon</strong></span> <span class='ocrx_word' id='word_1_327' title='bbox 442 2799 590 2839; x_wconf 89' lang='lat' dir='ltr'><strong>autem</strong></span> <span class='ocrx_word' id='word_1_328' title='bbox 652 2794 727 2840; x_wconf 88' lang='lat' dir='ltr'><strong>ille</strong></span> <span class='ocrx_word' id='word_1_329' title='bbox 776 2795 983 2856; x_wconf 92' lang='lat' dir='ltr'><strong>sapiens,</strong></span> <span class='ocrx_word' id='word_1_330' title='bbox 1034 2809 1134 2841; x_wconf 88' lang='lat' dir='ltr'><strong>eum</strong></span> <span class='ocrx_word' id='word_1_331' title='bbox 1185 2793 1423 2840; x_wconf 90' lang='lat' dir='ltr'><strong>duodecim</strong></span> <span class='ocrx_word' id='word_1_332' title='bbox 1471 2792 1660 2839; x_wconf 90' lang='lat' dir='ltr'><strong>haberet</strong></span> <span class='ocrx_word' id='word_1_333' title='bbox 1698 2807 1867 2851; x_wconf 90' lang='lat' dir='ltr'><strong>annos,</strong></span> <span class='ocrx_word' id='word_1_334' title='bbox 1915 2795 2135 2843; x_wconf 85' lang='lat' dir='ltr'><strong>intellexit</strong></span> 
     </span>
     <span class='ocr_line' id='line_1_57' title="bbox 179 2861 2135 2924; baseline 0.002 -17"><span class='ocrx_word' id='word_1_335' title='bbox 179 2876 384 2923; x_wconf 88' lang='lat' dir='ltr'><strong>magnam</strong></span> <span class='ocrx_word' id='word_1_336' title='bbox 435 2861 555 2908; x_wconf 92' lang='lat' dir='ltr'><strong>illam</strong></span> <span class='ocrx_word' id='word_1_337' title='bbox 601 2863 840 2910; x_wconf 89' lang='lat' dir='ltr'><strong>mulierum</strong></span> <span class='ocrx_word' id='word_1_338' title='bbox 885 2878 994 2910; x_wconf 90' lang='lat' dir='ltr'><strong>suos</strong></span> <span class='ocrx_word' id='word_1_339' title='bbox 1046 2864 1217 2910; x_wconf 90' lang='lat' dir='ltr'><strong>liberos</strong></span> <span class='ocrx_word' id='word_1_340' title='bbox 1265 2877 1357 2908; x_wconf 92' lang='lat' dir='ltr'><strong>non</strong></span> <span class='ocrx_word' id='word_1_341' title='bbox 1406 2863 1746 2923; x_wconf 88' lang='lat' dir='ltr'><strong>agnoscentium</strong></span> <span class='ocrx_word' id='word_1_342' title='bbox 1795 2865 2135 2924; x_wconf 85' lang='lat' dir='ltr'><strong>quaestionem:</strong></span> 
     </span>
     <span class='ocr_line' id='line_1_58' title="bbox 177 2931 2127 2994; baseline 0.002 -18"><span class='ocrx_word' id='word_1_343' title='bbox 177 2932 238 2977; x_wconf 88' lang='lat' dir='ltr'><strong>ita</strong></span> <span class='ocrx_word' id='word_1_344' title='bbox 272 2938 323 2977; x_wconf 91' lang='lat' dir='ltr'><strong>ut</strong></span> <span class='ocrx_word' id='word_1_345' title='bbox 353 2931 590 2978; x_wconf 89' lang='lat' dir='ltr'><strong>universus</strong></span> <span class='ocrx_word' id='word_1_346' title='bbox 626 2933 821 2994; x_wconf 92' lang='lat' dir='ltr'><strong>populus</strong></span> <span class='ocrx_word' id='word_1_347' title='bbox 861 2932 1209 2993; x_wconf 87' lang='lat' dir='ltr'><strong>obstupesceret</strong></span> <span class='ocrx_word' id='word_1_348' title='bbox 1245 2931 1299 2978; x_wconf 92' lang='lat' dir='ltr'><strong>ad</strong></span> <span class='ocrx_word' id='word_1_349' title='bbox 1324 2937 1489 2978; x_wconf 89' lang='lat' dir='ltr'><strong>tantam</strong></span> <span class='ocrx_word' id='word_1_350' title='bbox 1526 2932 1659 2992; x_wconf 90' lang='lat' dir='ltr'><strong>pueri</strong></span> <span class='ocrx_word' id='word_1_351' title='bbox 1690 2933 1968 2993; x_wconf 91' lang='lat' dir='ltr'><strong>sapientiam,</strong></span> <span class='ocrx_word' id='word_1_352' title='bbox 2006 2947 2127 2980; x_wconf 92' lang='lat' dir='ltr'><strong>eum-</strong></span> 
     </span>
     <span class='ocr_line' id='line_1_59' title="bbox 182 3001 2128 3062; baseline 0.002 -16"><span class='ocrx_word' id='word_1_353' title='bbox 182 3013 269 3060; x_wconf 86' lang='lat' dir='ltr'><strong>que</strong></span> <span class='ocrx_word' id='word_1_354' title='bbox 304 3014 395 3046; x_wconf 90' lang='lat' dir='ltr'><strong>non</strong></span> <span class='ocrx_word' id='word_1_355' title='bbox 431 3006 482 3046; x_wconf 93' lang='lat' dir='ltr'><strong>ut</strong></span> <span class='ocrx_word' id='word_1_356' title='bbox 517 3015 724 3062; x_wconf 90' lang='lat' dir='ltr'><strong>puerum,</strong></span> <span class='ocrx_word' id='word_1_357' title='bbox 763 3002 845 3048; x_wconf 91' lang='lat' dir='ltr'><strong>sed</strong></span> <span class='ocrx_word' id='word_1_358' title='bbox 871 3009 921 3049; x_wconf 90' lang='lat' dir='ltr'><strong>ut</strong></span> <span class='ocrx_word' id='word_1_359' title='bbox 956 3002 1098 3048; x_wconf 90' lang='lat' dir='ltr'><strong>virum</strong></span> <span class='ocrx_word' id='word_1_360' title='bbox 1135 3001 1386 3062; x_wconf 84' lang='lat' dir='ltr'><strong>perfectum</strong></span> <span class='ocrx_word' id='word_1_361' title='bbox 1423 3002 1619 3047; x_wconf 85' lang='lat' dir='ltr'><strong>timeret.</strong></span> <span class='ocrx_word' id='word_1_362' title='bbox 1689 3002 1946 3062; x_wconf 86' lang='lat' dir='ltr'><strong>Aenigmata</strong></span> <span class='ocrx_word' id='word_1_363' title='bbox 1981 3009 2128 3049; x_wconf 88' lang='lat' dir='ltr'><strong>autem</strong></span> 
     </span>
    </p>
   </div>
   <div class='ocr_carea' id='block_1_12' title="bbox 184 3244 1126 3465">
    <p class='ocr_par' dir='ltr' id='par_1_13' title="bbox 266 3244 1070 3296">
     <span class='ocr_line' id='line_1_60' title="bbox 266 3244 1070 3296; baseline -0.001 -11"><span class='ocrx_word' id='word_1_364' title='bbox 266 3244 311 3296; x_wconf 83' lang='lat'><strong>6)</strong></span> <span class='ocrx_word' id='word_1_365' title='bbox 343 3244 495 3296; x_wconf 86' lang='lat' dir='ltr'><strong>Scripsi</strong></span> <span class='ocrx_word' id='word_1_366' title='bbox 526 3245 623 3287; x_wconf 81' lang='grc' dir='ltr'><em>τῶν</em></span> <span class='ocrx_word' id='word_1_367' title='bbox 651 3257 684 3286; x_wconf 84' lang='lat' dir='ltr'><strong>c</strong></span> <span class='ocrx_word' id='word_1_368' title='bbox 717 3245 763 3294; x_wconf 93' lang='lat' dir='ltr'><strong>D,</strong></span> <span class='ocrx_word' id='word_1_369' title='bbox 794 3247 875 3286; x_wconf 83' lang='grc' dir='ltr'><strong>τοῦ</strong></span> <span class='ocrx_word' id='word_1_370' title='bbox 907 3245 935 3284; x_wconf 92' lang='lat' dir='ltr'>C</span> <span class='ocrx_word' id='word_1_371' title='bbox 956 3245 1070 3285; x_wconf 86' lang='lat' dir='ltr'><strong>Voss.</strong></span> 
     </span>
    </p>

    <p class='ocr_par' dir='ltr' id='par_1_14' title="bbox 184 3299 1126 3410">
     <span class='ocr_line' id='line_1_61' title="bbox 267 3299 1126 3352; baseline 0.001 -13"><span class='ocrx_word' id='word_1_372' title='bbox 267 3300 313 3352; x_wconf 88' lang='grc'><strong>7)</strong></span> <span class='ocrx_word' id='word_1_373' title='bbox 344 3301 400 3340; x_wconf 89' lang='lat' dir='ltr'><strong>Ita</strong></span> <span class='ocrx_word' id='word_1_374' title='bbox 446 3301 474 3340; x_wconf 92' lang='lat' dir='ltr'>C</span> <span class='ocrx_word' id='word_1_375' title='bbox 504 3302 550 3342; x_wconf 89' lang='lat' dir='ltr'><strong>D.</strong></span> <span class='ocrx_word' id='word_1_376' title='bbox 626 3299 881 3350; x_wconf 80' lang='grc' dir='ltr'><em>πέζοντας</em></span> <span class='ocrx_word' id='word_1_377' title='bbox 905 3301 1126 3341; x_wconf 87' lang='lat' dir='ltr'><strong>Curetonus</strong></span> 
     </span>
     <span class='ocr_line' id='line_1_62' title="bbox 184 3355 987 3410; baseline 0.001 -14"><span class='ocrx_word' id='word_1_378' title='bbox 184 3355 360 3409; x_wconf 90' lang='lat' dir='ltr'><strong>(Corpus</strong></span> <span class='ocrx_word' id='word_1_379' title='bbox 390 3357 649 3407; x_wconf 87' lang='lat' dir='ltr'><strong>Ignatianum,</strong></span> <span class='ocrx_word' id='word_1_380' title='bbox 680 3357 814 3397; x_wconf 90' lang='lat' dir='ltr'><strong>Berlin</strong></span> <span class='ocrx_word' id='word_1_381' title='bbox 848 3357 987 3410; x_wconf 83' lang='lat'><strong>1849).</strong></span> 
     </span>
    </p>

    <p class='ocr_par' dir='ltr' id='par_1_15' title="bbox 268 3412 928 3465">
     <span class='ocr_line' id='line_1_63' title="bbox 268 3412 928 3465; baseline 0 -12"><span class='ocrx_word' id='word_1_382' title='bbox 268 3413 311 3465; x_wconf 90' lang='grc'><strong>8)</strong></span> <span class='ocrx_word' id='word_1_383' title='bbox 342 3412 421 3453; x_wconf 87' lang='grc' dir='ltr'><strong>καὶ</strong></span> <span class='ocrx_word' id='word_1_384' title='bbox 455 3412 508 3464; x_wconf 87' lang='lat' dir='ltr'><strong>C;</strong></span> <span class='ocrx_word' id='word_1_385' title='bbox 540 3413 652 3454; x_wconf 90' lang='lat' dir='ltr'><strong>deest</strong></span> <span class='ocrx_word' id='word_1_386' title='bbox 684 3413 723 3453; x_wconf 92' lang='lat' dir='ltr'><strong>in</strong></span> <span class='ocrx_word' id='word_1_387' title='bbox 754 3414 784 3453; x_wconf 94' lang='lat' dir='ltr'><strong>D</strong></span> <span class='ocrx_word' id='word_1_388' title='bbox 815 3413 928 3453; x_wconf 87' lang='lat' dir='ltr'><strong>Voss.</strong></span> 
     </span>
    </p>
   </div>
   <div class='ocr_carea' id='block_1_13' title="bbox 183 3523 1130 3634">
    <p class='ocr_par' dir='ltr' id='par_1_16' title="bbox 183 3523 1130 3634">
     <span class='ocr_line' id='line_1_64' title="bbox 265 3523 1130 3577; baseline 0.005 -14"><span class='ocrx_word' id='word_1_389' title='bbox 265 3524 359 3577; x_wconf 88' lang='lat' dir='ltr'><strong>Cap.</strong></span> <span class='ocrx_word' id='word_1_390' title='bbox 407 3526 473 3566; x_wconf 89' lang='grc' dir='ltr'><strong>ΠΙ.</strong></span> <span class='ocrx_word' id='word_1_391' title='bbox 546 3523 586 3576; x_wconf 98' lang='grc'><strong>1)</strong></span> <span class='ocrx_word' id='word_1_392' title='bbox 622 3526 666 3565; x_wconf 92' lang='lat' dir='ltr'><strong>In</strong></span> <span class='ocrx_word' id='word_1_393' title='bbox 699 3525 727 3565; x_wconf 92' lang='lat' dir='ltr'>C</span> <span class='ocrx_word' id='word_1_394' title='bbox 776 3524 1029 3567; x_wconf 86' lang='lat' dir='ltr'><strong>obliteratum</strong></span> <span class='ocrx_word' id='word_1_395' title='bbox 1069 3533 1130 3567; x_wconf 89' lang='lat' dir='ltr'><strong>est</strong></span> 
     </span>
     <span class='ocr_line' id='line_1_65' title="bbox 183 3578 602 3634; baseline 0.005 -14"><span class='ocrx_word' id='word_1_396' title='bbox 183 3578 261 3621; x_wconf 87' lang='grc' dir='ltr'><strong>καὶ</strong></span> <span class='ocrx_word' id='word_1_397' title='bbox 293 3587 382 3621; x_wconf 89' lang='lat' dir='ltr'><strong>ante</strong></span> <span class='ocrx_word' id='word_1_398' title='bbox 412 3578 602 3634; x_wconf 78' lang='grc' dir='ltr'><em>ἔκρινεν.</em></span> 
     </span>
    </p>
   </div>
   <div class='ocr_carea' id='block_1_14' title="bbox 266 3634 1058 3690">
    <p class='ocr_par' dir='ltr' id='par_1_17' title="bbox 266 3634 1058 3690">
     <span class='ocr_line' id='line_1_66' title="bbox 266 3634 1058 3690; baseline 0.004 -13"><span class='ocrx_word' id='word_1_399' title='bbox 266 3635 312 3690; x_wconf 86' lang='grc'><strong>2)</strong></span> <span class='ocrx_word' id='word_1_400' title='bbox 344 3634 426 3680; x_wconf 81' lang='grc' dir='ltr'><em>τὸν</em></span> <span class='ocrx_word' id='word_1_401' title='bbox 458 3639 500 3689; x_wconf 87' lang='lat' dir='ltr'><strong>C,</strong></span> <span class='ocrx_word' id='word_1_402' title='bbox 532 3637 583 3678; x_wconf 86' lang='lat' dir='ltr'><strong>ad</strong></span> <span class='ocrx_word' id='word_1_403' title='bbox 615 3650 724 3679; x_wconf 88' lang='lat' dir='ltr'><strong>oram</strong></span> <span class='ocrx_word' id='word_1_404' title='bbox 759 3636 811 3681; x_wconf 85' lang='grc' dir='ltr'><strong>τὸ</strong></span> <span class='ocrx_word' id='word_1_405' title='bbox 842 3651 945 3679; x_wconf 91' lang='lat' dir='ltr'><strong>man.</strong></span> <span class='ocrx_word' id='word_1_406' title='bbox 976 3650 1058 3680; x_wconf 87' lang='lat' dir='ltr'><strong>ree.</strong></span> 
     </span>
    </p>
   </div>
   <div class='ocr_carea' id='block_1_15' title="bbox 1187 3243 2133 3358">
    <p class='ocr_par' dir='ltr' id='par_1_18' title="bbox 1187 3243 2133 3354">
     <span class='ocr_line' id='line_1_67' title="bbox 1270 3243 2133 3312; baseline 0.005 -27"><span class='ocrx_word' id='word_1_407' title='bbox 1270 3245 1318 3312; x_wconf 90' lang='grc'><strong>3)</strong></span> <span class='ocrx_word' id='word_1_408' title='bbox 1347 3243 1549 3302; x_wconf 80' lang='grc' dir='ltr'><em>λαλήσῃς</em></span> <span class='ocrx_word' id='word_1_409' title='bbox 1578 3244 1628 3295; x_wconf 90' lang='lat' dir='ltr'><strong>C,</strong></span> <span class='ocrx_word' id='word_1_410' title='bbox 1666 3257 1787 3298; x_wconf 87' lang='lat' dir='ltr'><strong>supra</strong></span> <span class='ocrx_word' id='word_1_411' title='bbox 1823 3257 1865 3287; x_wconf 84' lang='grc' dir='ltr'><strong>ει</strong></span> <span class='ocrx_word' id='word_1_412' title='bbox 1905 3257 2009 3288; x_wconf 89' lang='lat' dir='ltr'><strong>man.</strong></span> <span class='ocrx_word' id='word_1_413' title='bbox 2038 3260 2133 3301; x_wconf 60' lang='lat' dir='ltr'><strong>rec„</strong></span> 
     </span>
     <span class='ocr_line' id='line_1_68' title="bbox 1187 3289 1572 3358; baseline -0.003 -16"><span class='ocrx_word' id='word_1_414' title='bbox 1187 3296 1385 3358; x_wconf 81' lang='grc' dir='ltr'><em>λαλήσῃς</em></span> <span class='ocrx_word' id='word_1_415' title='bbox 1412 3302 1443 3341; x_wconf 93' lang='lat' dir='ltr'><strong>D</strong></span> <span class='ocrx_word' id='word_1_416' title='bbox 1460 3289 1572 3342; x_wconf 87' lang='lat' dir='ltr'><strong>Voss.</strong></span> 
     </span>
    </p>
   </div>
   <div class='ocr_carea' id='block_1_16' title="bbox 1270 3367 1955 3428">
    <p class='ocr_par' dir='ltr' id='par_1_19' title="bbox 1270 3367 1955 3428">
     <span class='ocr_line' id='line_1_69' title="bbox 1270 3367 1955 3428; baseline 0.003 -17"><span class='ocrx_word' id='word_1_417' title='bbox 1270 3370 1316 3422; x_wconf 92' lang='grc'><strong>4)</strong></span> <span class='ocrx_word' id='word_1_418' title='bbox 1349 3370 1415 3410; x_wconf 89' lang='lat' dir='ltr'><strong>Sic</strong></span> <span class='ocrx_word' id='word_1_419' title='bbox 1445 3370 1472 3410; x_wconf 91' lang='lat' dir='ltr'>C</span> <span class='ocrx_word' id='word_1_420' title='bbox 1497 3371 1543 3420; x_wconf 94' lang='lat' dir='ltr'><strong>D,</strong></span> <span class='ocrx_word' id='word_1_421' title='bbox 1576 3367 1736 3428; x_wconf 83' lang='grc' dir='ltr'><em>ὥσπερ</em></span> <span class='ocrx_word' id='word_1_422' title='bbox 1769 3370 1955 3413; x_wconf 89' lang='lat' dir='ltr'><strong>Cureton.</strong></span> 
     </span>
    </p>
   </div>
   <div class='ocr_carea' id='block_1_17' title="bbox 1273 3494 1799 3688">
    <p class='ocr_par' dir='ltr' id='par_1_20' title="bbox 1273 3494 1799 3688">
     <span class='ocr_line' id='line_1_70' title="bbox 1273 3494 1799 3549; baseline 0.004 -14"><span class='ocrx_word' id='word_1_423' title='bbox 1273 3494 1367 3549; x_wconf 86' lang='lat' dir='ltr'><strong>Cap.</strong></span> <span class='ocrx_word' id='word_1_424' title='bbox 1402 3495 1465 3536; x_wconf 86' lang='lat'><strong>111.</strong></span> <span class='ocrx_word' id='word_1_425' title='bbox 1528 3494 1571 3547; x_wconf 89' lang='grc'><strong>1)</strong></span> <span class='ocrx_word' id='word_1_426' title='bbox 1603 3496 1701 3538; x_wconf 84' lang='lat' dir='ltr'><strong>Dan.</strong></span> <span class='ocrx_word' id='word_1_427' title='bbox 1734 3495 1799 3537; x_wconf 90' lang='lat'><strong>13.</strong></span> 
     </span>
     <span class='ocr_line' id='line_1_71' title="bbox 1273 3564 1565 3618; baseline -0.007 -12"><span class='ocrx_word' id='word_1_428' title='bbox 1273 3565 1318 3618; x_wconf 82' lang='lat'><strong>2)</strong></span> <span class='ocrx_word' id='word_1_429' title='bbox 1347 3567 1424 3606; x_wconf 86' lang='lat' dir='ltr'><strong>Ier.</strong></span> <span class='ocrx_word' id='word_1_430' title='bbox 1460 3564 1494 3614; x_wconf 81' lang='lat'><strong>1,</strong></span> <span class='ocrx_word' id='word_1_431' title='bbox 1526 3565 1565 3604; x_wconf 85' lang='lat'><strong>7.</strong></span> 
     </span>
     <span class='ocr_line' id='line_1_72' title="bbox 1277 3633 1723 3688; baseline 0 -12"><span class='ocrx_word' id='word_1_432' title='bbox 1277 3633 1322 3688; x_wconf 90' lang='grc'><strong>3)</strong></span> <span class='ocrx_word' id='word_1_433' title='bbox 1356 3635 1374 3676; x_wconf 94' lang='grc'>1</span> <span class='ocrx_word' id='word_1_434' title='bbox 1408 3635 1501 3684; x_wconf 84' lang='lat' dir='ltr'><strong>Reg.</strong></span> <span class='ocrx_word' id='word_1_435' title='bbox 1530 3634 1554 3675; x_wconf 88' lang='lat'><strong>3</strong></span> <span class='ocrx_word' id='word_1_436' title='bbox 1586 3640 1625 3676; x_wconf 89' lang='lat' dir='ltr'><strong>et</strong></span> <span class='ocrx_word' id='word_1_437' title='bbox 1661 3635 1723 3677; x_wconf 89' lang='lat'><strong>10.</strong></span> 
     </span>
    </p>
   </div>
  </div>
 </body>
</html>
