2340 3900
173 177 272 227 600
907 173 1132 221 HERMAE
1166 173 1399 221 PASTOR.

171 311 222 361 ἐν
267 306 431 367 αὐτοῖς
465 310 566 390 θῇς
617 302 847 372 κεράμιον
892 302 1058 368 κενόν,
1106 305 1186 356 καὶ
1229 301 1375 357 πάλιν
1427 301 1752 387 ἀποστιβάσαι
1801 300 2020 392 θελήσῃς
2047 297 2137 370 τὴν

171 374 458 441 ἀποθήκην,
497 374 552 426 τὸ
589 373 821 442 κεράμιον
857 374 1035 436 ἐκεῖνο,
1073 370 1101 424 3
1132 375 1328 461 ἔθηκας
1362 373 1529 439 κενόν,
1583 371 1727 426 κενὸν
1773 374 1854 426 καὶ
1903 371 2136 442 εὑρήσεις.

177 444 319 496 Ούτω
361 445 441 496 καὶ
488 445 539 496 οἷ
582 451 830 511 προφῆται
882 444 933 494 οἱ
965 443 1097 528 κενοὶ
1133 464 1250 495 οταν
1286 445 1493 496 ελθωσιν
1531 446 1599 505 εἷς
1631 441 1881 510 πνεύματα
1908 444 2135 510 δικαίων,

171 513 332 566 ὁποῖοι
373 506 558 598 ηλπθον
606 519 818 566 τοιοῦτοι
863 513 944 564 καὶ
1002 509 1316 599 εὖρίσκονται.
1372 511 1538 581 ’Έχεις
1570 511 1856 581 ἀμφοτέρων
1890 518 1987 564 τῶν
2021 531 2139 578 προ-

171 588 340 650 φητῶν
373 579 462 649 τὴν
498 580 635 648 ζωήν.
710 584 949 664 Δοκίμαζε
978 583 1068 634 οὐν
1104 579 1200 634 ἀπὸ
1237 588 1334 634 τῶν
1370 584 1522 652 ἔργων
1546 583 1628 634 καὶ
1662 588 1749 667 τῆς
1786 587 1910 671 ζωῆς
1946 579 2030 634 τὸν
2057 601 2140 632 αν-

170 661 378 735 θρωπον
412 650 499 704 τὸν
531 652 726 721 λέγοντα
762 649 936 704 ἑαυτὸν
969 651 1374 721 πνευματοφόρον
1410 650 1544 706 εἶναι.
1615 648 1693 703 Σὺ
1745 653 1796 704 δὲ
1846 654 2039 704 πίστευε
2074 656 2142 736 τῷ

171 721 409 789 πνεύματι
443 727 514 811 τῷ
550 723 785 811 ἐρχομένῳ
820 717 917 773 ἀπὸ
954 727 1041 773 τοῦ
1076 727 1202 773 θεοῦ
1239 724 1322 774 καὶ
1357 723 1509 788 ἔχοντι
1546 719 1768 788 δύναμιν·
1803 727 1870 773 τῶ
1907 721 1958 773 δὲ
1982 719 2128 773 πνεύ-

172 811 284 859 ματι
328 796 396 878 τῷ
445 792 637 875 ἐπιγείῳ
682 793 765 843 καὶ
811 796 937 862 κενῷ
967 790 1132 877 μηδὲν
1180 793 1402 855 πίστευε,
1442 790 1518 844 ὅτι
1554 791 1606 842 ἐν
1641 789 1772 842 αὐτῶ
1809 776 2014 875 δύναμις
2050 787 2141 842 οὐκ

172 861 322 913 ε’·στιν
370 857 467 913 ἀπὸ
517 867 604 912 τοῦ
652 859 883 927 διαβόλου
928 857 1019 928 γὰρ
1068 861 1261 948 ἔρχεται.
1319 859 1567 912 ’Ἄκουσον
1626 856 1716 924 τὴν
1738 845 2034 944 παραβολὴν
2076 880 2141 925 ην

171 930 323 998 μέλλω
359 946 433 981 σοι
470 930 634 999 λέγειν.
681 928 848 1017 Λάβε
867 931 1060 1016 λίθο-,ν
1092 930 1174 982 καὶ
1207 928 1323 996 βάλε
1360 932 1429 991 είς
1464 930 1551 981 τὸν
1587 926 1826 996 οὐρανόν,
1864 930 1940 980 ἴδε
1977 930 2022 980 εἰ
2054 926 2140 980 66-

169 1017 315 1052 νασαι
358 998 588 1064 ἅψασθαι
637 996 810 1052 αὐτοῦ·
857 1022 889 1066 η
938 997 1084 1051 πάλιν
1131 996 1246 1067 λάβε
1295 1001 1488 1062 σίφωνα
1534 996 1712 1059 υδατος
1761 998 1844 1049 καὶ
1874 997 2141 1063 σιφωνισον

173 1071 241 1153 εἰς
274 1065 360 1121 τὸν
397 1066 625 1137 οὐρανόν,
661 1070 734 1122 ἰ’δε
772 1071 816 1122 εἰ
849 1066 1056 1121 δύνασαι
1088 1074 1336 1155 τρυπῆσαι
1366 1065 1453 1120 τὸν
1489 1065 1714 1136 οὐρανόν.
1790 1070 1941 1134 Πῶς,
1998 1069 2140 1155 φημί,

170 1136 330 1224 κύριε,
378 1144 528 1190 ταῦτα
572 1139 826 1227 γενέσθαι·
831 1139 869 1165 ¹²
927 1136 1145 1190 ἀδύνατα
1180 1136 1270 1226 γὰρ
1310 1135 1561 1221 ἀμφότερα
1617 1142 1767 1189 ταῦτα
1802 1138 2010 1222 εἴρηκας.
2061 1140 2143 1200 Ως

170 1214 318 1259 ταῦτα
368 1229 481 1271 ουν,
529 1209 706 1275 φησίν,
757 1204 972 1260 ἀδύνατά
1024 1208 1174 1265 ἐστιν,
1210 1207 1337 1260 ούτω
1370 1229 1451 1259 και
1487 1204 1546 1258 τὰ
1582 1204 1831 1292 πνεύματα
1865 1201 1924 1258 τὰ
1960 1206 2147 1276 ἐπίγεια

173 1275 390 1329 ἀδύνατά
426 1278 521 1329 ἐστι
558 1279 640 1329 καὶ
676 1278 878 1361 ἀδρανῆ.
950 1276 1092 1344 Λάβε
1129 1269 1219 1329 οὖν
1250 1298 1340 1343 την
1385 1276 1593 1364 δύναμιν
1639 1275 1729 1343 τὴν
1774 1273 1971 1328 ανωθεν
2015 1276 2096 1345 ἐρχ
2096 1297 2145 1330 ο-

173 1346 336 1412 μένην.
406 1344 472 1397 Ἡ
498 1343 674 1413 χάλαζα
714 1343 961 1430 ἐλάχιστόν
996 1346 1094 1398 ἐστι
1132 1345 1407 1432 κοκκάριον,
1446 1347 1525 1398 καὶ
1563 1345 1680 1398 ’ὅταν
1716 1346 1917 1430 ἐπιπέσῃ
1954 1345 2035 1398 ἐπι
2070 1365 2146 1399 κε-

174 1413 336 1502 φαλὴν
373 1413 667 1501 ἀνθρώπου,
705 1417 847 1477 πῶς13
883 1413 1039 1467 πόνον
1071 1417 1285 1484 παρέχει·
1320 1414 1354 1483 ἢ
1390 1414 1536 1467 πάλιν
1570 1412 1687 1482 λάβε
1718 1412 1808 1482 τὴν
1843 1413 2075 1500 σταγόνα,
2111 1412 2144 1484 ἢ

174 1482 270 1536 ἀπὸ
306 1489 394 1536 τοῦ
430 1483 642 1567 κεράμου
677 1487 841 1537 πίπτει
876 1485 1021 1550 χαμαὶ
1045 1507 1128 1536 και
1164 1487 1360 1567 τρυπα“
1395 1482 1481 1538 τὸν
1516 1486 1673 1539 λίθον.
1729 1484 1930 1547 Βλέπεις
1956 1478 2047 1538 οὖν
2070 1482 2146 1538 ’ότι

174 1550 232 1605 τὰ
285 1551 480 1606 ἄνωθεν
527 1553 745 1620 ἐλάχιστα
792 1556 1029 1605 πίπτοντα
1078 1555 1156 1605 ἐπὶ
1193 1552 1281 1621 τὴν
1310 1559 1406 1638 γῆν
1438 1552 1648 1623 μεγάλην
1683 1553 1891 1621 δύναμιν
1927 1555 2143 1640 ἔχουσιν·

173 1622 300 1675 ούτω
336 1624 418 1674 καὶ
452 1619 505 1675 τὸ
542 1629 733 1691 πνεῦμα
769 1620 823 1676 τὸ
863 1629 1025 1686 θεῖον,
1067 1620 1262 1676 ἀνωθεν
1275 1621 1560 1712 ἐρχόμενον
1589 1622 1798 1676 δυνατόν
1823 1623 1934 1678 ἐστι.
1977 1620 2144 1696 Τούτῳ

175 1685 265 1744 οὖν
298 1697 364 1744 τῶ
397 1690 633 1759 πνεύματι
667 1695 886 1752 πίστευε,
925 1690 1022 1744 ἀπὸ
1061 1692 1113 1744 δὲ
1148 1699 1234 1745 τοῦ
1269 1693 1429 1760 ἑτέρου
1467 1691 1660 1758 ἀπέχου.

900 1832 1268 1880 ΕΝΤΟΛΗ
1314 1829 1422 1883 ΙΒ’.

309 1935 341 1981 Ι,
414 1925 562 2013 Λέγει
610 1946 692 1992 μοι
733 1917 883 1993 Αρον
943 1921 1039 1977 ἀπὸ
1091 1932 1298 1978 σεαυτοῦ
1362 1933 1525 1979 πᾶσαν
1586 1926 1858 2010 ἐπιθυμίαν
1906 1924 2143 1995 πονηράν,

172 1997 369 2048 ἔνδυσαι
416 1994 467 2046 δὲ
512 1992 600 2061 τὴν
648 1995 932 2078 ἐπιθυμίαν
962 1991 1051 2062 τὴν
1097 1993 1294 2081 ἀγαθην
1330 1997 1413 2048 καὶ
1450 1993 1653 2063 σεμνήν·
1704 1995 2019 2063 ἐνδεδυμένος
2053 1996 2145 2067 γᾶρ

172 2065 262 2131 τὴν
298 2065 568 2149 ἐπιθυμίαν
601 2062 781 2147 ταύτην
816 2081 1034 2131 μισιΙσεις
1070 2086 1159 2131 την
1192 2065 1416 2148 πονηρὰν
1452 2067 1735 2132 ἐπιθυμίαν
1771 2067 1854 2118 καὶ
1887 2073 2142 2153 χαλιναγω·

171 2132 338 2224 γήσεις
386 2131 538 2186 αὑτὸν
582 2131 753 2196 καθὼς
787 2132 955 2205 βούλῃ.
1019 2132 1191 2220 Ἀγρία
1270 2158 1330 2204 αρ
1370 2137 1496 2188 ἐστιν
1536 2158 1564 2202 η
1603 2136 1864 2223 ἐπιθυμία
1879 2158 1912 2203 η
1956 2156 2147 2224 πονηρα

171 2204 252 2257 καὶ
292 2202 539 2265 δυσκόλως
572 2202 856 2292 ημεροῦται·
894 2201 1082 2287 φοβερὰ
1111 2202 1201 2273 γάρ
1225 2158 1337 2270 ἔστι,
1379 2207 1460 2258 καὶ
1497 2207 1605 2257 λίαν
1639 2211 1710 2294 τῇ
1723 2203 1970 2294 ἀγριότητι
1993 2227 2146 2274 αυτης

175 2275 370 2344 δαπανᾷ
418 2270 532 2334 τοὺς
581 2271 902 2360 ἀνθρώπους·
951 2271 1152 2339 μάλιστα
1197 2275 1248 2327 δὲ
1299 2272 1387 2327 ἐὰν
1436 2275 1617 2363 ἐμπέσῃ
1665 2277 1734 2336 εἰς
1779 2272 1934 2342 αὐτην
1969 2277 2146 2338 δοῦλος

175 2349 301 2395 θεοῦ
348 2364 429 2394 και
477 2339 542 2408 μὴ
588 2335 621 2414 ᾗ
667 2340 891 2403 συνετός,
942 2344 1213 2395 δαπανᾶται
1258 2342 1344 2396 ὑπ’
1406 2343 1558 2410 αὐτῆς
1590 2348 1772 2406 δεινῶς.
1844 2350 2057 2416 Δαπανᾷ
2092 2344 2145 2398 δὲ

175 2410 290 2472 τοὺς
337 2409 613 2474 τοιούτους,
668 2409 783 2472 τοὺς
830 2409 895 2477 μὴ
934 2412 1125 2476 ἔχοντας
1159 2414 1342 2494 ε’νδυμα
1377 2419 1465 2477 τῆς
1501 2414 1768 2499 ἐπιθυμίας
1802 2419 1890 2481 τῆς
1927 2397 2140 2484 ἀγαθῆς,

175 2478 294 2531 ἀλλὰ
339 2480 736 2547 ἐμπεφυρμένους
780 2486 847 2530 τῶ
897 2481 1039 2531 αἰῶνι
1086 2479 1251 2548 τούτῳ.
1330 2482 1547 2544 Τούτους
1581 2476 1671 2535 οὖν
1705 2485 2037 2550 παραδίδωσιν
2073 2486 2143 2546 εἰς

175 2547 408 2600 θάνατον.
483 2552 642 2612 Ποῖα,
683 2551 830 2634 φημί,
868 2547 1019 2632 κύριε,
1059 2551 1186 2601 ἐστὶν
1222 2551 1337 2634 ε’ργα
1370 2558 1457 2617 τῆς
1493 2553 1759 2617 ἐπιθυμίας
1792 2573 1880 2618 της
1914 2558 2134 2618 πονηρᾶς

175 2614 234 2669 τὰ
267 2615 598 2705 παραδιδόντα
630 2616 744 2676 τοὺς
780 2614 1079 2684 ἀνθρώπους
1117 2620 1185 2678 εἷς
1221 2619 1464 2686 θάνατον,
1517 2619 1782 2707 Γνώρτσόν
1790 2641 1887 2686 μοι,
1923 2621 2004 2672 καὶ
2024 2619 2138 2686 ἀφέ.

177 2690 317 2752 ξομαι
354 2684 442 2737 ἀπ’
484 2684 658 2739 αὐτῶν.
714 2683 988 2753 ’Ἀκουσο-,ν
1027 2687 1078 2738 ἐν
1112 2689 1273 2748 ποίοις
1309 2689 1466 2756 ἔργοις
1502 2695 1716 2741 θανατοῑ
1747 2712 1780 2756 η
1829 2690 2069 2757 ἐπιθυμία
2104 2712 2136 2757 η

176 2751 366 2824 πονηρὰ
401 2752 516 2816 τοὺς
550 2753 758 2816 δούλους
791 2760 880 2806 τοῦ
919 2760 1058 2808 θεοῦ.

315 2886 369 2930 Π.
441 2876 655 2930 Πάντων
698 2878 970 2968 προέχουσα
1014 2879 1256 2947 ἐπιθυμία
1301 2880 1533 2950 γυναικὸς
1578 2880 1827 2951 ἀλλοτρίας
1872 2879 1907 2950 ἢ
1942 2881 2137 2967 ἀνδρός,

179 2950 262 3000 καὶ
294 2950 599 3008 πολυτελείας
633 2947 844 2999 πλούτου
875 2949 958 3000 καὶ
994 2949 1264 3015 ἐδεσμάτων
1298 2957 1490 3004 πολλῶν
1525 2953 1739 3035 ματαίων
1772 2973 1855 3003 και
1888 2950 2139 3035 μεθυσμά-

174 3038 270 3069 των
316 3017 399 3069 καὶ
433 3017 603 3101 ἐτέρων
646 3023 848 3102 τρυφῶν
893 3024 1083 3069 πολλῶν
1118 3019 1202 3070 καὶ
1250 3026 1447 3107 μωρῶν·
1495 3027 1629 3072 πᾶσα
1677 3017 1740 3090 γὰ
1803 3020 1964 3089 τρυφὴ
2001 3019 2139 3090 μωρά

178 3087 275 3138 ἐστι
321 3086 402 3137 καὶ
445 3083 561 3151 κενὴ
609 3093 711 3148 τοῖς
758 3085 949 3148 δούλοις
992 3093 1079 3138 τοῦ
1126 3095 1265 3141 θεοῦ.
1335 3083 1496 3142 Αυται
1532 3111 1624 3142 ουν
1660 3091 1714 3140 αἱ
1741 3042 2002 3173 ἓπιθυμίαι
2051 3111 2138 3143 πο-

176 3156 337 3244 νηραί
355 3156 470 3218 εἰσι,
508 3161 814 3207 θανατοῦσαι
847 3153 962 3217 τοὺς
997 3153 1204 3218 δούλους
1238 3163 1325 3209 τοῦ
1372 3165 1512 3211 θεοῦ.
1583 3157 1724 3225 Αύτη
1758 3155 1851 3227 γὰρ
1885 3181 1947 3246 η
1965 3160 2135 3212 ἐπιθυ-

177 3226 263 3289 μία
304 3246 335 3289 η
367 3221 558 3292 πονηρὰ
593 3230 680 3276 τοῦ
717 3223 948 3291 διαβόλου
979 3227 1244 3314 θυγατέρα1
1288 3228 1430 3279 ἐστίν.
1496 3225 1787 3294 Ἀπέχεσθαι
1821 3225 1947 3279 δεῖ’
1920 3226 2018 3280 απὸ
2040 3234 2137 3281 τῶν

179 3293 456 3357 ἐπιθυμιῶν
499 3299 596 3344 τῶν
629 3299 884 3381 πονηρῶν,
922 3295 1004 3345 ινα
1041 3312 1359 3379 αποσχομενοι
1400 3294 1566 3363 ζήσητε
1601 3302 1667 3366 τῷ
1715 3301 1831 3382 θεῷ,
1886 3295 2035 3348 Ὀσοι
2083 3297 2136 3349 δὲ

178 3359 239 3411 ἀν
275 3368 729 3428 κατακυριευθῶσιν
763 3361 851 3414 ὕπ’
892 3361 1054 3415 αὐτῶν
1089 3365 1172 3416 καὶ
1206 3386 1271 3430 μη
1309 3350 1666 3416 ἀντισταθῶσιν
1700 3350 1896 3433 αὐταῖς,
1944 3363 2136 3418 ἀποθα-

208 3500 334 3594 .ἀ1ῑ2)
363 3501 423 3540 sic
462 3513 600 3552 apogr.
632 3502 781 3541 omisso
823 3497 1044 3552 δύναται,
1085 3509 1129 3542 ut
1273 3502 1342 3555 14)
1372 3515 1510 3554 apogr.
1542 3499 1709 3559 τρύπα.

182 3566 217 3592 v1
251 3567 270 3593 e
289 3568 347 3594 ur.

268 3610 335 3662 13)
368 3612 470 3657 πῶς
498 3623 650 3664 apogr„
681 3624 762 3652 non
794 3607 958 3654 πόσον.
1258 3612 1399 3652 Mami.
1418 3613 1516 3653 ΧΙΙΙ.
1564 3614 1605 3668 1)
1627 3612 1890 3672 θυγατέρας
1919 3615 1978 3656 sic
1994 3627 2134 3667 apogr.
