2340 3900
190 179 289 228 646

247 328 325 354 non
350 309 671 350 christianismus
708 307 747 346 in
776 305 1031 346 Iudaismum·
1051 305 1142 346 148.

248 370 288 408 Si
317 368 419 406 iuxta
449 365 688 405 Iudaismum
703 362 880 411 vivimus,
911 362 1145 401 confitemur

245 435 319 462 nos
341 422 506 472 gratiam
536 432 616 459 non
645 418 849 469 accepisse
884 418 975 458 146.

191 478 458 519 Iudaistae
492 475 584 516 146.
620 474 710 515 148.
749 474 841 514 178.
875 473 967 514 182.

192 532 398 574 ludiciu
413 545 466 574 m.
542 531 648 570 Mors
699 535 737 569 et
788 529 867 568 vita
918 527 1150 568 incumbunt

206 607 209 609 ·
246 588 377 637 simul,
412 593 450 626 et
478 586 751 637 unusquisque
780 585 821 624 in
850 584 1059 636 proprium
1086 584 1147 623 lo—

249 656 337 685 cum
365 644 492 683 iturus
524 647 584 681 est
619 641 707 681 142.
752 640 945 680 Dominus
975 652 1054 679 non
1081 652 1148 679 ac-

703 175 868 221 lNDEX
905 173 1093 219 RERUM
1131 173 1199 218 ET
1236 172 1622 218 PERSONARUM.

1244 306 1411 346 Hermae
1461 306 1573 346 loeus
1612 305 1692 346 494
1735 316 1824 356 sqq.
1860 301 1887 344 ὁ
1928 299 2040 348 θεὸς
2073 300 2146 343 λό-

1239 366 1325 414 'yos-
1340 361 1433 402 236.
1465 357 1599 416 λόγος
1630 358 1742 406 θεὸς
1760 360 1853 400 264.
1883 353 2043 412 Λόγος
2066 370 2145 398 11011

1246 429 1266 456 0
1299 416 1390 467 Sige
1420 417 1682 468 progrediens
1720 416 1811 456 146.

1190 473 1285 512 Lot
1331 479 1499 524 propter
1536 472 1849 524 hospitalitatem
1891 475 1929 509 et
1959 469 2147 520 pietatem

1247 527 1380 567 salvus
1411 528 1534 568 evasit
1564 529 1630 570 58.
1688 527 1783 567 Eius
1812 538 1912 566 uxor
1939 525 2093 565 ibidem.

1642 622 1696 666 M.

248 706 362 751 cepta
391 710 567 750 persona
596 697 745 736 iudicat
773 696 986 746 mundum3
1027 708 1150 735 unus-
1193 693 1566 744 Magistratus,
1617 694 1808 745 imagines
1859 691 1931 731 Dei
1971 690 2038 731 40.
2097 688 2148 728 Iis

277 755 418 807 uisque
450 752 668 794 secundum
711 764 811 804 quae
858 751 953 790 facit
980 751 1151 802 accipiet

279 843 288 853 .
336 812 379 851 ln
423 808 654 849 memoriam
697 814 804 847 tuam
848 813 966 846 nocte
1009 820 1055 846 ac
1085 807 1149 846 die

251 865 458 907 revocabis
499 864 636 903 iudicii
663 863 773 904 diem
805 863 872 902 42.
931 863 1002 902 1)οἱ
1044 862 1149 902 iudi-

253 922 326 962 ciis
366 933 483 960 nemo
540 932 583 959 se
635 919 859 959 subduccre
903 923 1038 969 potest
1082 919 1148 958 74.

251 979 376 1018 Nemo
407 976 513 1016 dicat
558 975 665 1026 quod
707 975 806 1014 haec
855 986 948 1014 caro
979 987 1059 1014 non
1088 974 1150 1014 iu-

251 1033 406 1074 dicatur
429 1044 558 1083 neque
588 1030 761 1080 resurgit
798 1030 886 1071 112.
913 1043 916 1047 ·
949 1030 1023 1077 Qui
1057 1030 1152 1069 dicit

249 1101 378 1140 neque
419 1086 754 1127 resurrectionem
791 1098 920 1138 neque
960 1085 1150 1125 iudicium

250 1157 352 1193 esse,
382 1143 447 1183 hic
475 1141 764 1194 primogenitus
790 1148 850 1182 est
872 1142 1042 1181 Satanae
1055 1141 1150 1181 385.

194 1199 371 1242 Iudith
393 1200 507 1239 beata
516 1203 684 1250 propter
695 1209 870 1237 amorem
890 1197 1043 1248 patriae
1061 1197 1151 1236 100.

194 1259 246 1297 111
259 1255 369 1308 pite
383 1268 403 1294 r
424 1255 464 1294 in
476 1254 590 1294 Creta
604 1253 785 1304 sepultus
796 1253 1044 1292 dicitur354.
1055 1253 1149 1293 369.

195 1313 246 1353 111
261 1311 321 1351 sti
364 1323 445 1350 non
487 1308 682 1350 efficimur
716 1321 790 1359 per
829 1321 905 1348 nos
942 1308 1055 1359 ipsos
1086 1313 1153 1347 aut

253 1379 376 1419 opera
406 1372 556 1414 nostra,
589 1365 661 1404 sed
691 1377 766 1415 per
795 1364 914 1404 fidem
950 1364 1017 1403 78.
1057 1363 1153 1403 lusti

253 1422 427 1462 carnalia
458 1433 641 1460 exercere
671 1425 872 1472 nequeunt
906 1420 996 1460 126.
1058 1419 1154 1459 lusti

253 1478 303 1517 ab
339 1476 496 1516 iniustis
548 1476 588 1515 in
637 1475 715 1515 hoc
755 1475 893 1515 seculo
935 1475 1154 1514 internosci

252 1544 333 1573 non
374 1538 544 1583 possunt
572 1531 667 1571 487.
722 1530 819 1570 Iusti
860 1543 941 1570 non
974 1544 995 1569 a
1025 1531 1152 1579 iustis,

252 1589 325 1629 sed
372 1589 421 1628 ab
463 1586 609 1639 iniquis
647 1591 836 1625 vexantur
875 1586 941 1626 92.
1014 1586 1152 1625 Omnia

254 1644 401 1687 faciant
439 1643 550 1695 quasi
594 1643 677 1682 Deo
725 1641 765 1680 in
809 1641 908 1693 ipsis
939 1641 1152 1691 habitante,

252 1706 296 1740 ut
323 1699 431 1738 illius
464 1699 543 1737 sint
572 1697 718 1748 templa
754 1697 846 1737 134.

200 1756 251 1796 lu
264 1768 283 1792 v
300 1767 355 1794 en
369 1767 390 1793 c
403 1767 451 1793 ae
482 1754 626 1792 rubrae
646 1751 884 1791 sacrificium
902 1758 1019 1803 typus
1038 1751 1153 1791 Chri-

253 1810 302 1849 sti
338 1809 502 1860 eiusque
532 1806 643 1857 regni
664 1808 725 1846 16.

198 1868 420 1906 iuvenes
451 1864 491 1903 in
524 1862 705 1903 omnibus
736 1861 927 1913 inculpati
958 1861 1037 1901 sint
1060 1862 1156 1911 382,

252 1920 486 1972 praesertim
516 1917 686 1958 castitati
715 1918 901 1958 studeant
929 1919 1083 1958 ibidem.

654 2011 695 2057 1..

197 2086 226 2126 L
242 2098 262 2124 a
275 2085 300 2123 b
315 2097 378 2124 or.
393 2083 466 2124 Ubi
479 2084 570 2135 plus
585 2083 750 2130 laboris,
763 2083 929 2123 multum
947 2083 1048 2123 lucri
1067 2082 1157 2124 198.

198 2140 385 2180 Laicus
422 2140 543 2180 homo
560 2139 787 2191 praeceptis
809 2139 922 2179 laicis
955 2139 1159 2179 constrin-

256 2195 360 2246 gitur
392 2195 458 2236 86.

198 2252 228 2291 L
243 2264 299 2302 ap
314 2251 390 2291 sis
408 2251 447 2290 111
473 2251 638 2304 aliquod
656 2256 864 2302 peccatum
887 2251 1090 2303 quomodo
1107 2252 1158 2291 sit

257 2308 546 2347 consulendum
584 2308 674 2347 100.

200 2363 421 2413 Leporis
457 2376 547 2402 esus
581 2362 806 2414 prohibitus
835 2362 990 2402 ludaeis
1022 2362 1088 2402 22.

200 2418 229 2456 L
249 2418 408 2457 evitis
438 2431 508 2457 sua
539 2418 756 2458 ministeria
785 2418 1018 2458 incumbunt
1047 2418 1114 2459 86.

199 2472 292 2512 Lex
323 2473 394 2512 Dei
427 2473 451 2511 i.
483 2486 514 2512 e.
551 2473 806 2523 Evangelium
842 2474 916 2512 sub
935 2475 1059 2523 figura
1090 2486 1154 2514 ar-

255 2528 376 2567 boris·
411 2528 635 2567 ostenditur
672 2530 767 2568 514.
825 2529 914 2568 Toti
957 2529 1043 2568 orbi
1073 2535 1156 2568 ter-

254 2596 387 2623 rarum
423 2584 652 2634 praedicata
685 2590 745 2623 est
781 2584 874 2623 ibid.
930 2583 1002 2623 Dei
1042 2597 1156 2623 man-

253 2639 343 2678 data
379 2645 471 2678 sunt
497 2639 611 2678 valde
642 2639 747 2678 bona
775 2644 813 2678 et
841 2651 982 2689 magna
1012 2645 1050 2678 et
1080 2639 1155 2678 ho-

256 2701 368 2734 nesta
401 2701 439 2734 et
473 2695 576 2734 laeta
596 2694 711 2745 4983
753 2707 833 2733 non
876 2700 968 2734 sunt
1000 2694 1154 2746 impos-

254 2750 400 2799 sibilia,
428 2763 508 2789 non
540 2751 638 2789 dura
669 2750 764 2790 478.
810 2750 860 2789 Ut
881 2750 1153 2799 observentur,

253 2806 417 2855 augelus
464 2806 621 2845 Domini
677 2805 780 2845 vires
836 2811 1014 2856 praestat
1058 2806 1152 2846 498.

258 2861 502 2912 Quicumque
538 2861 576 2900 in
606 2861 668 2901 his
699 2861 853 2912 legibus
884 2861 1154 2901 ambulaverit.

255 2917 358 2957 vivet
386 2918 470 2956 Deo
501 2919 594 2958 ibid.
650 2918 730 2957 Lex
758 2929 862 2957 nova
891 2916 1038 2957 Christi
1067 2917 1153 2957 sine

253 2972 345 3023 iugo
376 2972 624 3012 necessitatis
658 2979 717 3012 est
745 2973 784 3014 3.

198 3027 503 3069 Liberorum
534 3028 717 3068 educatio
737 3028 942 3080 negligens
970 3030 1054 3069 Deo
1085 3042 1153 3069 ve-

252 3084 456 3131 hementer
485 3084 671 3135 displicet
701 3085 796 3124 412.
824 3085 920 3125 416.

198 3139 439 3179 Libertas
493 3140 653 3179 humani
706 3140 859 3180 arbitrii
913 3141 1008 3181 518.
1057 3140 1151 3181 522.

253 3194 484 3234 volentibus
515 3195 565 3234 ad
594 3195 721 3246 ipsam
752 3196 929 3236 converti
960 3196 1151 3237 Dominus

253 3249 523 3301 poenitentiae
553 3250 687 3291 locum
717 3252 916 3291 concessit
945 3253 1011 3293 55.

198 3305 395 3356 Lingua
443 3306 642 3358 duplex
690 3313 750 3346 est
793 3306 959 3359 laqueus
1012 3308 1153 3348 mortis

251 3362 320 3402 40.
382 3361 439 3400 Ι)0
469 3362 624 3401 1101111110
654 3362 757 3402 male
786 3362 985 3414 loquaris,
1023 3377 1152 3416 neque

254 3416 424 3456 libenter
452 3417 590 3457 audias
620 3418 723 3457 male
760 3417 989 3469 loquentem
1019 3420 1113 3459 444.

200 3470 355 3510 Linus
395 3479 623 3518 nemoratur
665 3487 686 3512 a
727 3474 767 3513 S.
815 3474 898 3523 ign.
930 3475 1023 3515 226.
1058 3475 1152 3516 234.

200 3524 364 3565 Locus
394 3527 590 3567 neminem
621 3529 758 3568 efferat
793 3529 882 3569 190.
913 3529 1010 3571 520.

200 3577 403 3632 Λόγος.
467 3582 525 3621 Ad
561 3579 726 3637 Λόγον
770 3590 954 3635 spectare
996 3586 1152 3626 videtur

1249 750 1388 790 fideles
1432 751 1710 802 obtemperent
1750 750 1844 789 ibid.
1915 747 2034 787 Orate
2073 757 2148 796 pro

1249 804 1411 856 regibus
1449 813 1487 846 ct
1517 806 1782 857 potestatibus
1820 809 1859 843 et
1887 801 2150 854 principibus,

1250 867 1289 901 et
1326 874 1402 913 pro
1445 861 1778 913 persequentibus
1836 865 1874 898 et
1923 857 2149 898 odientibus

1250 929 1320 956 vos
1358 918 1454 958 389.
1513 916 1656 956 Edocti
1695 928 1856 963 sumus,
1900 912 2149 964 principibus

1251 979 1288 1012 et
1319 973 1584 1024 potestatibus
1616 984 1638 1011 a
1667 972 1751 1011 Deo
1795 968 1989 1010 ordinatis
2019 968 2151 1011 bono-

1249 1041 1331 1068 rem
1366 1028 1482 1067 nobis
1513 1040 1593 1066 non
1610 1032 1820 1066 nocentem
1841 1025 1996 1064 deferre
2011 1021 2151 1075 (verba

1251 1089 1343 1123 sunt
1381 1083 1594 1134 Polycarpi
1639 1082 1689 1122 ad
1732 1079 2019 1133 proconsulem
2061 1083 2151 1118 ante

1250 1138 1500 1190 martyrium)
1530 1138 1625 1178 398.

1195 1194 1322 1235 Mali.
1383 1194 1608 1244 Benignitas
1640 1205 1733 1243 erga
1763 1193 1892 1233 malos
1920 1191 2016 1233 416.

1198 1249 1401 1290 Malitia
1430 1250 1608 1301 perdidit
1639 1249 1756 1288 vitam
1790 1248 1993 1289 hominum
2025 1246 2121 1286 444.

1197 1305 1430 1346 Manibus
1462 1305 1632 1346 extensis
1667 1306 1834 1344 orabant
1856 1302 2071 1350 Christiani
2084 1301 2151 1342 48.

1196 1363 1300 1402 Man
1315 1361 1599 1400 suetudine
1630 1366 1667 1400 et
1705 1360 1926 1400 humilitate
1962 1358 2152 1410 princeps

1254 1417 1370 1456 huius
1400 1417 1537 1457 mundi
1570 1416 1787 1456 destruitur
1816 1417 1907 1457 156.
1970 1415 2153 1455 Mansue-

1252 1472 1398 1512 tudinis
1430 1473 1515 1512 laus
1547 1478 1586 1512 ct
1619 1472 1798 1523 exempla
1828 1471 1924 1512 330.

1197 1530 1404 1568 Marcus
1447 1534 1690 1568 memoratur
1729 1528 1770 1567 in
1811 1527 2001 1579 Martyrio
2033 1525 2155 1578 Poly-

1253 1584 1363 1634 carpi
1397 1585 1492 1624 404.

1197 1640 1375 1680 Maria.
1418 1641 1474 1680 Ex
1509 1640 1659 1690 virgine
1691 1652 1784 1679 vere
1813 1645 1927 1679 natus
1957 1643 2019 1678 est
2048 1636 2154 1676 filius

1253 1695 1324 1735 Dei
1360 1695 1452 1737 186.
1502 1695 1682 1735 Christus
1717 1708 1763 1734 ex
1791 1694 1913 1735 Maria
1942 1699 1982 1734 et
2011 1705 2056 1733 ex
2071 1693 2154 1732 Deo

1257 1751 1350 1790 126.
1384 1752 1463 1791 136
1492 1764 1549 1802 sq.
1612 1751 1835 1801 Principem
1875 1750 1992 1789 huius
2020 1746 2155 1788 mundi

1254 1805 1369 1845 latuit
1402 1807 1547 1845 Mariae
1575 1805 1780 1855 virginitas
1815 1805 1907 1845 136.

1200 1861 1357 1900 Maria
1389 1861 1529 1910 „tilia“
1561 1862 1601 1901 S.
1630 1862 1711 1910 ign.
1744 1860 1838 1900 318.

1201 1916 1351 1955 Maris
1382 1917 1504 1967 episc.
1541 1916 1749 1966 Emelapes
1780 1916 1905 1966 Neap.
1937 1913 2031 1954 218.
2061 1912 2156 1953 318.

1203 1972 1375 2011 Mariti
1405 1972 1571 2023 diligant
1601 1971 1790 2022 coniuges
1819 1983 1912 2010 suas
1941 1970 2049 2018 202,
2082 1968 2156 2009 do-

1258 2034 1373 2068 ceant
1415 2041 1482 2068 eas
1513 2027 1715 2068 ambulare
1746 2027 1786 2066 in
1816 2027 1918 2077 fide,
1965 2024 2156 2066 charitate

1259 2089 1297 2122 et
1326 2084 1530 2134 castitate,
1566 2089 1742 2123 amantes
1779 2083 1887 2123 viros
1933 2093 2029 2122 suos
2060 2080 2156 2121 381.

1258 2138 1510 2180 Continentia
1538 2139 1768 2179 maritorum
1800 2138 1897 2180 416.

1203 2196 1474 2247 Martyres,
1535 2197 1673 2246 Magna
1706 2201 1923 2247 martyrum
1944 2192 2156 2234 multitudo

1258 2257 1439 2302 tempore
1478 2252 1691 2291 Clementis
1731 2251 1897 2290 Romani
1926 2250 1993 2290 52.
2054 2249 2157 2288 Mar-

1253 2313 1384 2358 tyrum
1414 2308 1636 2348 constantia
1665 2306 1910 2346 admirabilis
1940 2304 2036 2346 392.
2061 2304 2157 2344 420.

1254 2363 1441 2414 Martyrio
1475 2376 1592 2403 nemo
1610 2376 1653 2402 se
1684 2363 1816 2414 ipsum
1844 2366 1988 2414 sponte
2019 2361 2160 2400 offerat

1253 2419 1349 2458 394.
1408 2420 1621 2471 Martyrum
1651 2419 1784 2458 honor
1812 2420 1908 2458 420.
1940 2418 2036 2457 560.
2077 2417 2156 2456 De-

1253 2474 1332 2513 leta
1362 2481 1454 2515 sunt
1490 2475 1636 2514 delicta
1678 2474 1761 2514 eius
1788 2474 1855 2525 qui
1881 2473 2031 2525 patitur
2059 2483 2156 2523 pro-

1246 2535 1337 2580 pter
1362 2543 1505 2570 nomen
1541 2530 1699 2570 Domini
1729 2531 1827 2570 ibid.
1871 2528 2035 2569 Vincula
2054 2528 2155 2568 San—

1256 2590 1411 2625 ctorum
1438 2591 1530 2625 sunt
1559 2586 1783 2624 diademata
1814 2596 1953 2624 eorum
1985 2583 2084 2624 377.

1196 2639 1595 2680 Matrimonium.
1656 2639 1714 2679 Cf.
1744 2639 1926 2691 Nuptiae.

1196 2695 1475 2735 Menander
1505 2696 1599 2735 238.

1195 2750 1542 2793 Mendacium.
1603 2751 1677 2799 Qui
1720 2750 1986 2799 mentiuntur,
2031 2750 2156 2789 abne-

1252 2811 1346 2855 gant
1382 2806 1593 2846 Dominum
1628 2807 1723 2848 446.
1774 2806 1847 2854 Qui
1887 2805 2101 2846 recesserit
2132 2818 2154 2844 a

1251 2862 1474 2912 mendacio,
1505 2863 1609 2903 vivet
1636 2864 1719 2903 Deo
1753 2863 1846 2902 ibid.

1195 2915 1416 2957 Michael
1455 2919 1741 2969 archangelus,
1783 2923 1977 2970 patronus
2015 2923 2053 2957 et
2083 2929 2155 2968 gu—

1249 2972 1440 3013 bernator
1467 2974 1646 3020 fidelium
1668 2974 1764 3016 514.

1195 3027 1581 3070 Misericordia
1614 3030 1760 3070 Christi
1782 3042 1875 3080 erga
1904 3040 1979 3069 nos
2004 3029 2154 3081 lffisq.

1196 3083 1553 3126 Montanistae
1585 3086 1634 3125 ab
1667 3087 1812 3126 Herma
1843 3084 2069 3136 impugnari
2096 3085 2154 3124 vi-

1253 3140 1395 3181 dentur
1423 3142 1506 3183 448
1540 3155 1602 3194 sq.
1634 3142 1743 3190 519„
1773 3141 1870 3181 item
1899 3140 2152 3192 atPseudo-)

1250 3197 1332 3247 lgn.
1367 3197 1460 3237 284.

1197 3253 1330 3292 Mors
1361 3258 1400 3293 et
1429 3253 1508 3294 vita
1537 3253 1769 3293 incumbunt
1795 3251 1926 3301 simul,
1959 3257 1999 3291 et
2029 3264 2153 3291 unus-

1253 3308 1422 3361 quisque
1451 3309 1491 3349 in
1524 3309 1733 3361 proprium
1762 3307 1895 3347 locum
1937 3307 2064 3347 iturus
2095 3313 2155 3347 est

1256 3364 1347 3404 142.
1408 3365 1561 3404 Bonum
1590 3369 1673 3412 est,
1708 3375 1730 3402 a
1757 3363 1905 3402 mundo
1950 3362 2000 3401 ad
2030 3362 2154 3402 Deum

1254 3420 1451 3469 occidere,
1481 3419 1578 3459 utin
1606 3418 1696 3469 ipso
1720 3418 1893 3458 oriamur
1912 3418 2004 3459 166.
2048 3418 2153 3458 Mors

1251 3487 1332 3513 non
1361 3473 1534 3514 timenda
1570 3473 1647 3513 1⁷08
1677 3485 1739 3524 sq.

1197 3529 1353 3570 Mosis
1406 3528 1606 3568 humilitas
1651 3529 1705 3569 64
1745 3541 1827 3581 sq.;
1880 3529 2018 3578 ingens
2070 3527 2155 3568 eius

1253 3595 1346 3633 erga
1383 3583 1577 3634 populum
1618 3596 1730 3624 amor
1759 3585 1825 3626 98.
1882 3584 2012 3623 Moses
2054 3595 2155 3634 quo-
