2340 3900
201 160 300 212 374
683 156 1012 205 MARTYRIUM
1048 153 1227 216 (lNED.)
1265 156 1569 207 S.1GNAT11.
1611 159 1678 206 IV.

201 289 376 343 τούτου
425 286 508 339 διὰ
548 287 767 371 Ἰησοῦν,
805 284 865 339 ὃν
913 291 1090 339 ποθῶν
1127 285 1292 375 άπειμι
1341 257 1468 375 πρὸς
1499 286 1677 341 αὐτόν·
1715 293 1844 348 σῖτος
1889 285 1980 372 γάρ
2028 287 2155 340 ἐστιν

203 358 476 417 ἀθανασίας
520 357 603 408 καὶ
644 353 778 442 πόμα
826 359 950 422 ζωῆς
985 356 1203 409 αἰωνίου.
1264 355 1376 420 ’ὅλος
1411 356 1560 409 αὐτοῦ
1599 357 1695 423 εἰμὶ
1730 356 1812 407 καὶ
1845 353 1968 441 πρὸς
2003 353 2155 408 αὐτὸν

202 424 430 479 ἐκτέτακά
476 445 571 492 μου
620 423 709 491 τὴν
754 423 999 477 διάνοιαν·
1044 426 1126 478 καὶ
1175 423 1394 496 ύπερορῶ
1431 443 1520 479 σου
1572 425 1631 477 τὰ
1665 422 2047 511 βασανιστήρια,
2074 427 2157 477 καὶ

201 501 288 579 τῆς
313 491 459 579 δόξης
483 508 570 546 σου
607 492 837 546 διαπτύω.
917 493 1155 582 Τραϊανὸς
1175 492 1331 548 εἶπεν·
1369 494 1531 561 ἐπειδὴ
1569 492 1753 557 ἀλαζών
1776 495 1873 545 ἐστι
1883 491 2047 554 ,”καὶ
2013 515 2156 562 υπερ-

203 561 365 630 όπτης,
398 560 487 615 δύο
522 564 715 625 λέοντας
753 562 830 615 ἐπ’
872 561 1022 616 αὐτὸν
1044 561 1264 628 ἐάσατε,
1248 563 1379 625 όπως
1402 565 1521 631 μηδὲ
1541 566 1776 627 λείψανον
1796 561 1946 615 αὐτοῦ
1968 560 2158 615 ὖπολεί-

202 653 400 685 πωνται.
452 629 518 693 ῶς
542 632 594 684 66
618 629 812 719 ἐθεάθη
833 629 890 684 τὰ
918 635 1083 701 θηρία,
1120 632 1421 721 θεασάμενος
1443 631 1566 685 αὐτὰ
1603 630 1630 683 ὁ
1658 630 1906 718 μακάριος
1911 633 2006 699 ἔφη
2035 631 2159 718 πρὸς

202 701 287 754 τὸν
333 704 510 768 δῆμον·
559 697 731 769 άνδρες
762 699 1001 768 Ρωμαῖοι,
1036 708 1122 755 τοῦ
1158 703 1210 755 δὲ
1246 701 1433 789 ἀγῶνος
1467 702 1671 764 θεαται,
1709 699 1768 752 06
1804 698 1994 786 φαύλης
2027 699 2160 762 τινὸς

202 771 341 824 ενεκα
375 776 572 836 μομφῆς
605 774 756 822 ταῦτα
789 769 970 840 πάσχω,
994 769 1117 824 ἀλλ’
1158 772 1296 824 ἕνεκα
1333 770 1598 856 εὐσεβείας·
1637 777 1764 831 σῖτος
1798 767 1890 857 γάρ
1927 772 2023 836 εἰμι
2070 775 2158 822 τοῦ

201 844 328 892 θεοῦ
363 839 446 891 καὶ
481 837 551 890 δι’
593 837 811 892 ὀδόντων
845 842 1038 927 θηρίων
1071 838 1343 907 ἀλήθομαι,
1379 842 1461 892 ἵνα
1509 838 1651 907 άρτος
1685 838 1909 908 καθαρὸς
1941 841 2161 929 γίνωμαι.

203 905 396 960 ἀκούων
432 907 484 960 66
518 914 668 959 ταῦτα
705 906 732 960 ὁ
774 907 1036 976 Τραϊανὸς,
1050 908 1288 996 μεγάλως
1338 907 1635 975 ἐξεπλήττετο
1685 909 1864 995 λέγων·
1912 907 2092 977 μεγάλη
2126 907 2161 975 ἦ

201 973 426 1043 ὑπομονὴ
446 982 543 1030 τῶν
570 982 894 1045 Χριστιανῶν·
920 981 992 1040 τίς
1009 977 1098 1066 γὰρ
1121 977 1406 1064 Ἑλλήνωνῆ
1421 977 1679 1067 βαρβάρων
1703 976 1943 1065 ὑπέμενεν
1959 982 2160 1029 τοιαῦτα

201 1045 435 1099 παθεῖν“
407 1066 546 1098 ενεκα
569 1051 694 1100 θεοῦ
721 1049 867 1111 ἰδίου,
897 1044 976 1100 οἷα
999 1042 1152 1110 οὗτος,
1175 1045 1295 1115 ὑπὲρ
1316 1050 1374 1098 οὑ
1385 1049 1685 1110 πεπίστευκε,
1708 1047 1902 1115 πάσχει,
1930 1045 2161 1116 Ἰγνάτιος

204 1112 357 1167 εἶπεν
399 1113 490 1167 οὐκ
518 1112 836 1205 ἀνθρωπίνης
871 1114 1120 1182 δυνάμεώς
1155 1117 1252 1167 ἐστι
1301 1114 1354 1166 τὸ
1393 1116 1600 1200 στέργειν
1635 1115 1695 1167 τὰ
1726 1122 1941 1182 τοιαῦτα,
1976 1124 2162 1186 προθυ-

204 1186 317 1251 μίας
352 1182 405 1236 δὲ
438 1181 590 1251 μόνης
624 1186 708 1237 καὶ
744 1187 947 1246 πίστεως
982 1184 1302 1250 ἐφελκομένης
1337 1184 1405 1244 εἰς
1438 1182 1679 1250 βοήθειαν
1716 1183 1942 1254 Χριστὸν.

342 1272 442 1323 Καὶ
475 1278 624 1327 ταῦτα
671 1271 892 1334 εἰπόντος
937 1270 1087 1324 αὐτοῦ
1125 1273 1346 1360 ἔδραμον
1375 1269 1501 1339 πρὸς
1537 1270 1688 1324 αὐτὸν
1737 1275 1788 1324 οἷ
1831 1273 2043 1337 λέοντες,
2079 1274 2164 1326 καὶ

206 1341 312 1403 ἐξ
290 1341 522 1429 εκατέρων
573 1346 670 1394 τῶν
718 1348 876 1410 μερῶν
910 1339 1261 1428 προσπεσόντες
1320 1340 1586 1403 ἀπέπνιξαν
1638 1339 1787 1394 αὐτὸν
1837 1339 2015 1429 μόνον,
2072 1340 2163 1395 οὐκ

206 1411 380 1496 ε’θιγον
417 1409 568 1462 αὐτοῦ
604 1416 701 1467 τῶν
737 1417 945 1499 σαρκῶν,
981 1412 1064 1463 ι’να
1098 1408 1152 1463 τὸ
1190 1413 1425 1476 λείψανον
1461 1410 1613 1463 αὐτοῦ
1648 1413 1711 1478 ἠν
1748 1409 2090 1501 φυλακτήριον
2105 1417 2166 1485 τῇ

206 1476 451 1565 Ῥωμαίων
483 1478 651 1542 πόλει,
686 1475 806 1531 ἐν
773 1502 804 1552 ῃ
843 1481 926 1532 καὶ
965 1480 1151 1548 Πέτρος
1179 1478 1498 1565 ἐσταυρώθη,
1550 1502 1632 1533 και
1670 1481 1873 1544 Παῦλος
1907 1479 2164 1556 ἀπετμήθη

207 1545 295 1615 τὴν
328 1546 570 1618 κεφαλὴν,
605 1569 685 1600 και
712 1532 976 1617 Ὀνήσιμος
1009 1546 1264 1616 ἐτελειώθη
1301 1550 1352 1601 ἐν
1389 1547 1506 1622 δόξῃ
1543 1555 1772 1619 Χριστοῦ.

340 1642 398 1731 :O
434 1643 487 1696 66
528 1643 767 1733 Τραϊανὸς
802 1643 1085 1710 ἐξαναστὰς,
1123 1647 1174 1699 ἐν
1209 1652 1487 1732 θαυμασμῷ
1521 1668 1585 1714 ην
1613 1644 2010 1733 ἐκπληττόμενος.
2054 1646 2164 1715 η’κει

209 1712 262 1764 66
297 1711 428 1784 αὐτῷ
465 1714 548 1765 καὶ
582 1713 834 1784 γράμματα
866 1713 999 1782 παρὰ
1036 1717 1247 1768 Πλινίου
1285 1700 1565 1770 Σεκούνδου
1593 1713 1856 1803 ηγεμῶνος,
1881 1716 2167 1784 κινηθέντος

209 1782 289 1834 ἐπὶ
325 1788 392 1852 τῶ
427 1780 606 1849 πλήθει
640 1788 737 1835 τῶν
771 1784 1041 1852 γενομένων
1074 1783 1327 1871 μαρτύρων
1363 1782 1429 1846 ώς
1465 1783 1684 1854 ἀτρώτως
1719 1784 1838 1872 ὑπὲρ
1859 1791 1946 1853 τῆς
1965 1788 2168 1848 πίστεως

207 1833 583 1937 ἀναιρεθέντων,
635 1849 734 1918 άμα
784 1853 836 1903 δὲ
889 1853 941 1904 ἐν
983 1859 1049 1903 τῶ
1096 1852 1226 1939 αὐτῷ
1273 1852 1526 1938 μηνύοντα’
1574 1855 1722 1920 μηδὲν
1770 1851 1997 1920 ἀνόσιον,
2048 1855 2167 1923 μηδὲ

207 1917 338 1986 παρὰ
375 1917 488 1980 τοὺς
524 1918 707 1986 νόμους
738 1919 963 2007 πράττειν
1000 1907 1204 1986 άύτούς,
1227 1919 1355 1989 πλὴν
1390 1928 1476 1973 τοῦ
1512 1943 1564 1991 γε
1599 1922 1697 1989 άμα
1730 1946 1787 2012 τη
1819 1923 1915 1975 εώα
1946 1927 2165 2010 διεγειρο·

208 1987 383 2054 μένους
404 1989 501 2076 «naz
534 1987 619 2041 τὸν
658 1988 871 2076 Χριστὸν
906 1996 993 2043 τοῦ
1027 1997 1151 2043 θεοῦ
1188 1993 1330 2058 δίκην
1362 1999 1674 2079 προσκυνεῖν
1691 2014 1774 2044 και
1825 1993 1947 2062 ὑπὲρ
1993 1992 2166 2080 τούτου

209 2058 351 2123 δίκην
387 2055 601 2124 ύπέχειν·
639 2057 693 2110 τὸ
732 2059 784 2111 66
820 2058 1077 2147 μοιχεύειν
1090 2061 1173 2112 καὶ
1222 2059 1450 2126 φονεύειν
1497 2061 1579 2112 καὶ
1625 2059 1684 2112 τὰ
1733 2069 1937 2152 συγγενῆ
1980 2061 2169 2125 τούτοις

210 2124 420 2213 ἀθέμιτα
467 2125 874 2223 πλημμελήματα
892 2130 975 2181 καὶ
1020 2127 1199 2191 αὐτοὺς
1247 2128 1590 2214 ἀπαγορεύειν,
1633 2128 1790 2184 πάντα
1842 2132 1894 2185 δὲ
1945 2130 2169 2218 πράττειν

209 2191 546 2258 ἀκολούθως·2
595 2196 718 2284 πρὸς
762 2195 913 2251 αὐτὸν
943 2199 1290 2287 [γέγραπται,]
1330 2197 1572 2267 Τραὶανὸν
1620 2198 1697 2252 ἐπ’
1752 2202 1915 2254 ἐννοία
1961 2199 2170 2289 λαβόντα

208 2262 267 2315 τὰ
302 2263 423 2316 κατὰ
457 2263 542 2317 τὸν
590 2265 828 2336 μακάριον
877 2268 959 2320 καὶ
995 2269 1134 2339 άγιον
1161 2266 1397 2353 Ἰγνάτιον
1443 2267 1691 2338 προβάντα
1726 2302 1795 2308 -
1828 2267 1894 2339 ἧν
1923 2268 2019 2359 γὰρ
2053 2268 2170 2340 πρό·

210 2353 358 2399 μαχος
393 2339 490 2386 τῶν
526 2340 710 2387 λοιπῶν
744 2335 998 2405 μαρτύρων
1033 2369 1101 2377 -
1138 2335 1293 2404 δόγμα
1325 2344 1547 2391 τοιοῦτον
1581 2339 1853 2407 τεθηκέναι,
1889 2339 1944 2393 τὸ
1979 2345 2170 2429 Χριστι-

212 2407 343 2455 ανῶν
380 2408 538 2468 φῦλον
575 2405 877 2471 ἐκζητεῖσθαι
912 2406 1012 2473 μὲν,
1052 2404 1253 2474 εὑρεθὲν
1306 2407 1358 2458 66
1392 2406 1456 2474 μὴ
1495 2407 1838 2496 ἀναιρεῖσθαιὲ
1897 2408 1951 2462 τὸ
1990 2409 2044 2462 66
2079 2411 2168 2462 λεί-

211 2483 375 2555 ψανον
410 2476 497 2523 τοῦ
533 2475 774 2540 μακαρίου
800 2473 1051 2562 ἸγνατίουΓ
1075 2476 1289 2527 ἐκέλευσε
1323 2483 1426 2537 τοῖς
1460 2477 1660 2528 θέλουσι
1684 2476 1818 2566 πρὸς
1851 2475 2014 2544 ταφὴν
2044 2476 2170 2531 ἀκω-

211 2536 364 2600 λύτως
400 2540 534 2606 ε’χειν.
585 2543 635 2592 οἱ
667 2541 719 2593 66
754 2541 875 2594 κατὰ
910 2542 998 2629 τὴν
1036 2542 1219 2611 Ῥώμην
1255 2543 1473 2610 ἀδελφοὶ,
1510 2542 1584 2606 οἷς
1618 2547 1701 2597 καὶ
1728 2545 2015 2610 ἐπεστάλκει,
2053 2546 2171 2600 ὥστε

212 2606 278 2674 μὴ
324 2611 772 2676 παραιτησαμένους
815 2609 965 2663 αὐτὸν
978 2618 1087 2698 τῆς
1131 2614 1444 2679 ποθουμένης
1491 2617 1756 2700 μαρτυρίας
1808 2613 2170 2689 ἀποστερήσειν4

212 2677 432 2740 ἐλπίδος,
479 2678 709 2745 λαβόντες
755 2679 909 2732 αὐτοῦ
944 2678 996 2732 τὸ
1045 2686 1181 2748 σῶμα
1227 2680 1467 2734 ἀπέθεντο
1504 2683 1556 2734 ἐν
1604 2682 1763 2755 τόπω,
1801 2685 1925 2737 ε’νθα
1959 2688 2026 2752 ἠν
2060 2685 2169 2748 ἐξὸν

212 2745 589 2832 ἀθροιζομένους
640 2750 794 2800 αἰνεῖν
827 2747 913 2801 τὸν
948 2747 1070 2802 θεὸν
1115 2752 1198 2802 καὶ
1234 2748 1319 2803 τὸν
1353 2749 1523 2838 κύριον
1555 2751 1695 2819 ήμῶν
1724 2725 1917 2820 Ἰησοῦν
1956 2753 2170 2824 Χριστὸν

213 2815 295 2869 καὶ
340 2812 394 2868 τὸ
439 2813 579 2883 άγιον
627 2823 816 2884 πνεῦμα
851 2819 931 2871 ἐπὶ
964 2825 1023 2891 τῇ
1057 2817 1291 2872 τελειώσει
1326 2826 1413 2872 τοῦ
1464 2819 1637 2908 αγίου
1652 2823 1736 2874 καὶ
1778 2826 2055 2912 μακαρίου
2069 2825 2170 2877 ἐπι·-

214 2882 401 2942 σκόπου
426 2885 508 2936 καὶ
543 2889 784 2956 μακαρίου
819 2909 1057 2958 μαρτυρος
1083 2887 1346 2958 Ἰγνατίου·
1384 2889 1547 2958 μνήμη
1583 2889 1674 2961 γὰρ
1712 2894 1915 2945 δικαίων
1955 2891 2068 2960 μετ’
2097 2895 2172 2970 ἐ]-

214 2955 409 3019 κωμίων
442 2955 637 3023 γίνεται.

356 3039 502 3095 Οἶδεν
537 3042 609 3095 66⁵
642 3041 698 3095 τὸ
732 3043 994 3134 μαρτύριον
1030 3044 1182 3099 αὐτοῦ
1204 3045 1524 3136 Εἰρηναῖος”
1497 3069 1523 3100 ο
1540 3047 1870 3136 Λουγδούνου
1893 3051 2170 3114 ἐπίσκοπος,

213 3110 425 3165 καὶτῶν
460 3113 722 3165 ἐπιστολῶν
769 3113 920 3167 αὐτοῦ
974 3114 1263 3184 μνημονεύει
1311 3117 1461 3186 λέγων
1507 3117 1687 3180 οὕτως·
1747 3120 1906 3188 εἴρηκέ
1954 3141 2027 3182 τις
2075 3128 2171 3175 τῶν

212 3176 454 3265 ημετέρων
503 3179 584 3233 διὰ
627 3180 717 3249 τὴν
761 3182 883 3252 πρὸς
929 3192 1052 3238 θεοῦ
1092 3187 1363 3274 μαρτυρίαν
1408 3189 1710 3271 παραδοθεὶς
1760 3190 1828 3249 εἰς
1873 3191 2051 3276 θηρία,
2097 3189 2169 3242 ότι

216 3247 348 3308 σῖτός
384 3251 478 3315 εἰμι
513 3255 599 3302 τοῦ
635 3257 760 3303 θεοῦ
797 3274 904 3320 μου,
932 3276 1013 3306 και
1037 3253 1105 3307 δι’
1149 3253 1366 3306 ὀδόντων
1391 3258 1584 3341 θηρίων
1608 3254 1870 3323 ἀλήθομαι,
1906 3258 1990 3308 ίνα
2018 3266 2171 3310 καθα-

214 3314 300 3382 ρὸς
334 3315 476 3384 άρτος
509 3319 757 3388 γένωμαι.6
817 3323 901 3375 καὶ
937 3324 1268 3393 Πολύκαρπος
1302 3324 1353 3375 66
1388 3323 1416 3376 6
1451 3325 1711 3386 ἐπίσκοπος
1755 3331 1843 3392 τῆς
1877 3330 2170 3395 Σμυρναίων

302 3483 346 3535 2)
374 3486 475 3525 Plin.
507 3487 609 3538 Epp.
636 3487 681 3536 Χ,
717 3489 783 3529 96.
1306 3487 1350 3537 5)
1389 3486 1531 3529 αὐτοῦ
1563 3489 1704 3529 inserit
1733 3490 1816 3531 Vat.

307 3539 353 3588 3)
385 3541 485 3580 Plin.
519 3543 622 3606 Epp.
654 3518 699 3592 X,
735 3544 802 3585 97.
1308 3542 1352 3595 6)
1385 3544 1483 3585 [ren.
1515 3544 1602 3585 adv,
1636 3545 1743 3586 haer.
1773 3547 1816 3597 V,
1846 3547 1914 3589 28.

306 3592 354 3645 4]
385 3592 697 3655 ἀποστερήσει
732 3598 815 3640 Vat.
1402 3620 1416 3627 ··
