2340 3900
1046 153 1323 201 mumius,
2052 158 2190 200 xxv<
2272 135 2276 139 “

207 291 409 357 copious
444 294 600 350 noteS,
639 288 735 338 and
770 286 1118 346 introduction,
1155 288 1217 354 by
1249 286 1460 337 William
1499 285 1726 344 Cureton,
1763 282 1826 333 M.
1867 282 1923 332 A.
1960 283 2012 333 F.
2048 285 2104 334 R.
2140 286 2189 335 S.

207 359 438 426 Chaplain
473 358 524 408 in
562 357 790 423 ordinary
826 362 877 406 to
916 356 1005 406 her
1038 357 1242 423 Majesty
1279 357 1361 406 the
1393 357 1574 417 Queen.
1617 353 1826 404 London
1868 352 2017 403 1849.
2066 354 2187 404 Ber-

205 431 273 480 lin
308 429 415 479 eod.
450 430 558 478 an.“
630 427 888 492 Oppugnat
922 431 1092 475 auctor
1130 426 1374 491 imprimis
1411 425 1664 484 Hefelium,
1703 422 1784 489 qui
1821 422 1918 472 iam
1956 422 2007 472 in
2043 424 2186 473 tertia

204 514 287 549 sua
331 498 424 548 PP.
469 498 592 563 App.
640 496 854 547 editione
897 495 963 544 ita
1011 503 1289 546 censuerat:
1363 496 1667 555 „Curetonus
1711 491 1854 543 nobis
1896 493 2189 558 persuadere

203 574 419 628 conatur,
457 566 733 617 versionem
769 565 900 615 illam
938 565 1183 630 Syriacam
1212 566 1483 630 ‚‚genuin0“
1521 563 1668 614 textui
1703 562 1954 628 Ignatiano
1991 578 2188 613 accura—

203 637 393 688 tissime
430 635 751 702 respondere,
801 641 850 685 et
887 635 1064 694 omnia,
1103 650 1223 700 quae
1260 636 1311 684 in
1341 641 1514 685 nostro
1552 649 1726 698 graeco
1760 638 1893 682 textu
1930 632 2067 697 plura
2112 632 2189 682 in-

202 707 470 768 veniuntur,
506 705 566 755 ab
601 705 709 755 aliis
745 705 910 755 addita
946 720 1055 754 esse
1086 711 1136 753 et
1171 704 1461 754 introducta.
1533 704 1742 752 Tantum
1777 718 1892 753 vero
1930 701 2091 764 abest,
2138 709 2191 752 ut

203 777 247 827 ei
293 776 661 842 adstipulemur,
707 780 762 825 ut
809 774 1086 825 versionem
1134 774 1381 839 Syriacam
1427 789 1528 823 non
1565 772 1660 822 nisi
1698 772 1946 838 epitomen
1979 772 2189 838 Ignatia-

201 862 370 896 narum
421 845 762 911 epistolarum,
811 860 837 894 a
886 844 1129 894 monacho
1181 844 1391 909 quodam
1440 842 1637 907 Syriaco
1686 842 1737 891 in
1790 842 2024 908 proprios
2071 858 2190 892 usus

201 916 311 982 pios
347 917 640 974 confectam,
689 921 915 980 reputare
949 914 1225 979 possimuS,
1272 912 1560 978 praesertim
1602 927 1710 961 cum
1746 912 1894 962 iidem
1931 911 2126 962 codices
2163 928 2189 961 a

201 986 423 1035 Tattamo
471 985 646 1034 detecti
700 991 749 1034 et
784 983 874 1034 alia
908 984 1046 1049 plura
1082 985 1364 1048 „excerpta“
1412 997 1468 1031 ex
1505 981 1727 1046 epistolis
1764 981 2051 1046 IgnatianiS,
2098 997 2189 1033 nec

201 1071 300 1106 non
350 1055 472 1104 alios
510 1054 701 1104 libellos
749 1053 1012 1113 asceticOS,
1062 1059 1116 1102 ut
1166 1053 1440 1102 Curetonus
1491 1050 1596 1115 ipse
1652 1051 1848 1112 fatetur,
1897 1051 2191 1102 contineant.

199 1125 453 1176 Praeterea
501 1124 694 1190 saepius
739 1124 852 1174 inde
900 1139 957 1173 ex
1006 1139 1092 1185 e0‚
1136 1122 1264 1188 quod
1301 1137 1452 1172 nexus
1491 1119 1842 1170 sententiarum
1879 1121 1929 1170 in
1966 1121 2191 1171 versione

201 1195 391 1261 Syriaca
425 1194 589 1244 minus
624 1199 700 1244 est
733 1199 919 1254 arctus,
972 1198 1195 1259 apparet,
1245 1191 1543 1241 monachum
1593 1190 1729 1239 illum
1762 1205 1863 1240 non
1900 1196 1999 1240 tarn
2037 1191 2190 1241 inter-

199 1265 376 1330 pretiS‚
425 1280 570 1331 quam
617 1263 955 1330 epitomatoris
999 1269 1165 1328 partes
1215 1261 1419 1327 egisse.“
1489 1261 1655 1326 Neque
1702 1259 1916 1309 Hefelius
1966 1260 2186 1325 opinioni

198 1334 336 1400 prius
374 1339 635 1399 conceptae
670 1339 725 1384 ut
757 1333 982 1383 nuntium
1018 1333 1247 1392 mitteret,
1285 1331 1336 1381 in
1371 1337 1539 1398 quarta
1576 1345 1662 1380 sua
1697 1329 1788 1379 ΡΡ.
1812 1329 1935 1394 App.
1973 1329 2188 1379 editione

201 1404 263 1453 iis
299 1404 596 1469 argumentis
632 1403 866 1454 adductus
892 1400 1046 1467 est⁵⁹),
1081 1418 1202 1469 quae
1240 1407 1412 1452 contra
1438 1416 1548 1451 eum
1577 1398 1808 1450 Curetoni
1834 1399 2025 1465 Corpus
2050 1399 2192 1465 Igna-

206 1474 391 1524 tianum
426 1474 579 1524 fusius
615 1473 826 1539 exponit.
1227 1522 1231 1525 .

342 1543 465 1594 Cum
513 1543 758 1594 Curetono
809 1542 1119 1594 Christianus
1158 1543 1365 1594 Carolus
1401 1541 1556 1592 Iosias
1592 1540 1787 1589 Bunsen
1825 1538 2047 1604 Syriacae
2082 1555 2191 1589 ver-

200 1613 326 1663 sioni
362 1613 571 1679 palmam
604 1629 721 1680 prae
757 1612 943 1678 graecis
963 1612 1227 1678 Ignatianis
1257 1613 1493 1678 Epistolis
1522 1610 1706 1670 tribuit,
1747 1608 2031 1674 opinionem
2055 1625 2189 1660 suam

199 1683 341 1732 docte
378 1689 427 1733 et
459 1682 706 1748 sagaciter,
742 1689 796 1733 ut
829 1683 1024 1743 assolet,
1060 1698 1308 1749 exponens
1345 1689 1490 1749 atque
1527 1676 1871 1742 defendens.⁶⁰)

336 1753 407 1803 Ac
451 1769 544 1803 nos
597 1753 816 1819 quidem,
869 1752 1000 1819 quod
1046 1753 1332 1818 opinionem
1376 1752 1549 1802 attinet
1598 1750 1658 1799 ab
1707 1749 1893 1800 Hefelio
1946 1749 2192 1800 Curetono

200 1823 368 1889 iisque,
407 1823 488 1890 qui
523 1839 634 1873 cum
674 1839 733 1873 eo
769 1823 948 1873 faciunt
985 1822 1238 1884 obiectam,
1275 1838 1376 1872 non
1411 1836 1693 1888 possumUS,
1730 1818 1847 1887 quin
1883 1820 2075 1885 pondus
2112 1836 2192 1869 ar-

200 1899 569 1957 gumentorum,
619 1893 793 1959 quibus
845 1892 1045 1953 nititur,
1092 1892 1332 1958 perlevius
1381 1908 1490 1942 esse
1545 1891 1778 1940 dicamus
1854 1890 1979 1940 Nam
2015 1890 2096 1955 qui
2134 1889 2193 1938 ad

200 1963 310 2028 pios
347 1979 465 2012 suos
498 1978 617 2013 usus
651 1962 913 2028 Epitomen
949 1962 1151 2026 redigit,
1186 1962 1328 2027 quid,
1367 1977 1562 2027 quaes0,
1601 1960 1645 2008 is
1682 1960 1775 2009 sihi
1815 1959 1929 2009 facit
1966 1975 2077 2009 cum
2115 1960 2193 2009 in-

202 2032 353 2096 tegris
394 2032 724 2097 Epistolarum
774 2031 1010 2081 salutandi
1056 2030 1303 2091 formuliS,
1351 2046 1453 2080 non
1488 2029 1584 2079 nisi
1622 2029 1682 2078 ad
1719 2045 1805 2079 eos
1846 2028 2191 2093 spectantibuS,

203 2102 379 2166 quibus
415 2100 659 2150 scribitur.
713 2100 843 2164 Ergo
882 2101 1043 2165 ipsum
1080 2100 1333 2150 exordium
1368 2099 1698 2165 Epistolarum
1737 2104 1824 2158 est,
1863 2097 2191 2164 vaniloquium

207 2171 256 2219 in
293 2170 533 2236 Epitome.
594 2169 780 2220 Omitto
817 2170 908 2219 alia
946 2169 1283 2220 huiuscemodi
1320 2185 1421 2219 non
1458 2168 1576 2218 levis
1614 2167 1853 2218 momenti
1890 2182 1917 2216 a
1942 2167 2190 2217 Curetono

207 2239 301 2288 iam
347 2237 634 2303 indicata⁶¹).
704 2239 775 2290 Ne
822 2239 997 2288 multa:
1045 2239 1086 2288 si
1124 2238 1434 2304 Epitomator
1483 2237 1723 2287 versionis
1761 2237 1983 2303 Syriacae
2023 2243 2194 2286 auctor

204 2316 304 2368 est,
351 2309 594 2371 omnium,
639 2315 694 2358 ut
730 2308 834 2358 Tib.
872 2309 1075 2358 Gracchi
1112 2307 1341 2358 vocabulo
1378 2314 1510 2367 utar,
1557 2306 1954 2371 Epitomatorum
1992 2312 2188 2371 postre—

204 2379 456 2428 missimus
491 2378 723 2428 dicendus
760 2384 858 2434 est,
910 2378 1088 2444 quippe
1127 2378 1210 2443 qui
1257 2393 1379 2442 opus
1417 2375 1692 2426 condiderit
1732 2375 1838 2425 sine
1878 2381 2073 2425 externa
2109 2382 2191 2425 aut

206 2449 392 2498 interna
444 2447 797 2507 uniformitate,
845 2447 949 2497 sine
994 2448 1091 2497 ullo
1141 2452 1274 2497 certo
1324 2447 1535 2514 quodam
1578 2445 1758 2495 mentis
1804 2445 2062 2511 proposito
2113 2453 2195 2495 aut

209 2534 387 2583 scopo,
436 2516 654 2583 quamvis
697 2516 766 2583 pii
811 2516 999 2583 proprii
1047 2533 1164 2567 usus
1213 2523 1379 2567 essent
1426 2515 1670 2582 propositi
1707 2515 1816 2580 ipsi.
1889 2516 1999 2581 lpsa
2032 2522 2192 2566 autem

207 2586 444 2648 varietas,
489 2602 639 2652 eaque
682 2586 941 2636 multifaria
987 2602 1066 2636 me
1102 2587 1265 2637 hercle
1302 2602 1468 2636 rerum
1503 2586 1647 2635 etiam
1687 2584 1738 2634 in
1775 2584 1985 2650 Syriacis
2022 2585 2193 2650 Ignatii

208 2656 441 2722 Epistolis
487 2656 607 2706 mihi
645 2655 820 2722 pignus
856 2663 933 2706 est
966 2656 1086 2721 legis
1118 2663 1260 2723 atque
1298 2655 1622 2715 conditioniS,
1678 2670 1769 2721 qua
1806 2654 1966 2704 versio
2002 2655 2195 2721 Syriaca

207 2727 330 2776 facta
364 2726 531 2787 fuerit,
568 2726 725 2791 legem
761 2726 871 2776 dico
908 2726 1251 2791 Epistolarum.
1322 2727 1488 2792 Neque
1524 2740 1639 2774 vero
1676 2724 1727 2773 in
1765 2724 1995 2774 Curetoni
2031 2731 2195 2790 partes

210 2796 281 2846 ire
325 2796 375 2846 in
424 2796 586 2846 animo
636 2801 725 2846 est.
796 2797 1014 2862 Namque
1061 2796 1220 2845 versio
1272 2795 1465 2861 Syriaca
1502 2794 1730 2844 exhibere
1764 2794 1954 2844 videtur
1988 2794 2193 2858 genuina

210 2866 390 2931 spuriis
436 2865 671 2932 permixta
715 2881 866 2931 aeque
900 2881 956 2914 ac
990 2866 1286 2931 archetypon
1322 2880 1565 2930 graecum.
1636 2863 1743 2913 Utri
1778 2863 1916 2928 prior
1953 2864 2091 2913 locus
2130 2864 2194 2913 sit

209 2935 571 2996 concedenduS,
619 2935 670 2984 id
717 2941 848 2985 certe
895 2950 997 2985 non
1034 2935 1225 2985 definiri
1263 2941 1450 3000 potest,
1499 2934 1594 2984 nisi
1631 2932 1743 2982 novi
1785 2939 1937 2982 testes
1974 2948 2066 2998 pro
2104 2933 2195 2982 hac

211 3011 292 3055 aut
337 3005 415 3054 illa
458 3011 593 3070 parte
639 3005 943 3070 reperiantur
993 3004 1333 3070 superstitibus
1387 3003 1697 3053 efficaciores,
1780 3002 1998 3051 Alterum
2034 3008 2194 3050 autem

213 3074 430 3124 eiusdem
478 3074 700 3140 Syriacae
745 3074 1048 3124 recensionis
1098 3074 1245 3123 trium
1290 3073 1620 3139 Epistolarum
1657 3072 1900 3136 exemplar
1936 3086 2037 3121 non
2076 3071 2192 3120 tanti

211 3144 495 3204 faciendum,
532 3144 643 3210 quia
679 3143 897 3194 eiusdem
932 3143 1152 3204 familiae,
1191 3159 1334 3209 quam
1372 3143 1553 3204 dicunt,
1589 3158 1695 3192 esse
1732 3146 1911 3206 potest.

349 3214 491 3264 Anno
532 3213 664 3264 1849
700 3213 894 3279 Lipsiae
933 3213 1119 3279 prodiit
1153 3213 1298 3273 liber,
1346 3212 1422 3262 cui
1470 3212 1663 3262 titulus:
1714 3211 1792 3271 „S.
1827 3209 1999 3274 Ignatii
2035 3209 2194 3260 Patris

212 3283 480 3349 Apostolici
528 3298 649 3349 quae
693 3283 913 3333 feruntur
944 3282 1191 3348 Epistolae
1227 3298 1321 3332 una
1359 3298 1469 3331 cum
1506 3281 1723 3330 eiusdem
1761 3279 2006 3344 Martyrio.
2080 3280 2195 3330 Col-

212 3353 322 3403 latis
370 3352 478 3403 edd.
525 3351 711 3417 graecis
758 3352 1158 3418 versionibusque
1204 3352 1421 3418 Syriaca,
1466 3349 1776 3410 Armeniaca,
1813 3347 1999 3398 Latinis
2037 3348 2195 3399 denuo

302 3533 374 3586 59)
406 3532 591 3584 Protegg.
621 3546 660 3586 p.
691 3531 806 3575 [ΧΠ.
1233 3530 1483 3573 Antiochien.
1515 3527 1807 3579 Hergestceliter
1822 3525 1903 3567 und
1917 3527 2194 3579 vergleichen—

305 3589 378 3642 60)
409 3589 490 3632 crr.
522 3590 650 3642 ipsius
680 3590 751 3629 Die
795 3589 880 3630 drei
913 3589 1055 3630 achten
1088 3589 1166 3630 und
1231 3589 1303 3628 der
1318 3587 1825 3635 TextmitAnmerkungen.
1850 3584 2053 3634 hamburg
2072 3586 2192 3627 1847.

221 3643 285 3684 die
315 3645 400 3686 viel·
428 3647 627 3687 unachten
645 3647 779 3687 Briese
807 3646 1072 3696 designatius
1099 3658 1175 3685 von
1322 3646 1398 3697 61)
1431 3644 1589 3694 Corpus
1622 3641 1869 3692 ignatianum
1898 3653 1938 3693 p.
1970 3642 2020 3681 IX
2039 3654 2100 3693 sq.
