2340 3900
784 147 1076 194 BARNABAE
1111 149 1400 198 EPISTULA.
1435 151 1490 198 11.
2087 151 2119 201 3

159 301 213 348 ΙΙ.
275 301 410 349 Nona
443 299 613 347 atris&
645 298 724 345 lex
759 299 860 345 sine
891 300 1004 359 iuyo
1039 304 1353 359 necessitatis3
1391 282 1528 352 unde*
1551 305 1790 366 sacrificia
1830 304 2116 353 Iudaeorum

804 381 902 428 iam
935 395 1093 428 vacua
1126 391 1234 430 sunt
1267 388 1467 434 reddita.

292 478 402 525 Cum
437 478 530 525 sint
562 491 674 539 ergo
710 477 809 524 dies
845 477 1114 538 nequissimi
1127 473 1157 534 ‚¹
1197 488 1243 527 et
1279 486 1535 531 contrarius
1572 485 1735 532 habeat
1771 485 1907 532 huius
1943 485 2114 532 saeculi

153 553 447 610 potestatem,
482 546 700 594 debemus
736 546 1036 594 adtendentes
1072 548 1308 608 inquirere
1346 555 1596 613 aequitates
1633 555 1824 602 Domini.

302 622 423 690 ng'
456 621 545 690 μὲν
588 615 681 676 οὖν
713 624 919 684 πίστεως
951 620 1093 690 ἡμῶν

152 693 275 746 εἰσὶν
334 694 388 746 οἱ
433 691 756 781 daturin-tonte
798 690 959 760 φόβος
993 692 1095 780 exui

148 760 406 831 ὖπομονῆ·
438 760 501 815 τὰ
534 762 590 816 δὲ
614 768 959 831 συμμαχοῦντα
973 759 1095 850 ἡμῖν

149 834 469 921 μακροθυμία
487 833 574 886 καὶ
589 832 853 920 ἐγκράτεια.
897 831 1096 885 Τούτων

150 924 258 967 ουν,
287 901 348 957 τὰ
368 901 493 972 πρὸς
509 900 599 956 τᾶν
619 901 827 973 Κύριον,
850 900 1096 970 μενόντων

148 972 324 1044 ἇγνοῑς,
341 975 797 1061 συνευφραίνονται
826 971 995 1036 αὐτοῖς
1015 991 1095 1026 σο-

1256 633 1382 680 Fidei
1439 650 1547 698 ergo
1602 645 1787 686 nostrae
1824 639 2007 686 adiutor
2041 647 2111 686 est

1164 702 1301 748 timor
1349 711 1394 750 et
1443 708 1739 764 sustinentia3
1797 722 1913 770 quae
1962 715 2111 755 autem

1163 771 1402 818 nobiscum
1439 783 1662 836 pugnant,
1711 778 1926 837 patientia
1963 785 2034 825 est
2069 786 2115 825 et

1165 842 1458 888 continentia.
1540 843 1663 891 Haec
1707 859 1808 893 cum
1856 848 1977 909 apud
2028 848 2112 896 Do·

1163 911 1335 957 minum
1373 921 1644 973 permanent
1666 909 1825 972 casta,³
1856 917 2111 964 conlaetari·

1164 987 1240 1027 tur
1275 980 1364 1027 illis
1400 983 1623 1043 sapientia
1662 990 1707 1030 et
1743 985 2015 1035 intellectus.

149 1047 260 1110 φία»
294 1061 503 1108 mags
538 1042 793 1113 ἐπωῖημην
826 1049 1020 1115 ruffin&

146 1123 396 1185 Adaperuit
426 1122 546 1169 enim
581 1122 717 1170 nobis
752 1136 838 1184 per
870 1135 1030 1168 omnes
1068 1119 1337 1180 Prophetas,
1375 1121 1481 1181 quia
1518 1135 1611 1168 non
1647 1123 1790 1169 utitur
1826 1126 1994 1174 nostris
2032 1127 2111 1175 ho·

148 1193 264 1248 stiis,
297 1205 448 1253 neque
483 1192 704 1250 victimis,
752 1205 903 1253 neque
936 1190 1264 1246 oblationibus,
1310 1189 1423 1236 haec
1461 1191 1649 1238 dicens:
1685 1186 1820 1248 ,Quo⁴
1858 1196 1965 1242 mihi
2003 1197 2114 1244 mul·

148 1261 387 1309 titudinem
433 1261 762 1309 sacrificiorum
807 1261 1101 1309 vestrome
1151 1259 1263 1306 dicit
1309 1259 1538 1307 Dominus.
1608 1261 1775 1308 Plenus
1837 1279 1938 1311 sum
1986 1266 2111 1313 holo·

147 1331 501 1379 caustomatibus
554 1333 744 1379 arietum
800 1338 847 1379 et
893 1330 1260 1393 pinguaminibus
1311 1344 1558 1391 agnorum3
1618 1338 1663 1378 et
1708 1334 1972 1393 sanguinem
2022 1335 2112 1382 hir·

148 1415 306 1448 eorum
343 1408 391 1448 et
424 1408 658 1449 taurorum
693 1401 832 1461 nolo3
882 1414 968 1448 nec
1018 1401 1057 1448 si
1103 1400 1292 1447 veniatis
1328 1394 1492 1446 videri⁵
1529 1401 1655 1449 mihi.
1729 1401 1837 1458 Quis
1883 1404 2002 1450 enim
2041 1419 2112 1452 ex-

147 1472 334 1533 quisivit
366 1471 479 1519 haec
514 1471 572 1518 de
607 1471 815 1519 manibus
850 1471 1049 1518 vestris?
1122 1469 1304 1516 Calcare
1354 1470 1500 1516 aulam
1548 1484 1695 1516 meam
1744 1485 1837 1518 nou
1874 1473 2111 1521 adiicietis.

145 1541 196 1588 Si
231 1540 484 1589 admleritis
518 1541 632 1588 mihi
666 1541 991 1604 similaginem,
1027 1554 1212 1598 vanum3
1267 1540 1675 1601 supplicamentum
1727 1543 1954 1590 execratio
2002 1545 2113 1590 mihi

146 1617 232 1658 est.
299 1604 594 1659 Neomenias?⁵
625 1618 800 1659 vestras
836 1618 883 1659 et
919 1611 1038 1657 diem
1075 1624 1286 1671 magnum
1322 1624 1413 1656 non
1442 1610 1672 1667 sustineo,
1710 1611 1928 1659 ieiunium
1968 1620 2014 1660 et
2050 1614 2111 1661 fe-

146 1681 240 1727 rias
274 1686 322 1727 et
355 1680 456 1727 dies
492 1680 637 1728 festos
671 1688 851 1729 vestros
888 1680 985 1728 odit
1019 1680 1166 1727 anima
1200 1677 1330 1725 mea.‘
1397 1679 1518 1726 Haec
1556 1694 1664 1740 ergo
1702 1694 1843 1728 vacua
1879 1682 2013 1741 lecit,
2064 1690 2116 1730 ut

146 1764 262 1797 nova
303 1749 376 1797 lex
409 1750 585 1798 Domini
620 1752 767 1798 nostri
815 1751 918 1798 lesu
955 1750 1148 1806 Christi,
1201 1763 1317 1810 quae
1367 1750 1466 1796 sine
1513 1743 1640 1811 iugo⁷
1690 1752 1978 1798 necessitatis
2027 1761 2114 1808 est,

147 1814 407 1867 humanam⁸
442 1820 609 1868 habeat
641 1821 931 1868 oblationem.
990 1820 1105 1867 Dicit
1125 1819 1341 1866 Dominus
1388 1819 1553 1866 iterum
1592 1819 1649 1866 ad
1685 1820 1812 1867 illos:
1849 1817 2113 1883 ,Numquid⁹

147 1902 234 1951 ego
268 1891 486 1953 praecepi
519 1890 787 1953 parentibus
822 1890 1001 1947 vestris,
1039 1904 1141 1936 cum
1182 1889 1390 1935 exierunt
1426 1888 1481 1935 de
1502 1895 1625 1935 terra
1650 1890 1855 1952 Aegypti,
1892 1899 1943 1938 ut
1979 1892 2112 1939 offer-

148 1964 253 2006 rent
287 1958 398 2006 mihi
432 1960 607 2008 hostias
643 1967 690 2007 et
721 1959 959 2007 victimas?
1010 1958 1101 2005 Sed
1141 1959 1231 2004 hoc
1268 1958 1483 2019 praecepi
1521 1957 1608 2004 illis
1647 1959 1830 2007 dicens:
1868 1963 2111 2023 unusquis·

240 2020 279 2047 ¹⁶
313 2035 512 2075 vestrum
564 2029 782 2077 adversus
830 2030 1085 2091 proximum
1121 2042 1211 2075 non
1249 2026 1414 2073 habeat
1447 2027 1683 2084 malitiam,
1731 2037 1778 2075 et
1813 2029 2113 2078 iuramentum

149 2091 397 2144 nendum¹¹
433 2112 527 2146 non
561 2097 712 2146 amet.
698 2091 752 2119 ¹¹
825 2098 1080 2160 Intelligere
1117 2111 1228 2158 ergo
1267 2096 1512 2151 debemus,
1560 2110 1663 2143 cum
1701 2112 1792 2145 non
1831 2100 1973 2147 simus
2013 2101 2111 2148 sine

232 2231 330 2286 Cap.
350 2233 396 2274 ll.
428 2234 539 2287 mu
554 2232 701 2274 Paulus
717 2232 926 2285 adEpliez.
937 2233 977 2281 5,
987 2230 1095 2283 (16.)

147 2290 333 2343 qutie-
348 2290 434 2331 dies
457 2291 551 2331 aeli
574 2295 677 2331 me.
704 2288 996 2330 Ualidieuntnr
1006 2288 1093 2328 dies

147 2344 202 2384 οΙι
231 2345 447 2398 nequitiam
475 2346 693 2395 hominnm,
723 2345 763 2386 in
781 2344 927 2410 quibus
955 2351 1095 2396 regnat

144 2407 366 2454 peecatum.
424 2402 499 2443 Hie
527 2408 658 2442 autem
682 2401 823 2454 incipit
840 2401 967 2453 prima
998 2412 1093 2452 pars

1245 2230 1291 2283 5)
1319 2228 1428 2274 οὐδ’
1464 2227 1523 2274 αν
1553 2229 1755 2287 ἔρχησθε
1790 2230 2009 2290 ὀφθῆναί
2028 2249 2112 2293 μοι

1159 2288 1273 2338 ΙΧΧ,
1304 2288 1409 2329 unde
1428 2289 1528 2329 Men.
1562 2289 1736 2329 correxit
1766 2289 1865 2331 eod.
1897 2291 2110 2332 lectionem

1156 2346 1298 2385 videre.

1241 2400 1286 2452 6)
1317 2400 1398 2441 cfr.
1438 2400 1656 2441 Clementis
1707 2401 1819 2442 Rom.
1864 2403 1980 2444 Hom.
2013 2403 2110 2445 XIX.

144 2455 262 2498 lanius
277 2457 501 2509 epistolae:
531 2464 571 2499 et
585 2458 716 2510 primo
733 2457 939 2510 proponit,
970 2469 1092 2510 quare

143 2512 224 2554 sint
253 2513 324 2554 Dei
354 2514 658 2556 iustificationes
687 2520 727 2554 et
744 2513 929 2554 mandata
958 2513 1091 2566 inqui-

143 2569 289 2620 renda3
318 2577 401 2611 tum
417 2576 602 2612 recenset
617 2570 795 2619 vitantes,
825 2569 971 2623 quibus
990 2569 1091 2610 fides

144 2632 281 2667 nostra
310 2626 512 2668 fulcienda
539 2627 614 2678 sit3
645 2626 884 2679 tandemque
902 2625 1092 2682 ostendit,

143 2694 262 2736 quam
293 2683 382 2725 vani
416 2683 563 2726 fuerint
590 2683 739 2733 ludaei,
770 2682 839 2737 qni
867 2683 1093 2724 universam

142 2739 332 2780 iustitiam
362 2740 402 2781 in
432 2740 517 2782 suis
558 2739 770 2781 sacrificiis
807 2745 848 2780 et
886 2752 1092 2780 caeremo-

142 2794 219 2836 niis
257 2796 452 2848 legalibus
490 2797 664 2850 positam
712 2808 803 2837 esse
840 2802 1094 2845 censuerunt,

142 2852 398 2907 ostenditque
427 2853 624 2895 eiusmodi
653 2865 861 2894 sacrorum
901 2852 1092 2893 abolitio-

142 2921 245 2950 nem.
291 2909 388 2951 len.
413 2910 495 2951 (Σίν.
525 2909 541 2951 l
563 2910 668 2952 Petr.
686 2910 727 2960 5,
744 2909 783 2951 8.
826 2908 1092 2950 Gallicciolli:

144 2965 205 3006 la
234 2966 384 3019 perche
411 2966 543 3020 questi
582 2979 686 3007 sono
717 2966 729 3007 i
761 2965 883 3019 tempi
913 2965 1091 3006 scelera-

141 3021 298 3070 tissimi,
327 3036 349 3064 e
368 3023 514 3064 Satana
545 3022 595 3064 ha
613 3022 651 3063 la
666 3022 843 3075 signoria
874 3022 913 3063 di
947 3028 1091 3076 questo

140 3077 295 3129 secuto,
325 3078 542 3120 dobbiamo
573 3091 650 3121 eon
669 3078 895 3121 attenzione
926 3078 1091 3120 consul-

142 3140 227 3175 tare
258 3134 297 3176 le
326 3134 429 3187 leggi
460 3134 525 3176 del
556 3135 740 3188 Signore.

225 3190 273 3299 2ζ
302 3191 453 3234 Graeca
484 3203 530 3233 ex
560 3191 684 3234 Clcm.
710 3192 817 3233 Alex.
847 3191 873 3233 Ι.
907 3191 932 3233 Ι.

301 3248 476 3298 Qualora
497 3254 639 3302 queste
666 3249 782 3290 sieno
812 3247 992 3290 illibate
983 3247 1089 3289 mcii

143 3301 218 3345 ebe
246 3304 433 3357 riguarda
463 3304 491 3346 il
524 3305 708 3358 signore,
739 3305 778 3345 in
808 3318 860 3347 ιιιι
892 3318 968 3346 con
1001 3317 1090 3346 esse

142 3359 352 3411 gioiseono
380 3361 589 3415 sapienza,
631 3361 851 3412 intelletto,
881 3361 1040 3404 scienza
1070 3375 1091 3402 e

143 3416 390 3467 cognitione.
414 3418 455 3459 G.
502 3418 676 3460 Scientia
708 3418 860 3472 quippe
893 3418 981 3459 sine
1014 3418 1092 3459 tide

144 3478 184 3512 et
222 3471 310 3514 sine
357 3473 568 3516 virtutibus
616 3474 652 3516 ei
704 3474 930 3517 coniunctis
968 3475 1092 3515 inflat.

144 3527 224 3569 lain
266 3529 448 3582 sequitur
487 3530 716 3573 accuratior
756 3526 1096 3590 δικαιωμάτων

144 3582 377 3652 disquisitio
398 3585 522 3639 paulo
551 3593 644 3630 ante
672 3588 963 3630 commendata.

1156 2470 1189 2497 c.
1216 2456 1283 2497 22.
1319 2469 1357 2509 p.
1376 2456 1470 2498 392.
1507 2457 1569 2497 ed.
1589 2457 1762 2498 Dresscl.
1805 2452 2114 2526 ’Ένθενγοῦν

1155 2526 1225 2560 τις
1256 2511 1306 2554 ἐκ
1335 2515 1416 2566 τῆς
1432 2514 1682 2561 Μωϋσέως
1703 2510 2016 2584 παραδοσεως
2029 2530 2111 2574 με

1154 2567 1407 2666 μαθηκώς,
1448 2565 1731 2641 αμίτιώμενος
1773 2569 1857 2615 τὸν
1887 2570 2002 2616 λαὸν
2031 2572 2113 2616 ἐπὶ

1156 2623 1978 2737 3522‘2255:522251233323322332
1985 2628 2113 2729 miii?

1154 2740 1290 2780 lustin.
1321 2740 1436 2792 Apol.
1472 2740 1498 2780 1.
1530 2754 1566 2781 ιι.
1597 2740 1665 2782 37.

1239 2797 1283 2847 7)
1315 2796 1396 2837 Csr.
1430 2796 1517 2837 Gal.
1552 2798 1590 2846 5,
1625 2797 1659 2838 1.

1246 2852 1290 2905 8)
1324 2853 1350 2893 Ι.
1383 2868 1416 2894 c.
1461 2853 1612 2893 oblatio
1657 2853 1783 2906 ipsius
1822 2855 1995 2896 hominis
2042 2869 2110 2898 ve-

1154 2909 1250 2951 teris
1293 2910 1470 2951 foederis
1507 2910 1718 2950 sacrificiis
1754 2910 1831 2952 iam
1870 2919 1931 2953 est
1957 2913 2109 2954 substi-

1153 2966 1313 3008 tuenda.

1239 3024 1285 3076 9)
1314 3023 1459 3065 Jerem.
1491 3023 1529 3073 7,
1561 3023 1627 3065 22.
1659 3023 1726 3065 23.

1244 3080 1313 3132 10)
1346 3080 1510 3120 Zachar.
1543 3080 1581 3130 8,
1618 3081 1680 3121 17.

1246 3137 1315 3189 11)
1346 3136 1448 3177 Cave
1490 3137 1589 3178 haec
1627 3143 1756 3177 mutes
1788 3149 1874 3177 cum
1917 3137 2106 3179 Menan-do

1155 3200 1194 3234 et
1237 3192 1530 3233 oxoniensibus
1567 3193 1605 3233 in
1648 3195 1844 3245 neemiam
1888 3199 1950 3234 est
2002 3194 2107 3235 enim

1153 3250 1286 3303 prisca
1310 3261 1382 3290 vox
1394 3249 1528 3299 latina,
1545 3256 1588 3290 ut
1606 3250 1726 3290 docet
1743 3250 1947 3290 Charisius
1967 3249 2107 3292 Lib.1.:

1153 3306 1331 3348 Montium
1359 3307 1402 3346 in
1417 3307 1609 3347 mendacii
1635 3307 1922 3357 siqnificatione.
1939 3307 2110 3360 dicitur5

1153 3364 1292 3404 menda
1323 3363 1364 3403 in
1394 3364 1510 3415 culpa
1541 3365 1671 3416 operis
1689 3364 1963 3415 auecorpon'e.
2006 3363 2108 3405 Hinc

1156 3420 1303 3460 sactum
1344 3421 1528 3460 mendax.
1589 3419 1773 3460 Clericus.
1816 3418 1896 3460 Cir.
1928 3419 1970 3461 Α.
2002 3418 2106 3461 Gelli

1156 3477 1270 3518 Noct.
1297 3475 1412 3516 Auie.
1446 3476 1475 3525 l,
1506 3476 1544 3524 7,
1576 3476 1613 3517 5.
1646 3482 1684 3515 et
1716 3475 1794 3524 ΧΧ,
1825 3475 1864 3526 6,
1899 3476 1962 3518 14.

1247 3531 1315 3584 12)
1347 3532 1459 3572 habet
1511 3532 1602 3581 Ma,
1651 3532 1790 3572 habeat
1847 3531 1952 3574 coni.
1993 3532 2107 3586 Men„

1158 3589 1262 3629 forte
1294 3592 1395 3629 amet
1424 3587 1484 3629 vel
1516 3588 1654 3628 habeat
1673 3586 1897 3629 cotelerius
1913 3588 1952 3630 in
1983 3602 2108 3642 marg.

1159 3644 1253 3686 Mihi
1285 3643 1446 3698 quidem
1476 3644 1515 3685 in
1547 3650 1653 3687 textu
1684 3656 1741 3696 gr.
1770 3640 1914 3701 ἐχέτω
1941 3661 2000 3684 =
2031 3648 2107 3688 ha-

1701 3713 1757 3758 ,-
