2340 3900
498 164 709 214 muru
743 162 1018 212 EPISTOLA
1052 164 1125 211 An
1163 162 1549 213 snvltNRNSRS.
1597 163 1688 213 ΧΠ.
1721 163 1838 212 xm.
2049 159 2145 212 301

328 331 423 379 ΧΠ.
493 329 666 378 Salutat
690 341 773 376 vos
796 328 979 377 dilectio
1004 328 1196 377 fratrum
1217 338 1491 387 vestrorum,
1520 344 1639 395 quae
1662 336 1735 379 est
1757 331 1804 378 in
1833 330 1992 379 Troia·
2026 329 2149 378 unde

188 410 236 449 et
270 401 427 450 scribo
461 398 591 447 vobis
625 411 711 460 per
745 395 973 476 Bnrgum,
1026 411 1162 457 quem
1198 401 1384 447 misistis
1419 414 1599 449 mecum
1649 414 1739 447 una
1786 413 1889 447 cum
1922 399 2150 463 EphesiiS‚

190 469 409 519 fratribus
454 467 646 517 vestris:
706 467 785 528 qui
818 479 893 513 me
950 465 1114 513 refecit
1159 467 1206 513 in
1255 468 1480 516 omnibus.
1561 469 1618 517 Et
1665 469 1919 518 debuerant
1965 469 2149 560 quidem

189 553 349 589 omnes
383 552 488 586 eum
522 529 735 592 imitari,¹
770 537 877 597 quia
913 534 1167 596 exemplum
1194 543 1278 583 est
1311 538 1552 585 ministerii
1588 538 1681 587 Dei.
1750 531 2071 587 Retribuetur²
2107 538 2151 586 ei

185 610 330 671 gratia
359 606 540 655 Domini
573 606 622 654 in
655 604 883 653 omnihus.
954 603 1110 651 Saluto
1138 603 1233 652 Deo
1272 605 1457 667 dignum
1482 606 1761 671 Episcopum
1795 615 1996 657 vestrum
2019 606 2151 671 Poly-

188 691 399 741 carpum,
447 682 495 724 et
528 674 622 722 lleo
673 674 1044 722 decentissimum
1081 673 1453 736 Presbyterium,
1499 683 1546 723 et
1593 677 1887 725 Christiseros
1924 677 2151 727 Diaconos

187 759 435 795 conservos
466 736 645 792 meos:⁸
690 750 737 792 et
788 743 1052 807 specialiter
1098 749 1145 790 et
1198 744 1476 805 generaliter
1522 760 1681 794 omnes
1731 747 1776 793 in
1824 748 2008 795 nomine
2045 747 2150 795 lesu

185 815 380 872 Christi,
416 822 465 864 et
496 815 544 862 in
580 827 719 861 carue
754 814 885 871 eius,
922 819 970 861 et
1005 813 1051 859 in
1087 813 1308 873 sanguine
1343 808 1536 874 ipsius,⁴
1579 822 1626 862 et
1673 817 1718 862 in
1768 817 1983 878 passione
2021 823 2068 863 et
2103 817 2148 863 in

186 886 526 934 resurrectione
562 882 732 931 carnali
768 889 818 931 et
852 881 1092 944 spirituali,
1131 883 1178 928 in
1213 882 1385 929 unitate
1407 881 1485 929 Dei
1526 891 1572 931 et
1606 891 1771 931 vestra.
1843 885 1997 933 Gratia
2020 885 2150 934 vobis

186 963 234 1002 et
264 953 591 1011 misericordia,
627 944 735 1015 pax⁸
770 958 816 1000 et
849 952 1069 1014 patientia
1101 951 1147 998 in
1186 950 1398 998 omnibus
1437 953 1482 998 in
1521 952 1716 1001 Christo.

324 1079 438 1127 Xlss.
507 1078 664 1126 Saluto
700 1078 864 1126 domos
899 1076 1095 1124 fratrum
1130 1090 1366 1134 meorum,
1403 1091 1506 1124 cum
1543 1077 1763 1125 uxoribus
1801 1085 1847 1126 et
1883 1078 2013 1137 filiis,
2067 1078 2151 1127 sed

187 1155 233 1195 et
267 1149 468 1210 virgines
517 1155 566 1196 et
606 1148 779 1195 viduas.
852 1146 1110 1194 lncolumes
1155 1153 1305 1194 estote
1351 1147 1397 1194 in
1431 1147 1602 1195 virtute
1635 1147 1712 1194 Dei
1749 1146 1910 1195 Patris,
1982 1115 2154 1196 Salutat

183 1231 266 1264 vos
302 1217 467 1265 Philon
503 1218 840 1273 condiaconus,
891 1216 970 1278 qui
1005 1222 1078 1263 est
1108 1229 1303 1263 mecum.
1375 1215 1531 1263 Saluto
1570 1217 1753 1264 domum
1792 1218 1981 1277 Gaviae,
2019 1231 2154 1305 quam

185 1293 296 1348 opto
332 1286 506 1334 firmari
541 1288 587 1334 in
625 1280 734 1334 lide¹
768 1292 814 1334 et
851 1284 1098 1333 dilectione
1148 1284 1318 1332 carnali
1371 1292 1418 1332 et
1453 1278 1714 1348 spirituali.8
1786 1285 1940 1334 Saluto
1978 1278 2153 1343 Alcen,

187 1355 491 1404 desiderabile
525 1357 637 1404 mihi
673 1369 857 1413 nomen,
889 1361 937 1403 et
970 1348 1229 1416 Daphnum⁴
1266 1354 1670 1434 incomparabilem
1707 1363 1754 1403 et
1787 1355 1958 1403 bonum
1995 1354 2153 1413 filium,

184 1432 233 1471 et
279 1438 441 1473 omnes
500 1426 781 1474 nominatim.
850 1423 1106 1472 Incolumes
1159 1431 1307 1472 estote
1357 1427 1402 1471 in
1453 1425 1596 1486 gratia
1641 1423 1723 1472 Dei
1773 1423 1950 1471 Domini
2007 1426 2153 1471 nostri

188 1492 294 1540 lesu
332 1494 531 1550 Christi,
582 1495 749 1559 repleti
785 1492 959 1557 Spiritu
1001 1490 1171 1541 Sancto
1212 1501 1260 1542 et
1311 1495 1534 1556 sapientia
1579 1500 1735 1541 sancta
1782 1499 1918 1555 atque
1969 1487 2154 1541 divina.¹⁵

184 1563 341 1611 Amen.

267 1752 366 1806 Cap.
394 1752 476 1795 ΧΠ.
520 1751 563 1806 1)
592 1754 742 1794 &nitori
774 1765 909 1795 omnes
940 1764 981 1807 p.
1007 1764 1140 1796 omnes
1286 1751 1332 1806 5)
1362 1758 1397 1794 et
1423 1766 1512 1806 pax
1545 1753 1629 1795 Pal.

188 1821 277 1850 eunt
306 1811 457 1851 inuitari
487 1809 583 1862 Reg.

271 1865 321 1917 2)
347 1866 540 1907 Μήὺιιει
569 1865 664 1919 ch.
1284 1864 1496 1918 Cap.XllI.
1545 1863 1644 1919 1)in
1673 1866 1819 1908 christo
1848 1867 1924 1918 fide
1956 1867 2152 1921 exh.Reg.

269 1921 317 1975 3)
350 1921 631 1974 christoforu-
677 1921 799 1977 (οι-ιι
849 1921 1140 1977 christoforus)
1285 1922 1311 1963 2
1361 1923 1537 1975 spiritali
1568 1922 1652 1964 Pal.

185 1979 373 2020 discam
414 1991 617 2021 conservos
654 1991 766 2021 aeos
798 1979 907 2032 (crat
944 1980 1139 2021 diaconus
1281 1978 1307 2019 3
1357 1979 1469 2019 aloen
1499 1978 1583 2019 Pal
1586 1979 1787 2032 ,ambigo
1818 1979 1868 2021 de
1894 1980 1989 2032 neg.

183 2047 393 2076 conservus
423 2034 551 2088 neus)
581 2034 680 2085 Pal„
708 2041 745 2076 et
772 2036 1030 2087 christoforus
1046 2036 1138 2076 aia-
1283 2033 1330 2087 4)
1361 2035 1571 2075 dasnumin
1602 2034 1686 2076 Pal.
1721 2038 1927 2089 dafnumin
1955 2038 2050 2090 Reg.

183 2104 301 2133 conus
335 2104 545 2133 consents
573 2103 684 2133 neus
711 2090 807 2143 fleg.
837 2103 878 2144 p.
910 2097 947 2132 et
972 2090 1140 2132 curisti·-
1286 2091 1332 2143 5)
1362 2091 1566 2132 individua
1594 2090 1688 2144 Reg.
1741 2092 2000 2147 Subsequens
2033 2094 2152 2137 Amen

181 2150 290 2198 seros
320 2148 519 2190 Dicto-m
553 2159 759 2189 conservos
787 2160 892 2190 neos
921 2147 1028 2199 vulg.
1198 2159 1279 2187 non
1319 2153 1381 2188 est
1417 2146 1457 2186 in
1491 2146 1574 2188 Pal.
1610 2148 1705 2201 Reg.
1763 2148 1852 2191 lllic
1889 2150 2060 2204 Explicit
2102 2153 2153 2194 ad

271 2203 320 2258 4)
342 2207 473 2258 ipsius
506 2216 587 2247 om.
619 2203 702 2245 Pal.
1199 2215 1460 2255 mayr-nenses,
1490 2203 1581 2245 heic
1601 2204 1772 2259 Explicit
1805 2206 1886 2248 VII.

944 2618 1386 2626 ——---—-—
