2340 3900
489 157 701 215 IGNA'rn
739 157 1011 203 EPISTOLA
1047 159 1117 203 An
1154 156 1487 205 MAGNESIOS.
1522 157 1575 205 Π.
1611 157 1683 205 111.
1718 155 1790 204 lv.
1829 157 1880 204 V.
2062 154 2156 205 143

190 304 239 343 et
281 309 368 358 per
414 309 682 342 conservum
722 308 872 343 meum
909 294 1142 342 Sotionem
1179 297 1445 356 diaconum,
1498 280 1591 358 quo
1639 297 1809 343 utinam
1846 296 1998 353 fruar,
2050 297 2156 357 quia

190 365 399 482 {qlhdizns
446 373 519 412 est
566 365 787 428 episcopo
842 371 895 412 ut
927 363 1195 426 benignitati
1232 366 1336 424 Dei,
1387 374 1433 414 et
1475 365 1766 429 presbyterio
1812 372 1864 414 ut
1910 365 2000 427 legi
2054 365 2156 412 lesu

257 450 322 482 ris
360 469 373 482 .

194 574 464 608 conservum
489 573 640 607 meum
659 559 894 606 Sotionem
922 548 1188 615 Diaconum,
1224 573 1277 605 ex
1316 574 1407 620 quo
1442 562 1553 608 mihi
1588 561 1707 609 bene
1743 563 1815 619 sit,
1855 563 1963 623 quia
1999 560 2155 608 obedit

188 629 416 692 Episcopo
455 638 503 676 ut
542 629 714 691 gratiae
746 628 825 675 Dei
858 635 905 675 et
943 627 1236 690 Presbyterio
1276 635 1488 689 tanquam
1526 630 1614 693 legi
1653 632 1754 679 lesu
1792 631 1975 679 Christi.

563 783 640 833 Ill.
709 782 948 830 Honor-ate
985 781 1236 830 iuvenilem
1272 782 1533 842 episcopum
1567 792 1782 832 vestrum.

325 894 416 942 Sed
453 903 499 943 et
532 909 613 942 vos
649 894 802 951 decet,
838 907 931 941 non
968 893 1232 940 familiarius
1267 892 1333 938 uti
1371 898 1517 940 aetate
1554 895 1781 958 episcopi,
1821 896 1903 943 sed
1941 903 2156 960 respectu

186 966 417 1026 potentiae
463 965 543 1012 Dei
591 964 733 1027 patris
778 977 959 1011 omnem
1003 962 1227 1025 impertiri
1276 961 1338 1008 illi
1397 965 1722 1022 reverentiam,
1776 966 2154 1027 quemadmodum

187 1037 379 1096 cognovi
418 1042 602 1082 sanctos
640 1034 793 1081 facere
830 1034 1156 1096 presbyteroS,
1203 1032 1281 1093 qui
1329 1046 1422 1079 non
1459 1034 1690 1095 excipiunt
1720 1035 1938 1083 adversus
1975 1037 2154 1099 conspi-

186 1118 316 1151 cuam
352 1105 475 1152 illius
513 1105 821 1152 conditionem
856 1102 1121 1160 iuvenilem,
1167 1102 1250 1150 sed
1285 1108 1338 1148 ut
1371 1103 1622 1164 prudentes
1673 1105 1717 1150 in
1754 1105 1846 1152 Deo
1885 1106 1927 1153 ei
1964 1106 2155 1163 cedunt3

185 1188 278 1221 non
315 1176 358 1221 ei
395 1182 571 1232 autem,
621 1174 703 1222 sed
742 1174 863 1236 patri
898 1173 1003 1221 lesu
1039 1172 1235 1229 Christi,
1284 1173 1485 1219 omnium
1523 1173 1761 1235 episcopo.
1835 1174 1885 1221 In
1933 1176 2155 1223 honorem

184 1245 324 1306 igitur
360 1244 498 1302 illius,
536 1245 615 1306 qui
650 1258 756 1292 eum
788 1243 947 1302 voluit,
984 1257 1070 1290 nos
1109 1242 1245 1289 decet
1280 1242 1471 1290 obedire
1505 1243 1603 1290 sine
1630 1243 1720 1290 ulla
1749 1244 2011 1307 hypocrisi;
2050 1246 2155 1306 quia

185 1327 279 1361 non
315 1314 465 1362 solum
501 1316 769 1377 episcopum
802 1313 926 1362 hunc
957 1311 1184 1361 visibilem
1220 1313 1322 1374 quis
1355 1312 1481 1371 fallit,
1519 1313 1603 1360 sed
1633 1313 1902 1361 invisibilem
1941 1316 2154 1377 decipere

185 1392 391 1432 conatur.
460 1384 569 1432 Tale
605 1384 783 1432 lacinus
827 1398 922 1432 non
969 1382 1028 1431 ad
1073 1396 1256 1430 carnem
1303 1382 1599 1431 referendum
1638 1391 1730 1442 est,
1783 1385 1867 1432 sed
1902 1385 1958 1432 ad
1995 1384 2155 1442 Deum,

183 1455 261 1516 qui
298 1454 566 1502 abscondita
601 1455 854 1517 cognoscit.

318 1574 342 1599 ‘¹
367 1580 442 1631 lll.
515 1581 607 1627 Vos
645 1587 795 1629 autem
834 1595 926 1628 non
962 1579 1085 1627 abuti
1135 1579 1269 1626 decet
1305 1584 1451 1626 aetate
1487 1579 1728 1642 Episcopi,
1784 1580 1867 1627 sed
1904 1580 2155 1628 secundum

182 1651 394 1698 virtutem
428 1650 506 1698 Dei
542 1650 690 1698 Patris
727 1665 911 1698 omnem
947 1650 1248 1698 reverentiam
1285 1650 1434 1697 eidem
1471 1649 1713 1697 exhibere:
1755 1649 1880 1712 quod
1906 1656 1951 1698 et
1971 1658 2156 1697 sanctos

181 1720 484 1783 Presbyteros
516 1720 669 1768 facere
707 1722 827 1778 novi,
865 1735 958 1768 non
995 1721 1289 1782 excipienteS,
1328 1720 1454 1782 quod
1490 1721 1720 1768 recentior
1754 1720 1830 1767 ille
1869 1721 1984 1767 ordo
2007 1722 2159 1768 videa-

183 1797 273 1848 tur,
307 1791 391 1838 sed
421 1797 473 1838 ut
506 1790 758 1853 prudentes
795 1792 841 1837 in
880 1791 973 1838 Deo
1007 1791 1202 1838 eundem
1250 1790 1566 1848 admittentes3
1615 1791 1699 1838 sed
1734 1803 1829 1837 non
1864 1797 1954 1837 tam
1992 1790 2156 1852 ipsum,

183 1874 319 1921 quam
355 1859 539 1908 Patrem
576 1859 681 1908 lesu
718 1860 885 1908 Christi
923 1862 1242 1908 universorum
1277 1860 1571 1922 Episcopum.
1644 1860 1870 1918 Quocirca
1918 1861 1974 1908 ad
2011 1861 2157 1908 hono·-

182 1943 279 1976 rem
315 1930 452 1987 illius,
490 1930 570 1992 qui
606 1931 668 1977 ita
702 1930 859 1988 voluit,
900 1930 1034 1978 decet
1067 1945 1154 1977 nos
1192 1930 1381 1978 obedire
1423 1931 1522 1977 sine
1558 1930 1649 1978 ulla
1678 1930 1976 1987 simulatione,
2017 1945 2155 1991 quan-

181 1999 427 2061 doquidem
466 2014 557 2047 non
595 1999 818 2048 visibilem
854 2001 978 2047 hunc
1003 2000 1280 2063 Episcopum
1319 2000 1422 2061 quis
1447 1999 1572 2057 fallit,
1609 2001 1691 2048 sed
1727 1999 2000 2046 invisibilem
2036 2001 2155 2047 deci-

180 2070 260 2131 pit.
332 2069 462 2117 Ratio
493 2077 644 2118 autem
690 2070 919 2118 eiusmodi
957 2071 1023 2117 rei
1075 2084 1165 2117 non
1213 2069 1270 2116 ad
1304 2083 1489 2117 carnem
1522 2076 1724 2132 spectat,
1773 2069 1856 2116 sed
1906 2070 1963 2116 ad
2002 2070 2155 2127 Deum,

179 2141 259 2200 qui
296 2139 565 2187 abscondita
601 2140 736 2188 novit.

614 2293 688 2344 lv.
761 2294 887 2344 Male
921 2294 1139 2342 nonnulli
1172 2295 1273 2341 sine
1307 2295 1516 2356 episcopo
1554 2300 1717 2355 ayunt.

317 2406 456 2453 Decet
491 2407 645 2468 itaque
698 2419 790 2452 non
828 2406 963 2452 modo
1002 2407 1155 2453 vocari
1194 2405 1501 2462 Christianos,
1540 2406 1623 2452 sed
1660 2406 1794 2451 etiam
1831 2418 1961 2462 esse3
2001 2420 2154 2468 quem-

177 2475 420 2523 admodum
471 2475 679 2523 nonnulli
725 2476 991 2537 episcopum
1041 2477 1224 2537 quidem
1306 2475 1564 2534 nominant,
1618 2474 1700 2522 sed
1750 2477 1900 2522 omnia
1946 2478 2045 2523 sine
2097 2491 2153 2523 eo

178 2544 362 2593 faciunt.
435 2545 567 2593 Tales
618 2559 726 2592 vero
773 2559 866 2592 non
915 2545 1034 2593 bona
1083 2546 1366 2594 conscientia
1413 2545 1525 2592 mihi
1565 2544 1760 2607 praediti
1797 2560 1899 2594 esse
1928 2546 2151 2602 videntur,

178 2617 284 2676 quia
321 2630 415 2663 non
453 2613 647 2664 firmiter
681 2614 937 2663 secundum
972 2622 1269 2678 praeceptum
1308 2621 1663 2677 congregantur.

310 2750 425 2802 *1v.
497 2755 718 2805 Convenit
753 2770 889 2818 ergo,
945 2771 1029 2804 nos
1069 2756 1350 2804 Christianos
1385 2770 1478 2804 non
1528 2762 1701 2803 tantum
1736 2757 1917 2813 vocari,
1972 2755 2055 2803 sed
2106 2764 2153 2803 et

181 2836 300 2871 esse.
369 2823 514 2874 Sicuti
550 2827 672 2875 enim
709 2825 917 2874 nonnulli
955 2827 1140 2875 nomine
1176 2826 1360 2888 quidem
1397 2826 1614 2888 Episcopi
1659 2833 1874 2884 utuntur,
1921 2826 2004 2873 sed
2053 2827 2151 2872 sine

181 2906 238 2939 eo
274 2894 422 2940 omnia
458 2893 644 2943 faciunt.
681 2895 812 2944 Tales
848 2902 998 2944 autem
1035 2896 1385 2958 haudquaquam
1425 2897 1545 2942 hona
1582 2896 1861 2942 conscientia
1890 2895 2001 2942 mihi
2025 2909 2151 2956 prae·

182 2961 262 3008 diti
298 2961 533 3022 videntur,
580 2965 689 3026 quia
723 2978 815 3012 non
863 2966 1009 3014 solida
1055 2966 1269 3014 firmitate
1317 2966 1568 3014 secundum
1618 2972 1913 3027 pracceptum
1963 2978 2152 3025 congre-

182 3037 359 3091 gantur.

219 3183 266 3228 V.
326 3185 519 3234 Talibus
548 3188 791 3249 proposita
827 3194 893 3235 eet
927 3201 1065 3240 more,
1103 3189 1218 3248 quia
1254 3189 1569 3238 characterem
1606 3191 1989 3240 Christianorum,
2027 3176 2118 3249 τὴν

411 3256 621 3331 ἇγᾶπην,
659 3285 751 3317 non
786 3270 970 3324 habent,
1010 3271 1341 3330 cupiditatibus
1374 3275 1475 3320 suis
1509 3289 1602 3322 mm
1639 3275 1914 3321 moriuntur.

319 3378 431 3437 Quia
466 3386 618 3429 autem
655 3394 731 3429 res
770 3379 905 3429 linem
946 3382 1128 3438 habent,
1167 3382 1299 3428 etiam
1338 3382 1427 3430 duo
1467 3384 1581 3433 haec
1618 3383 1749 3432 simul
1787 3384 1979 3441 instant,
2026 3397 2151 3432 mors

181 3454 226 3494 et
262 3449 372 3507 vita,
418 3455 463 3497 et
508 3450 827 3513 unusquisque
879 3455 924 3499 in
959 3453 1196 3515 proprium
1236 3450 1385 3499 locum
1424 3453 1568 3502 iturus
1607 3461 1690 3501 cst.
1763 3452 2151 3511 Quemadmodum

319 3570 341 3595 '
369 3574 416 3621 V.
471 3573 849 3639 Quandoquidem
889 3579 1026 3640 igitur
1063 3594 1135 3626 res
1176 3578 1309 3624 [inem
1349 3578 1531 3635 liabent,
1569 3579 1702 3626 etiam
1741 3579 1831 3627 duo
1869 3578 1982 3628 haec
2018 3578 2151 3628 simul

185 3643 434 3702 imminent,
468 3658 594 3694 mon
631 3653 679 3694 et
711 3646 816 3707 vita,
854 3654 902 3696 et
934 3649 1249 3711 unusquisque
1286 3647 1330 3695 in
1369 3649 1606 3711 proprium
1641 3647 1790 3697 locum
1826 3647 2032 3699 abiturus
2064 3656 2152 3698 est.
