2340 3900
190 168 329 207 LVIII
901 158 1145 207 CODICUM
1180 160 1419 211 NOTITIA.

526 299 594 344 v1.
645 298 700 344 ad
737 297 1161 359 PhiladelphenSes.

498 368 589 413 Vll.
641 368 697 414 ad
731 367 1032 413 Smirnenses.

475 437 583 482 Vlll.
635 438 690 483 ad
726 436 1015 498 Policarpum
1053 437 1331 499 episcopum.

461 507 592 553 Vllll.
641 507 697 552 ad
732 507 1072 553 Antiochenses,

541 576 591 621 X.
641 576 698 622 ad
735 574 966 636 Hyronem
1003 577 1241 624 diaconum
1277 590 1596 624 successorem
1634 590 1783 622 suum.

521 645 591 691 xl.
640 645 696 691 ad
730 645 996 706 Aephesios.

505 715 592 760 XII.
641 714 698 760 ad
734 714 974 760 Romanos.
1053 715 1168 762 Laus
1217 716 1386 776 ignatij.
1468 715 1670 776 Epistola
1730 715 1849 762 beati
1907 716 2135 779 Policarpi

182 783 396 845 discipuli
431 784 646 843 Johannis
684 783 954 844 evangeliste
989 783 1044 829 ad
1079 785 1404 846 philippenses.

320 853 545 914 Epistolae
583 853 657 898 Vll
691 853 814 899 Beati
838 853 1015 913 Antonij
1054 854 1226 901 abbatis
1267 855 1321 900 ad
1360 855 1536 900 diversa
1572 856 1847 901 monasteria
1878 855 1956 901 Dei
1995 855 2135 916 gratia

178 921 294 968 liber
329 922 543 983 pastoris.
584 922 806 983 disproli.
844 922 963 984 pauli
1001 923 1206 984 apostoli.
1245 938 1377 984 quem
1412 923 1575 984 paulus
1601 925 1818 971 meminit.
1854 925 1900 971 iu
1925 925 2133 987 epistola.

178 991 234 1037 ad
268 1005 499 1038 romanos,
583 989 594 999 “

316 1061 593 1122 Opusculum
632 1059 678 1106 S.
714 1060 827 1108 Xisti
863 1062 1133 1123 pithagorici
1170 1062 1441 1123 philosophi.

313 1129 435 1176 Inest
482 1131 619 1191 igitur
670 1130 855 1191 ‚Ignatii
903 1138 947 1178 et
983 1131 1220 1193 Polycarpi
1256 1131 1558 1192 Epistolarum
1605 1138 1734 1178 vetus
1783 1132 1920 1179 latina
1950 1130 2135 1187 versio,‘

179 1199 356 1260 qualem
391 1199 572 1247 exhibet
607 1206 767 1246 noster
785 1199 895 1249 Cod.
921 1201 1029 1261 Reg.
1078 1202 1138 1247 De
1165 1201 1316 1247 indole
1352 1202 1450 1247 eius
1474 1201 1554 1247 cfr.
1578 1215 1700 1247 num.
1722 1201 1797 1248 10.
1835 1201 2132 1265 SignaviPal.

312 1325 356 1370 9.
430 1325 538 1372 Cod.
577 1325 818 1372 Vaticanus
859 1326 990 1373 3848
1028 1327 1072 1372 in
1111 1322 1163 1372 4⁰
1198 1328 1313 1380 mai„
1351 1327 1684 1383 membraneus,
1724 1329 1769 1373 in
1806 1328 1884 1375 l'ol.
1926 1329 2131 1376 1—40.

173 1393 394 1450 ,Hermae
429 1393 691 1441 Pastorem‘
741 1395 922 1442 exhibet
969 1397 1202 1457 scriptum.
1276 1397 1490 1443 Exaratus
1529 1402 1598 1442 est
1636 1404 1827 1444 exeunte
1863 1412 1984 1445 saec.
2021 1398 2130 1445 XIV.

175 1462 329 1508 Nullae
385 1464 580 1524 capitum
633 1466 891 1523 sectiones3
941 1465 1097 1511 literae
1144 1466 1421 1526 singularum
1472 1466 1704 1513 Visionum
1753 1468 1886 1514 sicuti
1933 1467 2130 1515 cqusvis

173 1531 483 1578 Mandatorum
533 1548 584 1580 ac
629 1533 977 1580 Similitudinum
1016 1535 1207 1581 initiales
1246 1536 1478 1596 depictae3
1516 1535 1634 1581 tituli
1671 1537 1810 1583 minio
1846 1538 2132 1600 praescripti.

173 1601 222 1646 In
269 1601 377 1647 folio
413 1603 587 1663 primo:

617 1685 817 1732 INCIPIT
855 1685 1148 1733 PROLOGUS
1186 1686 1332 1732 LIBRI
1370 1686 1641 1733 PASTORIS
1673 1725 1693 1734 ..

614 1769 671 1815 IN
707 1768 818 1815 HOC
858 1769 1113 1815 CORPORE
1154 1769 1517 1816 CONTINETUR.

170 1864 286 1911 liber
333 1863 410 1924 qui
459 1865 714 1927 appellatur
761 1867 958 1927 pastoris
1015 1881 1148 1926 quem
1208 1874 1390 1913 sanctus
1444 1867 1736 1915 Hieronimus
1800 1869 2030 1930 presbiter
2084 1871 2130 1917 in

172 1934 408 1993 cathalogo
445 1935 686 1981 illustrium
718 1935 921 1982 virorum
961 1935 1080 1981 inter
1116 1935 1453 1982 ecclesiasticos
1492 1938 1746 1998 scriptores
1792 1939 1853 1984 ita
1901 1940 2128 1986 meminit·

171 2003 347 2048 dicens·
406 2003 602 2050 Herman
656 2006 784 2050 cuius
837 2005 1071 2065 apostolus
1108 2005 1275 2051 Paulus
1323 2006 1379 2051 ad
1414 2005 1642 2053 Romanos
1680 2007 1889 2054 scribens
1926 2010 2131 2055 meminit

168 2071 355 2116 salutate
396 2071 639 2134 flegontam
677 2074 865 2119 hermen
903 2072 1139 2134 patrobam
1178 2075 1365 2120 herman
1405 2081 1449 2120 et
1487 2077 1562 2135 qui
1602 2090 1703 2122 cum
1742 2077 1809 2123 eis
1833 2084 1941 2124 sunt
1964 2077 2127 2125 fratres

169 2145 214 2186 et
249 2149 459 2188 asserunt
496 2149 727 2189 auctorem
776 2157 878 2189 esse
929 2142 1033 2188 libri
1072 2144 1149 2204 qui
1184 2143 1438 2204 appellatur
1474 2151 1632 2205 pastor
1669 2151 1714 2191 et
1747 2146 1869 2207 apud
1907 2147 2127 2208 quasdam

168 2210 372 2270 graeciae
423 2211 641 2258 ecclesias
697 2212 878 2273 publice
926 2213 1091 2272 legitur
1135 2227 1293 2259 revera
1345 2212 1468 2259 utilis
1519 2214 1637 2260 liber
1679 2214 1903 2277 multique
1955 2216 2012 2263 de
2069 2230 2124 2264 eo

169 2279 444 2339 scriptorum
486 2287 689 2327 veterum
738 2296 1015 2343 usurpavere
1062 2283 1322 2329 testimonia
1369 2283 1451 2330 sed
1487 2284 1607 2345 apud
1642 2283 1806 2331 latinos
1843 2299 1962 2347 pene
1998 2285 2125 2347 Igno-

168 2351 242 2392 tus
281 2354 364 2394 est.

898 2418 1062 2466 LIBER
1098 2419 1384 2467 PASTORIS.

305 2513 442 2560 Liber
498 2515 694 2574 pastoris
748 2516 893 2561 nuntii
946 2518 1208 2577 penitentie.
1289 2517 1496 2564 Mandata
1541 2532 1594 2563 ac
1643 2517 1971 2567 Similitudines
2023 2522 2122 2569 eius

169 2583 334 2644 quibus
373 2585 579 2644 apparuit
615 2590 660 2629 et
695 2583 872 2630 locutus
913 2594 982 2632 est
1017 2588 1188 2634 herme.
1261 2586 1343 2633 Cui
1379 2587 1511 2633 etiam
1561 2588 1604 2633 in
1653 2588 1879 2649 principio
1915 2591 2122 2651 apparuit

167 2653 361 2698 ecclesia
398 2653 441 2697 in
478 2653 612 2698 variis
651 2651 822 2712 figuris.
895 2654 1009 2701 Sunt
1045 2670 1155 2716 ergo
1195 2656 1391 2702 visiones
1430 2656 1624 2703 ecclesie
1678 2672 1869 2704 numero
1907 2666 2122 2719 quattuor

165 2722 360 2782 pastoris
398 2721 544 2766 nuntii
594 2722 840 2781 penitentie
886 2724 1108 2771 visionum
1155 2739 1372 2771 numerus
1423 2726 1624 2786 quinque
1671 2726 1878 2774 mandata
1914 2728 2119 2776 eiusdem

164 2804 355 2836 numero
397 2789 635 2836 duodecim
674 2791 987 2839 similitudines
1026 2795 1168 2854 ipsius
1204 2809 1394 2841 numero
1434 2795 1606 2842 decem.

303 2858 510 2906 Visiones
548 2859 594 2904 in
633 2859 741 2905 Cod.
779 2874 936 2906 revera
973 2869 1122 2908 extant
1172 2863 1272 2909 illae
1311 2870 1550 2924 quattuor3
1597 2865 1764 2926 quibus
1815 2866 2005 2928 expletis
2053 2867 2119 2914 in-

163 2927 352 2988 scriptio
391 2928 580 2988 legitur:
617 2928 754 2984 ,Visio
796 2930 952 2988 quinta
990 2932 1044 2977 de
1079 2930 1329 2978 mandatis.‘
1381 2933 1643 2994 Sequuntur
1679 2940 1828 2981 autem
1866 2937 1964 2997 ipsa
1997 2951 2118 2983 man·

166 2997 280 3051 data,
319 3011 434 3058 quae
468 2997 653 3043 librario
691 3003 851 3043 nostro
874 3005 995 3044 sunt
1029 3000 1166 3055 ,Visio
1207 2999 1389 3060 quinta.‘
1437 3003 1486 3047 ln
1524 3002 1615 3050 fine
1650 3018 1837 3050 eorum:

888 3093 1157 3154 ,Expliciunt
1191 3098 1396 3143 mandata

441 3176 664 3237 Incipiunt
702 3175 1021 3222 similitudines
1230 3179 1378 3225 Prima
1423 3179 1700 3228 similitudo.‘

297 3271 548 3319 Similitudo
587 3270 742 3327 ,sexta‘
778 3273 824 3318 in
862 3273 1026 3319 Codice
1063 3274 1242 3334 incipit:
1287 3275 1495 3331 ,Quidam
1544 3292 1646 3323 cum
1693 3277 1882 3325 haberet
1930 3279 2118 3327 fundum

161 3336 432 3395 (Similitudo
475 3341 519 3397 5,
557 3339 633 3400 2);
689 3342 906 3402 septimae
933 3341 1190 3388 exordium:
1227 3343 1351 3398 ‚Post
1387 3345 1483 3391 dies
1506 3345 1668 3391 deinde
1686 3359 1777 3391 non
1801 3348 1966 3394 multos
1991 3343 2117 3405 (Sim.

163 3408 205 3463 5,
230 3408 274 3453 2.
295 3410 379 3455 sub
401 3407 578 3468 finem);
608 3417 788 3456 octavae
810 3411 979 3456 initium
1002 3411 1121 3456 idem
1143 3417 1212 3457 est
1232 3426 1286 3457 ac
1308 3419 1458 3458 sextae
1483 3414 1528 3459 in
1549 3413 1658 3460 libb.
1682 3415 1932 3474 impressis.
1987 3417 2116 3464 Simi-

158 3476 336 3522 litudini
375 3474 438 3534 (in
475 3478 586 3526 Edd.
628 3476 897 3540 ,septimae‘)
935 3480 1144 3539 sequenti
1182 3480 1311 3526 deest
1345 3481 1521 3538 tituluS‚
1572 3490 1763 3543 apparet
1796 3490 1943 3532 tamen
1979 3486 2108 3533 locus

161 3545 203 3590 ei
239 3548 508 3605 apponendo
533 3555 744 3609 apertus3
781 3548 1034 3594 SImilitudo
1072 3545 1223 3603 ,uona‘
1258 3550 1303 3595 in
1339 3549 1450 3595 Edd.
1489 3557 1560 3597 est
1593 3558 1795 3609 ,octava3
1832 3552 1967 3600 nona‘
1994 3556 2109 3602 Edd.

160 3613 206 3658 in
244 3613 351 3660 Cod.
386 3614 480 3661 Vat.
515 3615 778 3664 inscribitur
812 3615 1099 3676 ,Similitudo‘
1138 3618 1187 3663 X.
1247 3617 1418 3665 Ibidem
1455 3614 1513 3676 (c.
1556 3619 1615 3665 13
1651 3619 1789 3679 Edd.)
1822 3623 1884 3671 ita
1921 3623 2113 3672 divisum
