2340 3900
627 586 1235 636 ΜΑΓΝΗΣῙΕῩΣΙΝ
1265 592 1659 637 ΙΓΝΑΤῙΟΣ
1670 593 1683 621 1

316 698 562 788 Ἰγνάτιος,
598 721 625 752 o
663 701 747 753 καὶ
788 699 1049 799 Θεοφόρ2ος,
1085 710 1142 776 τῇ
1179 703 1469 796 εὐλογημένη
1508 706 1560 757 έν
1593 701 1747 791 χάριτι
1769 704 1896 753 Θεοῦ
1930 698 2135 789 πατρὸς,

390 771 442 822 ἐν
469 769 633 838 Ἰησοῦ
662 775 868 859 Χριστῷ
902 773 990 842 193²
1027 780 1204 843 σωτῆρι
1237 773 1403 844 ἡμῶν,
1434 778 1494 831 ἐν
1528 777 1566 846 ῷ
1602 770 1875 838 ἀσπάζομαι
1922 768 2010 838 τὴν
2058 773 2134 823 ἐκ·

387 843 590 907 κλησίαν
623 838 713 907 τὴν
746 834 897 893 ουσαν
930 843 982 895 ἐν
1019 848 1115 894 Μα
1147 847 1289 916 νησία
1322 851 1381 917 τῇ
1404 843 1526 914 πρὸς
1533 828 1861 930 Μαιᾶνδρῳ,3
1899 841 1982 892 καὶ
2006 837 2135 909 εύχο-

389 931 475 978 μαι
511 911 562 963 έν
604 913 710 984 Θεῷ
743 912 887 981 πατρὶ
920 912 1003 967 καὶ
1037 914 1088 966 έν
1130 898 1279 982 Ιησοῦ
1317 897 1510 986 Χριστῷ
1545 919 1740 966 πλεῖστα
1773 912 1972 979 χαίρειν.

731 1072 762 1118 1.
833 1073 989 1122 Causa
1021 1075 1238 1135 epistolae
1274 1081 1314 1120 et
1343 1076 1427 1135 pia
1463 1080 1585 1120 vota.

325 1158 484 1223 Γνοὺς
531 1157 668 1226 ὑμῶν
711 1158 765 1213 τὸ
811 1161 1164 1215 πολυεύτακτον
1212 1169 1298 1230 τῆς
1331 1161 1454 1215 κατὰ
1494 1161 1620 1216 Θεὸν
1656 1160 1870 1250 ἀγάπης,
1909 1159 2138 1232 ἆγαλλιώ·

185 1248 328 1295 μενος
379 1228 690 1318 προειλόμην4
739 1232 791 1283 ἐν
838 1235 990 1285 πίστει
1021 1232 1181 1300 Ἰησοῦ
1221 1238 1434 1302 Χριστοῦ
1467 1238 1794 1324 προσλαλῆσαι
1829 1230 1958 1299 ὑμῖν.
2032 1237 2136 1283 Κα-

183 1301 438 1362 ταξιωθεὶς
474 1322 562 1370 γαρ
599 1298 854 1391 ὀνόματος5
890 1303 1320 1390 θεοπρεπέστατον,
1359 1304 1410 1355 έν
1446 1300 1520 1364 οἷς
1554 1303 1795 1388 περιφέρω
1818 1305 2053 1372 δεσμοῖς
2034 1299 2138 1354 αδω

181 1390 266 1429 τας
289 1371 553 1439 ἐκκλησίας,
592 1370 643 1422 έν
667 1366 744 1431 αἷς
777 1371 948 1424 ἕνωσιν
948 1371 1171 1470 6εὔχομαι
1203 1370 1381 1459 σαρκὸς
1414 1374 1496 1424 καὶ
1531 1371 1801 1460 πνεύματος
1829 1370 1993 1460 Ἰησοῦ
2020 1354 2138 1460 Χρι-

183 1445 324 1502 στοῦ,
369 1446 457 1492 τοῦ
503 1438 764 1502 διαπαντὸς
807 1439 966 1509 ἡμῶν6
1014 1447 1128 1510 ζῆν,
1178 1440 1380 1504 πίστεώς
1425 1445 1492 1495 τεῖ
1529 1444 1611 1495 καὶ
1647 1440 1863 1531 ἀγάπης,
1899 1434 1961 1509 ἧς
1997 1439 2140 1494 οὐδὲν

183 1509 515 1595 προκέκριται,
562 1507 616 1561 τὸ
661 1510 713 1562 δὲ
757 1511 1047 1600 κυριώτερον
1087 1511 1252 1580 Ἰησοῦ
1287 1513 1369 1564 καὶ
1403 1511 1606 1580 πατρός
1648 1514 1699 1565 ἒν
1738 1515 1777 1584 ᾧ
1813 1511 2134 1598 ὑπομένοντες

181 1575 269 1644 τὴν
303 1585 466 1631 πᾶσαν
499 1555 726 1674 ἕπήρεὸιαν
758 1587 845 1633 τοῦ
880 1603 1107 1650 αρχοντος
1141 1587 1228 1635 τοῦ
1265 1584 1442 1645 αἰῶνος
1476 1582 1650 1635 τούτου
1686 1585 1767 1636 καὶ
1812 1578 2136 1652 διαφυγόντες

189 1650 316 1700 Θεοῦ
349 1647 653 1716 τευξόμεθα.8

792 1797 843 1842 ΙΙ.
918 1796 1110 1843 Gaudeo
1146 1799 1311 1857 leqatis
1346 1800 1522 1845 vestris.

961 1906 983 1916 m
1058 1897 1072 1917 θ
1116 1906 1139 1916 ιν

309 1895 465 1949 Ἐπεὶ1
502 1892 592 1951 οὐν
624 1898 848 1967 ἠξιώθην
886 1902 1006 1952 ἰδειν
1041 1921 1167 1967 υμας
1205 1898 1286 1951 δια
1325 1899 1469 1965 Λᾶμα
1503 1907 1590 1952 τοῦ
1618 1900 1850 1964 ἆξιοθέου
1860 1899 2014 2000 ς’ὖμῶι
2037 1901 2137 1953 ἐπι-

181 1964 394 2030 σκόπου,
446 1968 529 2019 καὶ
574 1970 908 2038 πρεσβυτέρων
955 1968 1102 2032 ἀξίων
1151 1967 1347 2022 Βασσου
1396 1991 1476 2021 και
1503 1968 1879 2035 Ἀπολλωνίου,

270 2193 311 2248 1)
331 2193 904 2236 IFNATIOZlacobsonus
917 2193 1134 2246 adscripsit

184 2251 296 2301 exL3
330 2249 357 2290 C
381 2263 540 2302 quoque
563 2263 708 2290 nomen
730 2250 924 2301 agnoscit,
949 2263 970 2289 a
987 2250 1130 2290 Vossio

185 2313 223 2348 et
258 2306 364 2358 rqu.
403 2306 513 2346 editt.
555 2306 792 2356 neglectum.
848 2306 895 2346 At
939 2318 1040 2357 opus
1083 2318 1130 2345 eo

184 2369 244 2403 est
272 2362 312 2401 in
344 2363 474 2401 fronte
509 2362 720 2401 cuiuslibet
750 2361 955 2413 Epistolae
986 2361 1040 2401 ita
1070 2362 1131 2400 in-

183 2418 379 2469 scriptae,
419 2423 558 2468 utpote
597 2430 697 2469 quae
732 2417 809 2457 huc
837 2417 981 2457 illucve
1011 2417 1132 2457 missa

184 2474 303 2515 fuerit
331 2486 412 2513 non
443 2474 593 2525 absque
622 2473 812 2513 mittentis
834 2473 1008 2513 nomine.
1055 2474 1130 2525 Sy-

182 2543 250 2570 rus
280 2530 430 2569 hancce
468 2529 690 2580 Epistolam
728 2542 808 2569 non
846 2529 1130 2580 interpretatus

184 2592 256 2626 est.
305 2585 433 2625 Adeas
452 2591 581 2625 tamen
598 2584 839 2624 Curetonum
859 2584 946 2636 (pp.
967 2585 1032 2625 29.
1045 2584 1131 2636 47.)

184 2642 233 2682 de
263 2641 364 2682 locis
397 2654 419 2681 a
450 2640 714 2692 scriptoribus
738 2641 825 2692 Syr.
858 2653 902 2681 ex
919 2653 964 2680 ea
982 2640 1132 2692 passim

184 2698 368 2738 laudatis.
427 2698 541 2737 Extat
581 2696 665 2736 eius
707 2696 836 2736 versio
869 2697 1024 2736 Armen.
1069 2696 1132 2735 in-

184 2760 306 2805 tegra.
331 2775 386 2782 —
410 2753 676 2805 Ephesiorum
698 2752 878 2804 exemplo
911 2752 1132 2802 Magnesiae

182 2823 311 2862 prope
323 2809 577 2850 Maeandrum
591 2809 631 2848 in
646 2808 756 2848 Ionia
775 2808 874 2848 sitae
890 2808 994 2848 cives
1017 2808 1133 2847 Chri-

182 2866 301 2906 stiani
336 2866 543 2919 Smyrnam
576 2864 809 2915 delegarunt
838 2865 1002 2904 Damam
1047 2864 1132 2915 epi-

182 2934 351 2974 scopum
383 2934 474 2962 cum
507 2921 753 2973 presbyteris
785 2921 910 2960 Basso
941 2926 979 2959 et
1007 2919 1132 2971 Apol-

183 2979 294 3018 lonio
341 2992 387 3019 ac
432 2977 599 3018 Sotione
639 2977 810 3016 diacono
859 2977 909 3016 ad
939 2976 1132 3026 Ignatium

183 3035 390 3075 visendum
435 3033 803 3085 consolandumque
846 3032 910 3084 (c.
958 3032 995 3071 2.
1040 3031 1131 3083 15).

182 3091 338 3131 Idcirco
359 3090 531 3131 charitas
564 3102 702 3130 eorum
719 3089 905 3130 laudatur
924 3100 997 3139 per
1023 3088 1131 3139 cpis-

185 3159 330 3199 copum
376 3146 565 3198 cognita,
613 3145 724 3185 cuius
776 3159 826 3185 ne
872 3144 960 3196 quis
992 3150 1130 3184 conte-

181 3209 291 3243 mnat
326 3204 568 3243 iuventutem
611 3201 799 3242 admonet
829 3199 882 3253 (c.
922 3201 955 3240 1.
986 3199 1127 3251 3—7).

182 3259 351 3300 Provide
392 3258 592 3310 fugiendi,
644 3257 711 3310 qui
751 3257 879 3308 legem
917 3255 1129 3296 Mosaicam

182 3315 299 3372 simul
347 3328 435 3356 cum
475 3313 620 3354 Christi
663 3313 866 3364 evangelio
917 3312 1130 3352 observant

182 3372 236 3424 (c.
276 3370 464 3423 8—11).
531 3370 720 3423 Sequitur
774 3368 980 3421 Epistolae
1034 3381 1129 3419 pars

184 3428 452 3468 exhortatoria
481 3423 751 3478 (e.12-15).
811 3414 1021 3465 Praeclara
1040 3424 1130 3464 heic

184 3484 393 3534 scriptoris
420 3483 590 3523 eduntur
608 3483 845 3522 documenta
874 3479 1128 3520 humilitatis:

182 3539 254 3578 sed
285 3538 472 3604 Magnesii
501 3551 673 3590 quoque,
706 3537 882 3590 quamvis
914 3536 993 3576 sint
1023 3549 1126 3589 χρι-

185 3589 410 3658 στοφόροι
448 3600 487 3634 et
513 3595 627 3635 θεοῦ
656 3599 821 3644 gemant
841 3589 1036 3646 (e.14.‚)
1060 3604 1125 3631 ne

183 3650 370 3692 inflentur
408 3650 634 3702 arrogantia
684 3655 866 3700 caveant,
914 3646 1125 3688 humilitati

1921 1970 2006 2024 καὶ
2051 1976 2139 2023 τοῦ

1187 2194 1374 2235 studeant
1417 2207 1463 2235 ac
1502 2195 1542 2235 in
1588 2196 1776 2248 precibus
1821 2207 2020 2237 memores
2061 2195 2142 2237 sint

1188 2251 1327 2301 Ignatii
1359 2257 1398 2291 et
1430 2252 1568 2304 Syriae
1597 2253 1804 2293 ecclesiae.

1272 2305 1318 2360 2)
1349 2307 1414 2362 τῷ
1433 2315 1506 2349 art.
1520 2308 1547 2348 C
1566 2309 1594 2349 L
1614 2315 1773 2350 tuentur
1792 2314 1931 2350 contra
1943 2308 2140 2351 Vossium.

1273 2377 1317 2428 3)
1350 2390 1469 2432 προς
1480 2373 1704 2435 μεανδρῳ
1720 2378 1748 2418 C
1752 2373 2143 2437 ,προσμεάνδρωι

1190 2430 1285 2484 (sic)
1316 2446 1393 2473 scr.
1425 2435 1468 2473 L.

1270 2500 1317 2553 4)
1350 2502 1556 2543 Graziani:
1595 2504 1631 2543 vi
1671 2504 1724 2545 ho
1755 2511 1974 2556 prevenuto
2004 2504 2045 2545 in
2075 2518 2142 2545 ra-

1189 2558 1329 2608 gionar
1360 2571 1435 2598 con
1466 2559 1530 2598 voi
1562 2560 1668 2599 nella
1698 2561 1786 2600 fede
1804 2560 1843 2600 di
1866 2560 1971 2602 Gesu
1996 2561 2140 2602 Cristo.

1189 2614 1296 2665 Quae
1325 2615 1536 2665 explicatio
1563 2616 1623 2655 vix
1644 2616 1832 2656 sustineri
1850 2623 1999 2669 potest.
2059 2618 2142 2658 Me-

1189 2669 1286 2709 lius:
1326 2671 1424 2722 eleqi
1455 2684 1548 2720 vos,
1591 2673 1728 2723 quibus
1758 2673 1910 2713 litteras
1939 2675 2140 2714 mitterem.

1274 2738 1318 2789 5)
1352 2739 1482 2778 Faber
1524 2740 1773 2792 Stapulensis
1820 2747 1953 2793 putat,
1994 2754 2139 2782 nomen

1189 2795 1267 2834 hoc
1302 2807 1390 2834 esse
1424 2795 1712 2847 Christianum3
1753 2797 1820 2836 alii
1849 2797 2031 2849 Martyris
2075 2805 2142 2839 aut

1195 2849 1454 2902 Confessoris.
1526 2852 1619 2892 Mihi
1658 2852 1814 2893 videtur
1853 2866 1942 2894 esse
1980 2866 2139 2904 nomen,

1191 2907 1300 2958 quod
1335 2906 1394 2946 illi
1429 2907 1477 2946 ab
1523 2909 1706 2948 omnibus
1733 2909 1924 2949 tributum
1955 2916 2034 2960 est,
2081 2922 2140 2950 sc.

1195 2958 1442 3025 Θεοφόρος.
1494 2963 1736 3016 Confessoris
1766 2978 1911 3005 nomen
1934 2966 2036 3006 adeo
2068 2978 2139 3006 an-

1189 3018 1343 3070 tiquum
1386 3031 1474 3059 esse
1513 3021 1672 3061 minime
1720 3021 1894 3072 videtur3
1937 3022 2141 3073 Μανίῳ-ενι

1191 3080 1322 3114 autem
1352 3088 1554 3128 nunquam
1583 3090 1626 3117 se
1656 3077 1835 3130 appellat
1849 3078 2038 3128 Ignatius.
2090 3079 2140 3118 Et

1192 3131 1352 3170 omnino
1385 3131 1454 3170 illa
1485 3130 1534 3174 ἐν
1564 3126 1632 3180 οἷς
1650 3135 1901 3202 περιφέρω
1928 3130 2137 3190 δεσμοῖς,

1188 3186 1323 3237 potius
1352 3188 1610 3239 sequentibus
1642 3185 1742 3243 ᾄδω
1764 3186 1848 3236 τὰς
1867 3186 2140 3241 Ἐκκλησίας

1188 3242 1437 3293 adiungenda
1467 3245 1662 3286 videntur.
1711 3246 1893 3285 Pearson.
1944 3245 2137 3297 lnterpol.

1188 3295 1407 3346 ἀξιωθεὶς
1455 3298 1544 3357 γὰρ
1597 3297 1831 3358 ὀνόματος
1885 3301 2020 3342 θείου
2059 3301 2137 3341 καὶ

1188 3356 1428 3396 ποθεινοῦ.
1487 3358 1707 3398 Wocherus
1749 3358 1980 3408 dignitatem
2016 3357 2136 3397 intel-

1187 3409 1286 3460 ligit,
1322 3423 1400 3462 quo
1433 3425 1551 3453 sensu
1582 3408 1734 3471 ὄνομα
1763 3419 1966 3464 exponunt
1994 3412 2033 3453 in
2061 3413 2135 3465 Ep.

1188 3465 1238 3505 ad
1269 3466 1370 3505 Phil.
1406 3468 1443 3518 2,
1475 3470 1512 3509 9.
1555 3470 1635 3509 Iac.

1271 3534 1314 3585 6)
1344 3532 1479 3605 ἡμῶν
1512 3540 1540 3579 L
1584 3544 1684 3579 teste
1736 3551 1895 3591 quoque
1940 3537 2134 3579 Tischen-

1185 3589 1327 3641 domo,
1358 3607 1494 3648 υμων
1525 3594 1567 3634 C.

1268 3647 1312 3699 7)
1345 3661 1393 3691 τε
1422 3663 1498 3691 om.
1533 3651 1646 3691 Voss.
1680 3656 1719 3691 et
1758 3650 1863 3703 rqu.
1899 3650 2010 3692 editt.
2040 3656 2132 3692 ante
