2340 3900
211 175 308 225 284
462 177 666 223 IGNATH
703 175 973 223 EPISTOLA
1008 176 1076 222 An
1115 177 1384 227 PHlLADEL
1388 181 1669 228 PHIENSES.
1716 183 1783 228 VI
1821 181 1907 228 Vll.

206 306 322 372 όφις
367 307 512 368 ἐστὶν,
565 302 756 371 ἀπάτην
803 306 884 357 καὶ
938 305 1126 393 πλάνην
1174 308 1418 394 κηρύττων
1465 310 1541 364 ἐπ’
1599 311 1809 364 ἀπωλεία
1845 309 2147 376 ἀνθρώπων

205 378 286 429 καὶ
323 375 448 426 ἔστιν
485 373 514 426 6
549 379 767 434 τοιοῦτος
802 375 949 442 πένης
984 373 1075 464 τὴν
1108 375 1341 445 διάνοιαν,
1370 403 1437 443 ως
1463 381 1774 434 ἐπικαλεῖται’
1783 365 2000 466 Εβίων.”
2026 378 2149 431 Ἐάν

203 466 274 505 τις
308 450 457 495 ταῦτα
498 442 584 529 μὲν
619 441 875 515 ὁμολογῇ,8
915 443 1113 513 φθορὰν
1149 446 1200 498 δὲ
1235 450 1317 501 καὶ
1351 449 1594 517 μολυσμὸν
1641 457 1765 521 καλῇ
1810 471 1897 516 την
1943 446 2150 535 νόμιμον

203 515 353 579 μίξιν,
389 513 471 564 καὶ
505 509 595 579 τὴν
630 518 728 565 τῶν
760 496 950 566 παίδων
983 516 1190 601 γένεσιν,
1227 517 1261 586 6
1295 540 1400 571 τινα
1445 526 1541 571 τῶν
1589 503 1861 607 βρωμάτων
1898 515 2148 587 βδελυκτὰ,

203 580 230 633 6
265 588 480 643 τοιοῦτος
515 583 757 635 ἔνοικον’
741 583 834 648 ε’χει
866 583 951 636 τὸν
999 584 1236 654 δράκοντα
1282 586 1368 640 τὸν
1418 587 1701 654 ἀποστάτην.
1766 585 1889 638 Ἐάν
1934 608 2007 648 τις
2045 591 2148 638 Πα-

201 651 312 719 τέρα
358 652 447 703 καὶ»
479 649 596 703 Τῖὀν
644 652 726 704 καὶ
747 651 920 722 ‘'Aytov
959 658 1161 738 Πνεῦμα
1206 655 1439 730 ὁμολογ-ῆ,
1491 659 1572 708 καὶ
1617 657 1705 723 τὴν
1755 658 1908 708 κτίσιν
1957 657 2150 743 ἐπαινῇ,

202 720 402 788 δόκησιν
437 721 489 773 δὲ
523 721 663 808 λέγη9
690 719 777 788 τὴν
809 722 1156 797 ένσωμάτωσιν,
1191 729 1273 779 καὶ
1307 728 1361 779 τὸ
1398 725 1564 788 πάθος
1597 725 1961 793 έπαισχύνηται·
2001 723 2029 777 6
2055 746 2149 777 τοι-

202 796 344 852 οῦτος
377 789 582 859 ἤρνηται
613 788 701 857 τὴν
733 794 914 857 πίστιν,
953 792 1038 861 οὐχ
1072 797 1217 862 ἦττον
1251 798 1358 848 τῶν’
1367 794 1697 885 χριστοφόνων
1710 794 1975 847 Ἰουδαίων.
2025 793 2150 846 Ἐάν

202 882 273 922 τις
307 867 456 912 ταῦτα
493 860 578 927 μὲν
615 859 842 948 ὁμολογῇ,
875 863 957 915 καὶ
992 863 1066 916 ότι
1107 865 1230 927 Θεὸς
1263 864 1403 955 λόγος
1439 867 1490 917 ἐν
1519 865 1818 948 ἀνθρωπίνῳ
1854 863 2034 930 σώματι
2069 885 2147 915 κα-

200 950 362 994 τωκει,
401 928 469 982 ὢν
507 931 557 982 έν
594 928 762 1019 αὐτῷ10
800 930 830 984 6
847 929 1031 1020 λόγος,
1068 931 1167 994 ως11
1203 936 1337 1001 ψυχὴ
1377 936 1429 986 ἐν
1466 933 1669 1029 σώματι,
1725 937 1805 985 δια
1851 931 1906 984 τὸ
1960 933 2150 985 ἕνοικον

201 996 324 1051 εἶναι
362 998 511 1064 Θεὸν,
549 997 652 1053 ἀλλ’
695 999 801 1067 οὐχὶ
835 999 1187 1071 ἀνθρωπείαν12
1224 1003 1402 1071 ψυχὴν,
1440 1004 1588 1091 λέγῃ13
1626 1003 1679 1055 δὲ
1713 1001 1799 1064 τὰς
1833 1001 2151 1071 παρανόμους

199 1071 349 1135 μίξεις
386 1044 580 1154 ἀγαθόν
614 1091 659 1122 τι
694 1067 837 1135 εἶναι,
876 1072 958 1123 καὶ
991 1073 1123 1133 τέλος
1159 1071 1467 1140 εὐδαιμονίας
1511 1057 1695 1139 ηδονὴν
1737 1073 2002 1139 τίθηται34
2047 1067 2152 1133 οἷος

200 1136 229 1190 6
282 1137 607 1206 ψευδώνυμος
641 1143 960 1227 Νικολαΐτης,
1015 1136 1155 1203 οὗτος
1206 1141 1314 1194 οὔτε
1364 1141 1630 1206 φιλόθεος,
1688 1141 1799 1194 οὔτε
1831 1139 2152 1228 φιλόχριστος

201 1205 323 1260 εἶναι
361 1209 590 1271 δύναται,
628 1207 747 1261 ἀλλὰ
786 1208 1007 1278 φθορεὺς
1039 1216 1125 1278 τῆς
1162 1213 1377 1272 οἰκείας15
1414 1209 1617 1299 σαρκὸς,
1652 1212 1735 1263 καὶ
1770 1209 1852 1263 διὰ
1885 1215 2027 1262 τοῦτο
2062 1216 2150 1263 τοῦ

198 1275 361 1365 Αγίου
414 1276 700 1345 Πνεύματος
746 1281 912 1369 κενὸς,
960 1281 1043 1332 καὶ
1085 1286 1172 1331 τοῦ
1226 1286 1461 1371 Χριστοῦ
1490 1278 1748 1348 ἀλλότριος
1833 1281 1898 1332 Οἱ
1942 1285 2151 1332 τοιοῦτοι

199 1347 374 1409 πάντες
409 1350 577 1415 στῆλαί
613 1351 703 1400 εἶσι
738 1349 820 1400 καὶ
854 1369 1001 1414 ταφοι
1036 1355 1245 1432 νεκρῶν,
1265 1349 1365 1421 ἐφ’
1409 1347 1483 1410 οἷς
1529 1352 1791 1419 γέγραπται
1841 1347 1995 1416 μόνον
2041 1347 2149 1402 ὀνό-

199 1438 324 1484 ματα
370 1423 555 1502 νεκρῶν
601 1416 890 1485 ἀνθρώπων.
966 1417 1170 1487 Φεύγετε
1226 1422 1315 1472 οὐν
1359 1419 1443 1481 τὰς
1489 1422 1792 1486 κοκοτεχνίας
1834 1419 1918 1470 καὶ
1955 1418 2150 1506 ἐνέδρας

198 1492 286 1539 τοῦ
332 1485 603 1553 πνεύματος
651 1493 738 1539 τοῦ
771 1494 863 1539 νῦν
900 1488 1206 1574 ἐνεργοῦντος
1240 1490 1291 1541 έν
1325 1496 1425 1550 τοῖς
1459 1491 1587 1550 υἱοῖς
1620 1496 1707 1542 τοῦ
1746 1491 1923 1550 αἰῶνος
1958 1485 2147 1551 τούτου,

199 1555 267 1623 μή
314 1577 430 1608 ποτε
480 1558 530 1608 οἱ
573 1557 839 1644 θλιβέντες
875 1557 1260 1624 ἐξασθενησητε16
1297 1560 1348 1610 έν
1382 1564 1440 1647 τῇ
1478 1557 1666 1630 ἀγάπῃ’
1707 1556 1826 1610 ἀλλὰ
1860 1555 2036 1620 πάντες
2072 1558 2151 1610 ἐπὶ

198 1624 251 1713 τό
303 1624 420 1678 αὐτὸ
469 1629 665 1695 γίνεσθε
712 1627 763 1678 ἐν
814 1624 1047 1714 ἀμερίστῳ
1082 1630 1286 1714 καρδία,
1322 1629 1405 1680 καὶ
1439 1634 1573 1716 ψυχῇ
1610 1627 1850 1699 θελούση,
1889 1625 2149 1695 σύμψυχοι,

197 1693 250 1747 τὸ
280 1699 337 1748 ἓν
374 1701 681 1780 φρονοῦντες,
717 1696 921 1747 πάντοτε
958 1695 1015 1747 τὰ
1051 1695 1174 1747 αὐτα
1210 1699 1318 1766 περὶ
1352 1703 1448 1749 τῶν
1484 1697 1644 1749 αὐτῶν
1678 1681 1977 1761 δοξάζοντες,
2015 1698 2067 1749 ε’ν
2100 1718 2149 1749 τε

198 1763 388 1817 ἀνέσει17
426 1765 507 1817 καὶ
541 1763 803 1827 κινδύνοις,
841 1766 925 1816 καὶ
963 1786 1013 1817 εν
1048 1763 1239 1829 λύπαις,
1274 1767 1357 1818 καὶ
1392 1767 1444 1818 ἐν
1479 1774 1773 1856 χαρμοναῖς.
1826 1765 2148 1854 Εὐχαριστῶ18

197 1836 262 1885 τῶ
303 1837 408 1904 Θεῷ
446 1831 528 1885 διὰ
554 1832 716 1899 Ἰησοῦ
755 1838 994 1918 Χριστοῦ,
1030 1832 1104 1884 ότι
1140 1833 1475 1902 εὐσυνείδητός
1512 1839 1607 1902 εἶμι
1641 1837 1693 1888 έν
1740 1834 1881 1903 υμῖν,
1929 1837 2011 1888 καὶ
2059 1834 2149 1888 οὐκ

197 1905 288 1969 ε’χει
336 1924 407 1963 τις
452 1901 818 1969 καυχήσασθαι,
868 1900 976 1954 ούτε
1029 1901 1216 1971 λάθρα,
1253 1903 1362 1955 οὔτε
1398 1911 1645 1988 φανερῶς,
1685 1903 1759 1956 ότι
1795 1903 2010 1990 έβάρησά
2045 1926 2152 1958 τινα

196 1971 255 2059 ἢ
268 1973 319 2024 έν
356 1978 534 2042 μικρῷ,
573 1994 604 2038 η
643 1972 695 2023 έν
729 1969 927 2059 μεγάλῳ.
999 1972 1096 2022 Καὶ
1131 1978 1302 2036 πᾶσιν,
1340 1974 1392 2024 ἐν
1427 1970 1502 2034 οἷς
1538 1971 1764 2040 ἐλάλησα,
1822 1972 2036 2040 εὔχομαι,
2072 1975 2154 2026 ινα

197 2039 262 2109 μὴ
299 2043 368 2103 εἰς
405 2043 670 2110 μαρτυρίαν
705 2039 823 2092 αὐτὸ
861 2058 1142 2108 κτησωνται

335 2145 426 2190 Vll.
488 2140 558 2190 Εἰ
589 2137 678 2227 γὰρ
715 2135 835 2190 κατὰ
871 2135 1023 2205 σάρκα
1058 2139 1130 2204 με1
1165 2135 1418 2223 ἠθέλησάν
1452 2160 1590 2228 τινΗες
1622 2145 1892 2207 πλανῆσαι,
1942 2132 2063 2193 ἀλλὰ
2095 2137 2150 2192 τὸ

197 2205 386 2275 πνεῦμά
434 2228 527 2275 μου
565 2207 625 2260 06
671 2214 934 2261 πλανᾶται·
956 2205 1121 2295 παρὰ
1166 2204 1256 2276 γὰρ
1298 2211 1425 2262 Θεοῦ
1477 2207 1596 2296 6616
1648 2211 1846 2277 εἴληφα·
1897 2206 1998 2262 οἶδε
2042 2209 2147 2279 γὰρ,

198 2276 358 2330 πόθεν
395 2278 573 2364 ε’ρχεται
605 2279 687 2330 καὶ
733 2284 830 2330 ποῦ
867 2276 1062 2364 υπάγει,
1116 2277 1197 2328 καὶ
1246 2276 1305 2328 τὰ
1351 2277 1539 2366 κρυπτὰ
1577 2280 1760 2367 ἐλέγχει.
1828 2278 2150 2368 Ἐκραύγασα

198 2345 329 2415 γάρ,2
368 2344 541 2412 μεταξὺ
578 2341 646 2399 ὧν
682 2346 896 2416 ἐλάλουν,
934 2346 1114 2435 μεγάλη
1151 2353 1314 2417 φωνῇ·
1352 2347 1444 2400 οὐκ
1480 2346 1812 2418 έμὸςὸλόγος,
1849 2347 1968 2401 ἀλλά
1996 2351 2148 2401 Θεοῦ·

207 2422 285 2487 Τῷ
308 2414 567 2502 ἐπισκόπῳ
601 2417 874 2502 προσέχετε,
927 2418 1009 2468 καὶ
1044 2421 1111 2484 τῷ
1145 2419 1468 2503 πρεσβυτερίω
1504 2419 1586 2469 καὶ
1619 2425 1719 2479 τοῖς
1755 2416 2013 2479 διακόνοις.
2084 2419 2155 2469 Εἰ

202 2469 264 2537 δὲ
290 2483 581 2536 ὖποπτεύετέ
617 2507 701 2552 με,
751 2507 818 2546 ως
865 2468 1190 2571 προμαθόντα
1226 2484 1312 2536 τὸν
1346 2485 1581 2573 μερισμόν
1611 2509 1755 2539 τινων
1786 2488 1939 2575 λέγειν
1973 2492 2148 2538 ταῦτα

201 2553 383 2641 μάρτυς
416 2575 524 2621 μοι,
576 2553 644 2605 δι’
687 2553 745 2606 ὃν
782 2555 1002 2621 δέδεμαι,
1040 2553 1116 2606 ότι
1152 2551 1248 2605 ἀπὸ
1287 2553 1520 2620 στόματος
1555 2554 1825 2644 ἀνθριόπου
1861 2555 1951 2610 οὐκ
1986 2557 2150 2625 ἔγνων.

208 2622 274 2676 Τὸ
313 2624 364 2675 δὲ
403 2628 608 2709 Πνεῦμα
645 2622 845 2690 έκήρυξέ
877 2645 959 2690 μοι
993 2623 1149 2710 λέγον3
1186 2621 1321 2674 τάδε
1359 2627 1524 2694 Χωρὶς
1559 2624 1824 2678 ἐπισκόπου
1861 2625 2010 2712 μηδὲν
2044 2647 2151 2678 ποι·

203 2694 339 2746 εῖτε·4
373 2690 461 2759 τὴν
516 2691 670 2781 σάρκα
712 2691 851 2759 ὑμῶν
898 2693 962 2755 ῶς
1005 2690 1126 2745 ναὸν
1167 2696 1293 2744 Θεοῦ
1331 2701 1531 2761 τηρεῖτε·
1583 2692 1671 2761 τὴν
1717 2695 1887 2748 ενωσιν
1922 2693 2149 2782 ἀγαπᾶτε,

200 2761 315 2824 τοὺς
359 2761 618 2850 μερισμούς
673 2760 891 2849 φεύγετε·
954 2762 1151 2829 μιμηταὶ
1204 2764 1400 2830 γίνεσθε
1445 2762 1649 2816 Παύλου
1712 2766 1796 2816 καὶ
1842 2770 1939 2817 τῶν
1999 2762 2152 2817 άλλων

203 2831 498 2894 ἀποστόλων,
537 2854 603 2894 ως
637 2833 720 2885 καὶ
755 2829 893 2883 αὐτοὶ
928 2837 1014 2884 τοῦ
1054 2836 1282 2899 Χριστοῦ.

291 2973 334 3025 7)
364 2971 444 3015 ἐπὶ
474 2975 603 3026 κλίνη
632 2973 750 3027 βιῶν
777 2985 818 3024 p.
858 2970 1146 3014 ἐπικαλεῖται
1293 2972 1361 3025 17)
1395 2970 1547 3015 ἀνεσει
1582 2987 1657 3014 om.
1693 2975 1723 3014 Ο
1744 2975 1785 3014 V.

202 3027 368 3084 Ἐβιών
404 3030 489 3080 ΟΥ,
522 3029 716 3081 ἐπίκλην
741 3027 908 3083 Ἐβιών
937 3030 979 3070 Β.
1295 3028 1364 3081 18)
1397 3026 1683 3086 εὐχαριστῶς
1702 3031 1744 3081 Υ,
1777 3028 2093 3090 εὐχαρτίστῶς
2117 3045 2151 3071 c.

288 3086 331 3138 8)
361 3083 583 3142 ὁμολογεῖ
609 3086 696 3126 ΟΥ.
1207 3083 1315 3137 dupl.
1347 3092 1511 3126 accentu
1543 3085 1587 3127 Ο.

288 3143 331 3193 9)
361 3143 485 3194 λέγει
518 3143 549 3183 Ο
570 3143 612 3182 V.
1291 3141 1385 3193 Cap.
1416 3142 1492 3181 VII.
1555 3140 1596 3192 1)
1625 3140 1715 3198 μὲν
1745 3143 1776 3182 Ο
1802 3143 1843 3183 V.

293 3198 363 3250 10)
397 3198 546 3252 ἑαυτῷ
578 3198 670 3239 ΟΥ.
1293 3197 1395 3251 2)γ
1400 3194 1454 3254 ἀρ
1487 3157 1745 3238 οω.μ.ΒΟΥ

293 3254 361 3304 11)
394 3255 492 3295 Dedi
539 3251 602 3299 ὠς
643 3269 676 3296 c
707 3253 870 3295 BFOV
908 3266 947 3306 p.
985 3249 1147 3306 ὥσπερ
1287 3253 1331 3302 3)
1362 3253 1440 3306 λέγ
1430 3212 1508 3294 ρων
1539 3253 1626 3303 ΟΥ,
1660 3253 1745 3293 illic
1776 3268 1800 3295 ο
1828 3265 1961 3306 supra.

201 3308 278 3350 καὶ
307 3310 410 3361 vulg.
1289 3306 1334 3359 4)
1368 3310 1550 3361 ποιῆτε
1562 3309 1605 3349 Β.

291 3365 362 3417 12)
397 3363 680 3421 ἀνθρωπίαν
709 3365 740 3405 Ο
761 3366 803 3405 V.
873 3372 878 3376 ’

293 3422 361 3473 13)
393 3421 516 3475 λέγει
546 3422 577 3462 Ο
597 3423 639 3462 V.
1293 3418 1336 3469 8)
1366 3419 1504 3458 hebion
1533 3419 1616 3459 Pal.
1648 3420 1740 3469 Reg.

276 3475 362 3529 ’14)
397 3479 583 3518 τίθεται
615 3478 705 3517 ΟΥ.
823 3479 829 3485 ’
1288 3473 1332 3523 9)
1362 3474 1547 3514 christum
1577 3474 1659 3513 Pal.

291 3532 360 3586 15)
391 3533 540 3579 οἰκίας
575 3533 607 3573 Ο
628 3534 678 3583 V,
716 3533 801 3574 illic
844 3536 1069 3572 correctum
1107 3528 1147 3568 in
1293 3528 1361 3580 10)
1396 3531 1462 3580 qui
1491 3530 1574 3569 Pal.
1605 3530 1698 3579 Reg.

204 3587 308 3637 vulg.
1292 3583 1365 3637 11)
1395 3584 1676 3637 Voec.propter
1694 3587 1798 3637 quod
1819 3587 2032 3627 inhabitare
2046 3587 2150 3628 dici-

290 3641 359 3696 16)
389 3639 727 3698 ἔξασθενήσετε
757 3644 788 3685 Ο
808 3644 849 3683 Υ.
1201 3654 1285 3683 mas
1316 3640 1437 3680 Deum
1467 3642 1508 3680 in
1539 3653 1698 3692 corpore
1731 3643 1873 3683 desunt
1901 3643 1942 3682 in
1973 3642 2056 3684 Pal.
