2340 3900
480 650 594 721 DE
646 646 964 722 HERMA
1015 647 1372 724 GRAECO
1424 649 1868 724 LlPSlENSI.

334 841 536 891 Constat
587 840 714 890 inter
759 841 888 891 viros
936 842 1134 902 doctoS‚
1183 842 1276 891 duo
1324 842 1544 919 inprimis
1591 841 1783 892 codices
1830 858 1857 891 a
1902 840 2152 891 Simonide

196 908 413 974 Symensi
449 908 644 974 Lipsiae
676 924 829 975 nuper
864 908 1079 975 prolatos
1117 926 1223 960 esse
1260 910 1339 976 qui
1378 911 1637 960 multorum
1674 909 2043 960 admirationem
2069 925 2151 960 ex-

195 978 422 1037 citarent,
465 979 589 1028 alte1
592 993 672 1027 um
710 978 871 1028 Uranii
907 977 1294 1043 palimpsestum‚
1340 980 1543 1029 alterum
1577 978 1795 1028 Pastoris
1830 978 2036 1028 Hermae
2072 977 2152 1044 qui

194 1045 380 1096 dicitur.
451 1046 610 1124 Atque
645 1045 778 1096 illum
815 1046 1030 1124 quidem,
1074 1062 1173 1096 non
1210 1047 1441 1097 mediocri
1476 1046 1680 1096 artificio
1717 1047 1784 1096 ita
1821 1051 2151 1111 comparatum

192 1122 246 1165 ut
279 1114 410 1165 viros
445 1115 711 1181 scripturae
751 1115 957 1165 Graecae
1000 1115 1050 1164 in
1087 1115 1380 1166 membranis
1414 1115 1762 1180 antiquissimis
1795 1114 2035 1166 adhibitae
2069 1120 2149 1164 to-

193 1183 381 1249 tiusque
416 1184 486 1234 rei
523 1184 943 1249 palaeographicae
979 1184 1136 1248 paullo
1173 1183 1499 1248 imperitiores
1533 1184 1821 1250 aliquamdiu
1857 1183 2062 1244 falleret,
2097 1189 2152 1232 ut

191 1252 403 1318 primum
451 1252 593 1302 nobis
640 1252 801 1302 videre
850 1252 1078 1317 contigit,
1119 1268 1209 1317 pro
1255 1253 1425 1302 formis
1472 1253 1738 1303 litterarum
1775 1253 1899 1303 male
1934 1251 2063 1302 inter
2099 1267 2151 1302 se

193 1320 355 1371 mixtis
398 1337 454 1371 ac
501 1320 805 1371 membranae
851 1320 1037 1371 ratione
1083 1337 1110 1370 a
1145 1320 1281 1370 libris
1316 1320 1641 1387 palimpsestis
1678 1321 1832 1388 iisque
1867 1319 2151 1388 antiquissi-

194 1388 287 1439 mis
336 1389 514 1439 mirum
555 1389 605 1439 in
653 1389 849 1439 modum
885 1389 1072 1439 diversa
1107 1389 1209 1439 sine
1245 1390 1338 1438 ulla
1373 1390 1667 1440 dubitatione
1701 1390 1874 1439 falsum
1909 1405 2019 1440 esse
2056 1389 2147 1439 do-

192 1458 390 1508 cuimus.
461 1459 591 1519 Quae
636 1474 716 1508 res
759 1474 786 1507 a
820 1457 988 1518 nobiS,
1037 1458 1115 1523 qui
1164 1458 1378 1507 omnium
1423 1458 1514 1508 soli
1550 1458 1742 1508 codices
1777 1459 1988 1508 Graecos
2023 1457 2150 1508 anti-

193 1526 454 1592 quissimos
502 1526 552 1576 in
598 1526 751 1592 iisque
786 1526 1126 1591 palimpsestos
1164 1527 1242 1593 qui
1288 1534 1544 1594 supersunt
1577 1527 1718 1592 longe
1751 1527 2008 1593 plerosque
2042 1525 2151 1576 ubi-

194 1612 284 1662 que
321 1602 559 1645 terrarum
592 1594 963 1660 perquisivimus
1002 1602 1050 1645 et
1086 1611 1195 1645 cum
1232 1595 1390 1645 studio
1428 1596 1750 1656 tractavimuS‚
1785 1595 1926 1646 aliter
1960 1611 2023 1645 ne
2056 1610 2150 1660 po-

194 1663 284 1714 tuit
330 1664 522 1729 quidem
571 1663 700 1723 fieri,
747 1679 901 1728 neque
953 1663 1129 1727 opinor
1180 1679 1402 1729 magnam
1437 1665 1625 1714 laudem
1661 1664 1815 1714 habet.
1885 1664 1941 1714 In
1974 1663 2151 1714 Herma

193 1732 305 1783 vero
360 1748 560 1797 magnus
620 1732 697 1782 ille
755 1732 922 1781 artifex
969 1732 1216 1797 Symensis
1271 1732 1363 1782 alio
1409 1733 1588 1782 fraudis
1637 1733 1784 1783 modo
1826 1734 2017 1783 functus
2060 1734 2150 1782 est.

193 1801 344 1851 Huius
379 1801 507 1851 enim
542 1806 698 1850 textus
736 1816 882 1867 quum
917 1799 1158 1850 minorem
1191 1807 1378 1866 partem
1416 1801 1569 1852 tribus
1602 1801 1729 1851 foliis
1759 1801 2024 1852 chartaceis
2042 1815 2148 1851 sae-

194 1870 285 1920 culi
321 1870 419 1919 fere
456 1868 629 1919 decimi
666 1869 819 1934 quarti
858 1885 913 1918 ex
949 1868 1077 1918 Atho
1114 1875 1281 1918 monte
1315 1870 1581 1934 attulisset,
1623 1869 1857 1919 maiorem
1892 1885 1975 1919 sua
2006 1885 2150 1919 manu

194 1938 365 1988 eodem
411 1938 461 1987 in
507 1943 673 1987 monte
716 1937 1073 2002 exscripsisset‚
1123 1944 1349 2002 utrasque
1392 1937 1510 1987 istas
1545 1938 1784 2003 pretiosas
1818 1937 1929 1988 libri
1963 1937 2149 2004 pretio-

194 2006 375 2056 sissimi
415 2005 640 2070 reliquias
690 2006 894 2055 Graecas
938 2011 991 2054 ut
1034 2006 1262 2054 venderet
1297 2012 1437 2070 atque
1472 2007 1532 2054 ad
1568 2007 1804 2055 edendum
1841 2006 2032 2057 cederet
2064 2021 2149 2056 ro-

192 2081 349 2140 gatus,
396 2074 642 2123 consensit
689 2073 906 2140 quidem,
955 2073 1039 2122 sed
1075 2079 1266 2137 praeter
1294 2074 1386 2122 tria
1421 2074 1499 2122 illa
1530 2074 1720 2139 antiqua
1754 2074 1867 2124 folia
1902 2089 2003 2124 non
2049 2082 2149 2124 tra-

193 2142 335 2204 didit,
370 2158 458 2192 nec
494 2142 702 2207 emptori
747 2158 835 2191 nec
882 2141 1081 2203 editori,
1117 2141 1211 2190 nisi
1248 2157 1366 2207 quae
1400 2143 1458 2192 de
1496 2141 1772 2207 apographo
1810 2158 1896 2194 suo
1937 2142 1988 2192 in
2022 2142 2150 2193 Atho

193 2218 358 2262 monte
422 2212 640 2261 confecto
692 2226 858 2260 rursus
915 2210 1106 2275 Lipsiae
1159 2210 1429 2261 incredibili
1484 2211 1684 2276 perfidia
1741 2211 2152 2278 transscripserat.

195 2280 337 2331 Cuius
389 2280 467 2329 ille
512 2279 582 2328 rei
631 2280 746 2329 duas
793 2279 998 2328 maxime
1046 2295 1237 2328 caussas
1285 2279 1462 2329 habuit.
1543 2280 1697 2340 Quum
1736 2280 1866 2330 enim
1900 2280 2151 2331 materiem

195 2349 449 2414 quaerebat
500 2347 611 2396 novi
657 2347 838 2411 codicis
886 2348 1091 2397 Hermae
1136 2347 1435 2413 Palimpsesti
1483 2348 1718 2413 fingendi,
1767 2364 1909 2414 quem
1957 2349 2151 2414 quidem

194 2432 356 2466 revera
391 2415 522 2466 brevi
557 2422 671 2481 post
709 2431 935 2466 successu
970 2416 1073 2481 pari
1110 2417 1208 2466 fere
1244 2424 1385 2482 atque
1421 2417 1615 2466 audacia
1650 2417 1702 2466 in
1736 2417 1892 2467 lucem
1922 2416 2151 2482 protulit3

194 2492 297 2535 tum
333 2501 447 2535 vero
483 2484 855 2549 praevidendum
896 2485 986 2534 sibi
1017 2485 1213 2550 putabat
1244 2501 1318 2547 ne,
1355 2501 1473 2551 quae
1511 2485 1722 2551 suspicio
1758 2485 2013 2551 Rudolpho
2049 2485 2150 2535 An-

194 2570 278 2619 ger
325 2553 427 2602 viro
472 2553 756 2603 doctissimo
801 2553 995 2602 suborta
1033 2560 1156 2614 erat,
1206 2554 1385 2606 Graeca
1421 2554 1494 2603 sui
1531 2553 1713 2604 codicis
1749 2571 1775 2603 e
1811 2554 1995 2604 Latinis
2032 2570 2151 2604 con-

192 2638 329 2672 versa
377 2621 698 2672 crederentur.
767 2622 1027 2686 Propterea
1075 2622 1299 2688 quicquid
1336 2621 1662 2687 suspicionem
1697 2622 1934 2673 eiusmodi
1970 2623 2151 2673 confir-

195 2698 434 2748 maturum
470 2690 716 2739 videbatiu‘
750 2689 899 2740 libere
935 2691 1162 2752 correxit,
1206 2692 1342 2741 locos
1391 2691 1487 2740 iam
1534 2690 1592 2740 ab
1637 2691 1846 2757 antiquis
1897 2691 2152 2757 scriptori-

194 2759 306 2820 buS‚
355 2765 408 2808 ut
453 2759 720 2819 Clemente,
771 2765 824 2808 ut
870 2758 1096 2822 Origene,
1142 2766 1196 2809 ut
1230 2767 1427 2810 auctore
1462 2760 1717 2810 Doctrinae
1752 2760 1812 2809 ad
1845 2759 2152 2822 Antiochum,

195 2827 374 2877 Graece
421 2827 590 2876 allatos
638 2827 704 2876 ita
753 2827 1025 2877 retractavit
1069 2834 1122 2876 ut
1171 2844 1309 2878 suum
1359 2835 1540 2878 textum
1590 2829 1649 2878 ad
1694 2834 1854 2878 vetera
1887 2829 2152 2894 fragmenta

195 2897 546 2957 conformaret,
594 2896 785 2945 lacunas
833 2894 1001 2944 Graeci
1048 2902 1204 2946 textus
1252 2897 1423 2947 collato
1463 2898 1634 2947 Latino
1669 2903 1885 2963 repertas
1919 2897 2023 2962 ipsa
2057 2897 2151 2946 La-

195 2964 295 3013 tina
340 2970 531 3014 vertens
579 2963 803 3029 explevit,
875 2963 964 3012 alia
1013 2963 1215 3030 denique
1262 2966 1409 3015 multa
1456 2966 1578 3015 mira
1622 2966 1892 3016 temeritate
1940 2965 2152 3016 mutavit.

195 3033 376 3093 Quibus
413 3033 471 3082 de
506 3032 664 3093 rebuS,
700 3039 748 3082 et
782 3032 841 3081 ad
876 3032 1047 3081 falsum
1082 3033 1309 3083 Uranium
1346 3040 1394 3083 et
1429 3035 1488 3083 ad
1521 3035 1750 3084 Hermam
1783 3035 2003 3084 falsatum
2037 3050 2151 3100 per—

196 3100 470 3162 tinentihUS,
499 3101 742 3166 imprimis
778 3100 857 3166 qui
894 3101 1070 3150 factum
1107 3101 1169 3150 sit
1202 3108 1256 3151 ut
1291 3102 1526 3151 Simonidi
1560 3103 1738 3152 dudum
1772 3104 1958 3152 famoso
1993 3108 2152 3152 tantae

197 3176 387 3234 tamque
420 3169 700 3234 multiplicis
734 3169 943 3219 fallaciae
979 3169 1113 3219 locus
1150 3170 1366 3231 daretur,
1416 3186 1561 3247 quum
1609 3187 1635 3220 a
1680 3170 1821 3221 nobis
1856 3170 1978 3219 mira
2014 3169 2150 3219 inso'-

196 3237 340 3287 lentia
376 3237 626 3300 lacessitiS,
664 3244 768 3288 tum
803 3237 860 3287 ab
895 3236 1161 3287 Alexandro
1198 3238 1428 3316 Lycurgo,
1464 3238 1630 3289 iuvene
1668 3240 1812 3289 docto
1850 3237 2153 3315 optimaeque

198 3305 323 3369 spei,
372 3306 673 3356 celeberrimi
711 3305 874 3356 herois
908 3306 1066 3370 prole,
1103 3305 1219 3355 satis
1256 3306 1524 3370 expositum
1559 3314 1633 3358 est
1668 3306 1777 3356 ahbl
1789 3305 1840 3370 ¹)
1910 3305 2009 3371 Ipsi
2045 3306 2152 3372 qui-

313 3481 352 3532 1)
385 3482 442 3522 Cf.
482 3483 781 3534 Enthullungen
820 3482 919 3522 siber
959 3481 1035 3522 den
1075 3481 1637 3522 Simonides-Dindorrschen
1678 3482 1861 3523 Uranios.
1922 3482 2066 3524 Zweite
2104 3496 2150 3524 zu

199 3538 327 3578 einem
359 3537 725 3579 Geschichtsabriss
757 3539 856 3578 iiber
888 3537 1135 3587 Simonides,
1169 3537 1245 3577 den
1275 3538 1523 3578 Hermastext
1564 3538 1647 3577 und
1685 3538 1756 3578 das
1786 3538 2153 3589 Leipzig-Berliner

198 3592 435 3644 Palimpsest
475 3593 719 3644 erweiterte,
763 3593 886 3635 sowie
923 3593 996 3633 mit
1031 3593 1240 3634 Berichten
1282 3593 1364 3633 und
1394 3593 1806 3645 palaeographischen
1837 3593 2151 3645 Erlauterungen
