2340 3900
196 196 262 245 86
514 194 545 239 1.
580 192 886 239 CLEMENTIS
926 191 995 237 AD
1036 190 1158 242 COR.
1211 192 1394 241 XXXIX.
1432 193 1517 239 XL.
1558 192 1661 238 XLI.
1699 192 1824 237 XLII.

197 323 550 386 ὑπακούσεται,
584 321 617 389 ἢ
655 323 703 373 εἴ
729 343 834 373 τινα
870 318 1020 390 ἆγίων
1054 320 1261 392 ἀγγέλων
1297 321 1446 412 όψῃὸ·
1484 323 1567 374 καὶ
1599 320 1690 406 γὰρ
1726 318 1920 407 άφρονα
1956 317 2143 388 ἀναιρεῖ

199 393 345 464 ὀργὴ,
381 391 743 478 πεπλανημένον
778 390 831 442 δὲ
865 398 1077 443 θανατοῖ
1108 397 1260 479 ζῆλος.
1326 376 1455 478 Ἐγὼ
1492 391 1544 442 δὲ
1580 389 1766 458 ἑώρακα
1807 387 2027 475 άφρονας
2073 391 2165 456 ῤ’ί-’

199 470 278 526 ζας
313 460 562 547 βαλόντας,
599 458 700 511 ἀλλ’
742 458 928 522 εὐθέως
964 414 1161 529 ἐβρώθη
1200 459 1359 514 αὐτῶν
1394 483 1425 526 η
1465 462 1635 511 δίαιτα
1709 455 1894 541 Πόῤῥω
1925 457 2142 544 γένοιντο

201 533 252 583 οἱ
298 531 395 581 υἱοὶ
440 527 600 581 αὐτῶν
645 526 741 581 άπὸ
794 532 1051 616 σωτηρίας·
1105 532 1539 617 κολαβρισθείησαν
1577 528 1654 579 ἐπὶ
1689 525 1870 616 θύραις
1906 524 2143 593 ησσόνων,

199 600 282 651 καὶ
330 596 422 650 οὐκ
464 599 595 650 ἔσται
643 595 672 649 6
716 597 1078 687 ἐξαιρούμενος·
1129 621 1160 650 α
1212 597 1302 668 γὰρ
1352 599 1550 658 ἐκείνοις
1607 595 1915 663 ἡτοίμασται,
1965 597 2146 648 δίκαιοι

201 669 413 736 ἔδονται
448 665 587 719 αὐτοὶ
623 666 674 719 δὲ
710 668 763 719 ἐκ
797 674 962 721 κακῶν
994 667 1086 721 οὐκ
1120 669 1347 737 ἐξαίρετοι
1382 668 1613 720 ε’σονται.“

444 811 531 857 XL.
599 812 844 861 Servemus
879 815 1085 861 ordinem
1115 815 1165 859 in
1201 814 1392 859 ecclesia
1429 828 1459 858 a
1497 812 1594 856 Deo
1626 812 1895 856 institutum.

339 899 626 989 ΠροδήλωνῙ
661 921 752 952 ουν
784 900 903 984 ημῖν
938 900 1091 955 όντων
1125 900 1320 963 τούτων,
1359 900 1441 952 καὶ
1475 895 1792 984 ἐγκεκυφότες
1812 900 1881 960 εἰς
1904 895 1963 950 τὰ
1984 897 2147 983 βάθη2

199 975 287 1036 τῆς
329 972 472 1031 θείας
515 968 757 1058 γνώσεως,
802 969 977 1023 πάντα3
1023 970 1152 1033 τάξει
1197 976 1355 1022 ποιεῖν
1405 967 1686 1034 ὀφείλομεν,
1723 967 1814 1020 όσα
1850 965 1877 1020 6
1914 965 2150 1054 δεσπότης

199 1039 428 1090 ἐπιτελεῖν
465 1039 797 1105 ε’[κέλ]ευ[σε]ν
830 1039 952 1092 κατὰ
986 1038 1185 1108 καιροὺς
1211 1038 1558 1128 τεταγμένους.
1636 1034 1734 1097 Τάς
1774 1056 1822 1088 τε
1866 1034 2152 1106 προσφορὰς

199 1108 282 1159 καὶ
318 1111 624 1197 λειτουργίας
648 1109 992 1174 ἐπιτελεῖσθαι,
1031 1110 1112 1162 καὶ
1170 1106 1262 1160 οὐκ
1307 1110 1410 1173 εἰκῆ
1445 1130 1476 1173 η
1531 1103 1745 1167 ἀτάκτως
1793 1106 2037 1159 ἐκέλευσεν
2081 1107 2145 1174 γί-

201 1184 401 1240 νεσθαι,
436 1176 543 1230 ἄλλ’
585 1175 865 1246 ωρισμένοις
888 1186 1085 1266 καιροῖς
1119 1178 1200 1229 καὶ
1248 1177 1408 1262 ὥραις.
1482 1177 1596 1227 Ποῦ
1641 1195 1690 1226 τε
1742 1176 1825 1227 καὶ
1880 1173 1963 1227 διὰ
2005 1177 2151 1227 τίνων

202 1247 524 1299 ἐπιτελεῖσθαι
571 1247 734 1311 θέλει,
789 1246 935 1311 αὐτὸς
983 1248 1153 1334 ὥρισεν
1201 1253 1259 1318 τῆ
1307 1243 1547 1333 ὑπερτάτη
1594 1242 1744 1296 αὐτοῦ
1790 1243 2046 1328 βουλησει,
2077 1241 2149 1296 ιν’

202 1313 348 1376 ὁσίως
382 1314 540 1368 πάντα
573 1314 633 1367 τὰ
666 1315 894 1386 γινόμενα
930 1319 981 1369 ἐν
1018 1299 1269 1382 εὐδοκήσει
1305 1298 1629 1400 ευπρόσδεκτα
1677 1315 1750 1380 εἰἠ
1796 1320 1863 1400 τῷ
1913 1311 2153 1400 θελήματι

200 1382 514 1437 αυτοῦ.οἱ
541 1405 632 1437 ουν
667 1393 769 1447 τοῖς
802 1386 1224 1471 προστεταγμένοις
1257 1391 1443 1452 καιροῖς
1476 1388 1728 1444 ποιοῦντες
1761 1367 1846 1444 τὰς
1869 1380 2154 1469 προσφορὰς

202 1451 386 1516 αὐτῶν,
422 1452 761 1521 εὗπρόσδεκτοί
794 1477 842 1508 τε
882 1457 962 1507 καὶ
1000 1452 1254 1523 μακάριοι·
1291 1461 1390 1515 τοῖς
1423 1452 1515 1542 γὰρ
1551 1454 1773 1519 νομίμοις
1801 1458 1889 1506 τοῦ
1915 1449 2153 1506 δεσπότου

203 1521 594 1585 ἀκολουθοῦντες
629 1523 688 1576 οὗ
725 1525 1144 1613 διαμαρτάνουσιν.
1217 1529 1294 1594 Τῷ
1333 1521 1422 1610 γὰρ
1459 1522 1666 1618 ἀρχιερεῖ
1698 1523 1819 1574 ἴδιαι
1864 1524 2155 1592 λειτουργίαι

203 1592 456 1659 δεδομέναι
490 1594 635 1656 εἰσὶν,
671 1594 753 1646 καὶ
800 1602 901 1656 τοῖς
954 1597 1158 1663 ἱερεῦσιν
1202 1579 1328 1654 ἴδιος
1379 1591 1407 1644 6
1453 1591 1618 1653 τόπος”ι
1662 1592 2028 1660 προστέτακται,
2072 1591 2156 1644 καὶ

204 1665 413 1723 λευΐταις
448 1664 571 1714 ἴδιαι
604 1665 847 1716 διακονίαι
885 1665 1168 1717 ἐπίκεινται·
1207 1660 1236 1715 6
1271 1660 1457 1724 λαϊκός5
1512 1660 1776 1731 άνθρωπος
1819 1668 1922 1724 τοῖς
1967 1667 2156 1723 λαϊκοΐς

203 1729 563 1801 προστάγμασιν
599 1733 795 1785 δέδεται.

932 1851 1037 1896 XLI.
1107 1850 1413 1896 Continualio.

329 1935 576 1998 Ι’Έκαστος
611 1935 773 2003 υμῶν,
813 1937 1042 2004 ἀδελφοὶ,
1090 1939 1141 1990 ἐν
1174 1943 1241 2023 τῷ
1280 1940 1388 2008 ἰδίῳ
1423 1936 1624 2005 τάγματι
1660 1934 1988 2023 εὐχαριστείτω
2029 1938 2152 2006 Θεῶ,

208 2006 261 2055 ἐν
297 2003 466 2075 ἀγαθῇ
518 2005 789 2092 συνειδήσει
815 2006 1079 2092 υπάρχων,
1130 2004 1194 2072 μὴ
1241 2009 1577 2093 παρεκβαίνων
1626 2003 1711 2056 τὸν
1760 2003 2026 2071 ωρισμένον
2072 2026 2158 2070 της

203 2076 498 2161 λειτουργίας
519 2073 670 2126 αὐτοῦ
706 2074 904 2140 κανόνα,
944 2078 995 2128 ἐν
1032 2074 1430 2160 σεμνότητι.οὐ
1457 2080 1720 2162 πανταχοῦ,
1757 2073 1976 2139 άδελφοι,
2012 2090 2157 2141 προσ-

204 2142 431 2210 φέρονται
478 2145 655 2195 θυσίαι
698 2145 1027 2231 ἐνδελεχισμοῦ
1086 2142 1119 2211 ἢ
1168 2142 1319 2231 εὐχῶν
1366 2141 1398 2210 ἢ
1445 2145 1554 2206 περὶ
1605 2141 1837 2210 ἁμαρτίας
1888 2163 1971 2194 και
2004 2148 2155 2210 πλημ-

205 2214 385 2278 μελίας,
423 2211 524 2263 ἀλλ’
552 2211 586 2300 η’
618 2214 669 2265 ἐν
702 2211 1005 2282 Ἱερουσαλημ
1034 2212 1184 2285 μόνῃ·
1220 2211 1365 2265 κάκεῖ
1395 2212 1447 2264 δὲ
1481 2212 1570 2264 οὐκ
1608 2212 1660 2264 ἐν
1688 2212 1832 2263 παντὶ
1858 2209 1990 2284 τόπῳ
2011 2229 2155 2280 προσ-

205 2281 426 2347 φέρεται,
483 2278 585 2333 ἀλλ’
639 2283 914 2350 ἔμπροσθεν
960 2290 1047 2336 τοῦ
1104 2289 1228 2335 ναοῦ
1264 2280 1409 2369 πρὸς
1457 2281 1511 2334 τὸ
1559 2279 1939 2350 θυσιαστήριον,
1999 2302 2158 2349 μωμο-

204 2349 454 2415 σκοπηθὲν
489 2348 543 2401 τὸ
580 2351 975 2439 προσφερόμενον
1009 2350 1090 2404 διὰ
1127 2357 1212 2403 τοῦ
1253 2349 1520 2420 ἀρχιερέωςῙ
1557 2372 1638 2401 και
1674 2357 1770 2402 τῶν
1799 2351 2158 2438 προειρημένων

206 2421 650 2505 λειτουργῶν.οἷ
678 2441 769 2472 ουν
800 2420 932 2507 παρὰ
985 2419 1038 2473 τὸ
1077 2426 1305 2487 καθηκον
1340 2427 1426 2486 τῆς
1458 2419 1736 2507 βουλήσεως
1771 2417 1926 2471 αυτοῦ
1961 2426 2158 2472 ποιοῦν-

203 2487 279 2548 τές
312 2507 373 2550 τι,
411 2485 630 2540 θάνατον
663 2487 716 2540 τὸ
753 2489 1025 2576 πρόστιμον
1051 2491 1252 2557 ε’χουσιν.
1322 2487 1526 2575 Ορατε,2
1565 2487 1782 2554 ἀδελφοὶ,
1821 2488 1919 2560 όσῳ
1938 2491 2159 2552 πλείονος

204 2554 576 2623 κατηξιώθημεν
609 2556 841 2626 γνώσεως,
877 2557 1092 2631 τοσούτῳ
1127 2564 1308 2626 μᾶλλον
1343 2555 1648 2624 ὖποκείμεθα
1682 2546 1907 2610 κινδύνω.

204 2687 328 2733 XLII.
400 2688 526 2734 Ordo
564 2690 878 2736 ‘ministrorum
924 2693 975 2736 in
1012 2691 1205 2736 ecclesia
1241 2705 1270 2735 a
1309 2690 1484 2736 Christo
1523 2691 1824 2736 constitutus·
1809 2723 1823 2747 ,
1862 2690 2080 2751 Episcopi
2117 2697 2158 2736 et

776 2773 979 2819 Diaconi
1008 2774 1067 2819 ab
1106 2772 1330 2833 Apostolis
1368 2772 1586 2818 ordinali.

350 2858 415 2909 Οἷ
447 2854 706 2911 ἀπόστολοι
735 2857 853 2926 ἡμῖν
889 2858 1319 2948 εὖηγγελίσθησανῙ
1358 2858 1454 2912 άπὸ
1501 2866 1587 2911 τοῦ
1623 2862 1799 2947 κυρίου
1837 2858 1998 2947 Ἰησοῦ
2039 2866 2156 2949 Χρι-

205 2932 347 2990 στοῦ,
387 2925 580 2993 Ἰησοῦς
613 2926 640 2980 6
679 2927 889 2996 Χριστὸς
925 2928 1021 2981 ἀπὸ
1055 2936 1143 2982 τοῦ
1185 2933 1326 2981 Θεοῦ.
1394 2927 1711 2997 Ἐξεπέμφθη
1751 2927 1780 2982 6
1819 2927 2031 2999 Χριστὸς
2067 2924 2158 2982 οὖν

293 3067 337 3118 5)
367 3062 475 3119 ὄψει
513 3068 646 3109 Iunius
679 3075 718 3110 et
747 3069 798 3109 al.
1207 3070 1326 3110 Non'
1318 3083 1474 3121 ignoro,
1507 3071 1712 3121 quomodo
1736 3083 1810 3121 per
1830 3071 1995 3122 figuram
2031 3083 2157 3123 quan-

292 3123 387 3176 Cap.
423 3125 501 3165 XL.
565 3124 606 3177 l)
636 3125 715 3165 Csr.
760 3125 881 3165 Clem.
924 3126 1029 3166 Alex.
1064 3126 1090 3165 l.
1122 3126 1147 3166 l.
1208 3126 1297 3165 dam
1329 3125 1651 3176 grammaticam,
1693 3126 1877 3166 adductis
1919 3126 2156 3178 quibusdam

204 3192 245 3232 p.
285 3181 379 3220 613.
1208 3182 1397 3232 exemplis
1437 3180 1490 3231 (e.
1531 3194 1566 3232 g.
1598 3181 1757 3233 Ioseph.
1786 3182 1917 3234 Antiq.
1951 3181 2024 3231 111,
2074 3182 2156 3227 10.)

294 3235 339 3288 2)
369 3237 481 3276 Rom.
515 3236 578 3286 11,
611 3237 679 3277 33.
1208 3243 1404 3277 conentur
1433 3237 1540 3277 istud
1564 3237 1727 3277 eludere
1759 3237 1831 3276 viri
1854 3237 2015 3289 quidam
2047 3237 2155 3278 docti

294 3292 338 3342 3)
372 3292 387 3331 l
421 3291 511 3332 Cor.
546 3293 609 3342 14,
634 3293 702 3333 40.
1205 3292 1435 3344 (Lardner),
1471 3293 1537 3344 qui
1575 3293 1624 3332 ad
1655 3292 1869 3332 Domitiani
1901 3298 1968 3332 aut
1999 3292 2156 3333 Traiani

288 3346 333 3396 4)
364 3348 393 3386 Ι.
426 3361 459 3387 e.
494 3348 594 3388 ordo
609 3348 712 3389 sacri
734 3347 955 3396 ministerii,
987 3353 1029 3388 ut
1047 3347 1149 3388 infra
1206 3348 1415 3399 imperium
1437 3354 1603 3388 aetatem
1635 3348 1750 3387 huius
1774 3347 1970 3398 epistolae
2003 3349 2156 3388 referre

206 3416 240 3442 c.
274 3403 340 3442 44.
378 3408 416 3442 et
460 3404 566 3454 apud
598 3405 719 3455 ignat.
759 3405 810 3443 ad
851 3403 987 3454 Polyc.
1034 3417 1066 3443 c.
1101 3405 1150 3453 1.,
1207 3404 1370 3444 malunt
1435 3405 1596 3452 Verum,
1647 3403 1686 3442 ni
1732 3402 1871 3453 fallor,
1926 3403 2155 3456 neutiquam

205 3458 255 3497 ad
287 3459 441 3509 Smyrn.
477 3472 510 3498 c.
532 3460 570 3499 6.
632 3460 862 3512 Cfr.Polyc.
894 3459 943 3498 ad
974 3459 1148 3511 Philipp.
1205 3466 1297 3499 sunt
1327 3459 1473 3498 similia
1503 3459 1551 3500 ab
1583 3434 1664 3498 i’llis
1698 3459 1816 3498 allata
1850 3458 2029 3510 exempla
2062 3459 2155 3500 huic
2176 3496 2185 3513 s

206 3526 238 3552 c.
274 3513 336 3553 11.
386 3514 466 3554 Jao.
524 3515 581 3554 Ex
619 3516 697 3556 hoc
737 3515 866 3567 capite
897 3520 936 3555 et
965 3515 1146 3566 sequenti
1204 3521 1281 3554 tam
1301 3514 1531 3566 simpl1c1et
1550 3514 1765 3555 historicae
1788 3509 2155 3579 Οἰοωθηιίερήσει.

207 3568 421 3618 colligitur,
454 3570 676 3620 Epistolam
708 3577 886 3612 nostram
917 3576 1044 3610 stante
1074 3571 1146 3610 ad-
1202 3571 1312 3621 Frey.
1370 3572 1459 3610 Non
1496 3583 1641 3621 negare
1685 3582 1872 3622 possum,
1909 3570 1951 3610 V.
1983 3569 2026 3610 T.
2066 3570 2153 3610 hie-

205 3623 282 3662 huc
297 3624 446 3675 templo
464 3625 828 3679 Hierosolymitano
840 3626 1030 3678 scriptam
1049 3638 1149 3667 esse.
1207 3625 1403 3666 rarchiam
1437 3639 1538 3678 quae
1566 3631 1731 3667 vocatur
1761 3626 1799 3666 h.
1824 3625 1850 3666 l.
1881 3625 1931 3665 ad
1962 3625 2154 3666 christia-
