2340 3900
540 201 752 249 mmm
788 200 1060 249 EPISTOLA
1094 204 1165 249 An
1202 202 1484 250 EPHESIOS.
1531 201 1601 249 lv.
1636 201 1687 253 V.
1725 202 1796 250 vl.
2046 201 2142 251 125

179 346 415 408 episcopo,
446 346 499 388 ut
531 338 732 387 chordae
770 339 985 386 citharae.
1055 340 1250 402 Propter
1288 342 1378 389 hoc
1415 343 1461 389 in
1499 355 1730 389 consensu
1764 346 1917 389 vestro
1954 346 1999 387 et
2035 355 2145 388 con-

177 413 307 460 cordi
337 411 561 458 charitate
596 408 727 455 lesus
759 407 966 455 Christus
1003 411 1195 456 canitur.
1244 411 1335 458 Sed
1373 419 1419 458 et
1454 425 1536 459 vos
1572 411 1738 474 singuli
1777 411 1947 458 chorus
1982 416 2144 468 estote,

173 489 225 529 ut
260 479 453 528 consoni
487 492 572 540 per
616 478 935 535 concordiam,
981 478 1127 525 melos
1165 480 1245 526 Dei
1301 481 1578 541 recipientes
1628 482 1674 527 in
1710 481 1907 539 unitate,
1958 481 2145 527 cantetis

170 563 283 598 voce
319 563 409 595 una
443 562 530 610 per
563 548 713 595 lesum
749 546 976 594 Christum
1013 548 1157 604 Patri3
1194 563 1302 608 -quo
1351 557 1397 595 et
1431 564 1511 596 vos
1549 551 1715 608 audiat,
1753 557 1799 598 et
1834 555 2054 613 agnoscat
2089 563 2143 597 ex

169 621 228 667 iis
275 632 392 680 quae
439 617 558 664 hene
594 617 874 679 operamini,
929 616 1136 664 membra
1171 630 1275 663 esse
1324 633 1406 665 vos
1443 619 1542 664 Filii
1597 621 1756 682 ipsius·
1827 620 1942 667 Utile
1991 620 2142 681 itaque

173 695 259 746 est,
290 689 337 735 in
384 686 667 734 immaculata
703 688 875 733 unitate
905 700 985 733 vos
1023 700 1141 743 esse,
1181 692 1231 732 ut
1267 694 1312 734 ct
1349 702 1531 749 semper
1560 690 1844 752 participetis
1881 690 1987 737 Beo.

169 815 231 861 ita
257 819 518 875 cooptatum
554 819 627 860 est
661 813 985 875 consentitque
1010 812 1255 874 Episcop0,
1294 818 1343 859 ut
1380 813 1581 862 chordae
1615 817 1704 877 ipsi
1737 816 1951 863 citharae.
1998 813 2141 877 Prop-

168 890 294 931 terea
329 884 376 930 in
412 889 565 930 vestro
603 880 833 930 constssisu
868 888 915 929 et
949 881 1172 930 concordi
1209 882 1428 929 charitate
1451 883 1579 931 lesus
1604 885 1810 933 Christus
1849 885 2048 943 canitur,
2096 892 2142 931 et

172 953 340 1015 singuli
375 953 546 1014 quique
599 966 742 1000 unum
793 952 928 999 simul
963 952 1155 999 chorum
1194 951 1484 1006 constituite,
1533 961 1584 1000 ut
1621 956 1848 1001 communi
1886 956 2140 1003 animorum

172 1029 400 1070 concentu
436 1036 644 1070 consono
671 1022 841 1070 Christi
878 1022 1066 1069 chroma
1105 1022 1150 1068 in
1186 1021 1357 1068 unitate
1396 1023 1674 1084 accipientes
1712 1025 1883 1072 canatis
1906 1039 1998 1072 una
2031 1037 2140 1071 voce

169 1106 255 1154 per
291 1091 440 1139 lesum
477 1091 710 1139 Christum
747 1091 885 1138 Patri.
951 1091 1152 1139 Proinde
1189 1090 1296 1139 utile
1333 1098 1417 1150 est,
1456 1106 1536 1139 vos
1574 1093 1617 1139 in
1651 1094 1820 1141 unione
1855 1082 2142 1142 imm‘aculata

172 1175 294 1220 esse,
329 1169 382 1209 ut
412 1161 492 1209 Dei
529 1161 700 1224 ubique
737 1161 839 1209 sitis
876 1161 1140 1223 participes.

672 1288 723 1333 V.
794 1289 925 1336 Laus
959 1295 1002 1335 et
1037 1290 1218 1336 utililas
1253 1289 1396 1337 huius
1430 1290 1639 1338 unitatis.

309 1384 359 1431 Si
396 1386 517 1432 enim
553 1399 640 1448 ego
694 1386 820 1433 brevi
871 1387 1091 1449 temporis
1129 1387 1276 1448 spatio
1327 1387 1463 1435 talem
1512 1385 1892 1434 consuetudinem
1937 1387 2140 1432 contraxi

172 1468 277 1503 cum
310 1454 531 1518 episcopo
567 1461 735 1514 vestro,
775 1470 891 1517 quae
928 1470 1022 1504 nou
1060 1457 1267 1515 humana,
1305 1457 1388 1504 sed
1424 1456 1674 1519 spiritualis
1714 1462 1814 1513 est3
1854 1461 2023 1516 quanto
2059 1469 2140 1502 vos

167 1524 399 1573 beatiores
434 1526 620 1584 iudico,
657 1526 931 1574 coniunctos
967 1527 1011 1574 ei
1045 1527 1182 1574 sicuti
1218 1527 1413 1575 ecclesia
1448 1528 1552 1574 Iesu
1591 1526 1785 1583 Christi,
1821 1531 1868 1572 et
1903 1525 2038 1572 sicuti
2076 1524 2141 1571 le-

175 1610 255 1643 sus
292 1595 502 1642 Christus
550 1596 701 1655 Patri3
748 1602 800 1643 ut
847 1597 998 1644 omnia
1041 1611 1126 1659 per
1169 1598 1387 1645 unitatem
1436 1597 1736 1645 consentiant.
1802 1594 1943 1642 Nemo
1993 1601 2144 1642 erret:

171 1666 261 1713 nisi
296 1666 400 1727 quis
436 1667 555 1714 intra
592 1667 733 1714 altare
766 1667 840 1724 sit,
874 1668 1077 1729 privatur
1112 1681 1228 1730 pane
1262 1667 1356 1715 Dei.
1428 1667 1477 1715 Si
1513 1668 1634 1714 enim
1680 1666 1817 1713 unius
1864 1672 2000 1727 atque
2039 1664 2142 1711 alte·

170 1736 269 1783 rius
318 1737 520 1797 precatio
564 1743 711 1784 tantas
756 1737 877 1784 vires
913 1736 1074 1796 hahet3
1124 1745 1292 1799 quanto
1330 1739 1474 1800 magis
1509 1737 1609 1795 illa,
1658 1750 1773 1798 quae
1813 1735 2021 1798 episcopi
2075 1741 2146 1781 est

172 1811 220 1851 et
253 1805 393 1852 totius
428 1806 665 1854 ecclesiae.
723 1807 810 1865 Qui
840 1807 979 1868 igitur
1014 1808 1060 1854 in
1099 1814 1372 1856 conventum
1405 1801 1497 1855 non
1530 1808 1666 1865 venit,
1704 1807 1780 1853 hic
1814 1806 1904 1853 iam
1926 1803 2143 1867 superbia

174 1874 320 1922 elatus
364 1882 457 1933 est,
513 1884 561 1924 et
610 1877 812 1939 seipsum
860 1877 1086 1939 separavit
1133 1884 1269 1940 atque
1318 1879 1547 1927 iudicavit.
1622 1876 1853 1939 Scriptum
1890 1882 1962 1923 est
1997 1875 2143 1922 enim:

169 1944 399 2007 ,superbis
438 1946 556 1993 Deus
603 1945 816 1994 resistit‘
889 1946 1161 1995 Studeamus
1208 1949 1347 2010 igitur
1394 1949 1639 2011 episcopo·
1663 1961 1756 1994 non
1801 1946 2048 2002 resistere,
2095 1950 2145 1991 ut

170 2013 250 2061 Dei
287 2015 429 2062 simus
464 2015 672 2063 subiecti.

307 2124 332 2149 0
356 2126 405 2172 V.
475 2126 525 2174 Si
559 2128 681 2175 enim
716 2141 804 2189 ego
841 2127 965 2175 brevi
1002 2129 1223 2190 temporis
1262 2130 1409 2190 spatio
1447 2127 1580 2175 talem
1618 2126 1994 2174 consuetudinem
2032 2138 2138 2172 con-

170 2195 294 2244 iunxi
331 2210 434 2244 cum
471 2204 624 2245 vestro
661 2195 914 2260 Episcopo,
963 2210 1079 2259 quae
1116 2212 1209 2245 non
1245 2198 1464 2256 humana,
1519 2197 1603 2244 sed
1638 2196 1887 2258 spiritualis
1925 2201 2020 2251 est,
2059 2207 2140 2240 vos

172 2265 403 2315 beatiores
438 2266 591 2315 iudico
628 2266 688 2315 ita
722 2267 871 2315 eidem
907 2267 1129 2314 admixtos
1169 2282 1222 2314 ex
1257 2268 1442 2325 multis,
1480 2274 1531 2314 ut
1565 2266 1767 2314 Ecclesia
1805 2265 1909 2312 lesu
1946 2263 2143 2321 Christo,

172 2342 222 2383 et
255 2342 306 2383 ut
340 2335 468 2383 lesus
494 2335 703 2384 Christus
721 2337 858 2393 Patri,
894 2345 944 2383 ut
979 2337 1132 2384 omnia
1166 2338 1212 2384 in
1251 2338 1421 2384 unitate
1459 2336 1761 2383 consentiant.
1809 2333 1954 2382 Nemo
1993 2339 2145 2389 erret;

170 2405 261 2452 nisi
295 2406 400 2467 quis
438 2405 555 2453 intra
591 2406 731 2453 altare
769 2406 851 2462 sit,
889 2407 1093 2468 privatur
1129 2421 1246 2468 pane
1282 2407 1376 2455 Dei.
1449 2405 1497 2452 Si
1533 2406 1654 2452 enim
1691 2405 1827 2451 unius
1873 2410 1919 2451 et
1956 2403 2143 2450 alterius

171 2475 318 2522 oratio
353 2481 520 2522 tantam
556 2476 643 2522 vim
680 2474 835 2536 hahet,
872 2482 1041 2537 quanto
1078 2477 1221 2538 magis
1246 2476 1462 2538 Episcopi
1498 2482 1545 2522 et
1580 2475 1720 2522 totius
1744 2474 1992 2521 Ecclesiae.
2060 2472 2145 2529 Qui

169 2557 283 2606 ergo
333 2545 379 2591 in
432 2558 571 2592 unum
628 2559 722 2592 non
774 2545 1010 2602 convenit,
1078 2545 1154 2592 hic
1207 2546 1296 2593 iam
1346 2545 1542 2607 despicit
1602 2544 1743 2602 alim,
1799 2551 1845 2591 et
1897 2558 1947 2591 se
1994 2543 2145 2604 ipsum

171 2614 442 2676 segregavit.
515 2611 745 2677 Scriptum
781 2621 854 2663 est
886 2616 1030 2662 enim:
1067 2613 1292 2678 Super-bis
1328 2616 1447 2662 Deus
1485 2615 1671 2663 resistit.
1721 2614 1995 2663 Studeamus
2032 2625 2143 2673 ergo

170 2696 262 2731 non
296 2684 533 2733 restistere
564 2684 811 2748 Episcopo,
848 2691 899 2732 ut
934 2685 1076 2733 simus
1113 2686 1193 2734 Dei
1231 2685 1438 2734 subiecti.

218 2808 288 2856 vt.
361 2811 636 2874 lte-spicia&
669 2811 931 2874 episcopum
967 2818 1017 2859 ιιι
1054 2812 1282 2861 Christum
1317 2813 1484 2874 ipsum.
1560 2812 1805 2860 Onesimus
1839 2811 1930 2860 hac
1964 2812 2015 2859 in
2050 2824 2102 2858 re

1005 2911 1088 2945 vos
1122 2897 1305 2946 laudat.

310 2975 366 3024 Et
400 2978 617 3039 quamdiu
651 2977 755 3040 quis
799 2979 1071 3042 episcopum
1105 2986 1332 3028 tacentem
1367 2981 1503 3038 videt,
1541 2986 1665 3027 tanto
1701 2979 1844 3040 magis
1880 2991 1984 3025 eum
2022 2989 2144 3024 reve-

175 3052 357 3103 reatum
406 3060 726 3109 quemcunque
761 3047 883 3096 enim
918 3049 1240 3110 paterfamilias
1276 3051 1414 3098 mittit
1449 3051 1504 3098 ad
1542 3048 1879 3112 gubernandam
1931 3045 2143 3094 familiam

312 3154 424 3206 ‘vt
493 3157 549 3206 Et
582 3172 676 3221 quo
718 3158 864 3221 magis
901 3158 1086 3207 tacitum
1125 3161 1228 3222 quis
1264 3162 1387 3210 videt
1420 3162 1721 3226 Episcopum,
1765 3172 1821 3207 co
1858 3159 2002 3221 magis
2039 3170 2142 3205 eum

173 3233 453 3276 revereatur.
524 3227 851 3291 Quemcunque
898 3228 1020 3276 enim
1057 3229 1193 3277 mittit
1228 3231 1552 3293 paterfamilias
1590 3231 1645 3278 ad
1693 3244 1767 3278 res
1802 3242 1908 3276 suas
1957 3227 2143 3275 admini-

264 3362 334 3414 10)
364 3364 480 3407 θεοῦ
517 3360 623 3415 CL,
676 3362 775 3419 θεῷ
822 3362 927 3405 coni.
976 3362 1125 3405 Salvin.
1183 3358 1282 3421 ὅσῳ
1321 3379 1356 3408 c.
1387 3365 1530 3408 vossio
1572 3364 1818 3413 cotelerius,
1858 3368 1896 3404 ct
1941 3360 2006 3416 qni
2055 3372 2143 3402 eum

174 3419 366 3462 Antonin·
398 3420 438 3462 in
469 3417 629 3463 Uelina
661 3418 730 3461 lib.
751 3419 799 3462 11.
830 3431 919 3473 cap.
938 3419 978 3462 3.
1007 3433 1126 3462 serm.
1183 3428 1418 3476 sequuntur.
1462 3423 1757 3475 Capntsextum
1779 3420 1903 3473 Syrus
1923 3431 2002 3460 non
2016 3417 2146 3459 vertit.

179 3474 272 3518 173·
314 3475 419 3518 '¹⁰¹¹‘
457 3474 591 3544 '⁰⁰⁸9'
632 3475 770 3518 ¹⁸⁰d⁸¹
797 3476 877 3517 ⁸3⁰²
917 3474 1126 3544 ⁶⁷1⁰?‘5‘i‘
1274 3500 1319 3551 2)
1352 3498 1380 3541 Ι.
1413 3511 1447 3541 c.
1476 3497 1638 3539 silentio
1670 3509 1744 3537 suo
1777 3495 2083 3549 improbantem.

175 3529 373 3627 ,φαςμὴ
388 3529 764 3602 ἁπέτασσεσθαε
785 3534 851 3588 τῷ
864 3529 1126 3588 ἐπισκοπῳ,
1274 3574 1320 3626 3)
1354 3574 1531 3618 σαυτὸν
1559 3578 1644 3613 πει
1674 3572 1715 3613 in
1747 3572 1776 3612 C
1824 3566 2144 3615 πλειόνωσαυ.

196 3599 254 3630 ru
281 3600 358 3640 ηῐε
389 3589 487 3646 θεφ
518 3584 913 3647 ὕποτασσομενοι.
1779 3602 1790 3622 v

260 3642 358 3697 Cap.
385 3641 449 3686 Vl.
509 3643 552 3700 1)
585 3639 703 3689 &m
730 3644 760 3686 c
783 3646 813 3687 ι,
855 3651 894 3686 01
932 3646 1125 3687 Antonin„
1186 3628 1271 3674 τὸν
1299 3633 1494 3685 scriptum
1525 3629 1648 3670 hahes
1677 3628 1717 3669 ln
1748 3628 1791 3670 L.

174 3697 202 3740 ¹·
233 3714 292 3750 ‘w
331 3707 405 3742 ⁸0¹·
444 3700 517 3742 'ut
554 3707 763 3756 quantum,
805 3703 907 3744 Arm.
950 3704 1121 3756 quando,
1270 3699 1315 3753 4)
1349 3701 1429 3742 err.
1462 3699 1596 3742 nauh.
1629 3698 1698 3749 24,
1721 3698 1788 3741 ²5.
