2340 3900
698 159 733 206 1.
766 159 1078 206 CLEMENTIS
1113 161 1184 207 AD
1222 163 1343 209 COR.
1399 162 1488 212 XX.
1524 161 1636 209 xxl.
2078 160 2144 211 69

184 302 246 348 tia
288 298 492 360 profert,
537 312 631 345 non
663 298 937 354 ‘baesitanffi
986 311 1137 360 neque
1182 309 1361 348 mutans
1409 301 1655 364 quidquam
1710 315 1871 349 eorum
1919 315 2036 363 quae
2086 302 2142 348 ab

181 369 260 416 illo
309 369 498 415 decreta
547 376 668 415 sunt.
734 367 1018 430 Abyssorum
1063 368 1410 430 investigabilia,
1459 378 1504 418 et
1548 371 1765 433 profundi
1812 370 2137 418 inenarrabiles

178 438 488 486 institutiones
522 438 696 486 eisdem
730 436 911 499 legibus
946 438 1255 485 continentur.
1327 439 1468 487 Moles
1504 442 1712 488 immensi
1749 441 1908 497 maris,
1944 454 2031 502 per
2067 455 2138 487 or-

180 508 457 554 dinationem
493 508 592 554 eius
629 508 675 555 in
712 507 916 555 cumulos
951 514 1283 571 coagmenta-ta,
1332 510 1653 571 circumposita
1689 510 1778 557 sibi
1814 510 2010 557 claustra
2045 523 2137 556 non

179 576 522 638 transgreditur,
553 578 637 624 sed
672 582 811 640 prout
845 577 889 627 ei
924 577 1170 638 praecepit,
1210 578 1268 623 ita
1306 578 1426 626 lacit.
1499 580 1616 626 Dixit
1651 580 1796 626 enim:
1846 580 1952 636 ,liuc
1988 593 2136 641 usque

175 646 354 702 venieS,
390 652 438 693 et
473 647 518 693 in
555 654 600 694 te
653 648 754 708 ipso
800 651 1098 693 conterentur
1133 645 1301 693 fluctus
1335 644 1430 693 tui.‘
1500 648 1705 696 Oceanus
1751 649 2009 696 hominibus
2057 648 2135 695 im-

173 715 489 778 permeabilis,
528 724 573 763 et
608 717 687 778 qui
721 722 847 772 trans
883 715 1031 777 ipsum
1070 722 1177 762 sunt
1210 716 1392 772 mundi,
1448 716 1621 764 eisdem
1656 718 1831 765 Domini
1875 718 2134 780 dispositio·

171 784 306 832 nibus
342 784 670 846 gubernantur.
738 785 938 840 Vernae,
985 786 1209 843 aestivae,
1260 784 1541 832 autumnales
1590 794 1636 833 et
1682 787 1911 849 hyemales
1964 794 2133 849 tempe·

171 860 313 901 states
350 855 396 901 in
433 868 547 916 pace
581 855 694 902 aliae
732 854 831 902 aliis
877 855 1145 902 succedunt.
1217 854 1463 902 Ventorum
1513 857 1732 903 stationes
1782 857 1999 917 peculiari
2049 871 2134 904 suo

169 930 375 985 tempore
407 939 572 972 munus
610 938 743 971 suum
788 924 889 971 sine
933 923 1212 973 offendiculo
1262 923 1462 981 obeunt3
1514 923 1664 971 sontes
1709 926 1842 972 etiam
1891 939 2131 987 perennes,

167 993 226 1041 ad
260 1007 393 1040 usum
430 1001 478 1041 et
514 994 754 1042 sanitatem
788 992 926 1050 facti,
962 992 1107 1040 ubera
1140 994 1240 1040 sine
1277 993 1462 1040 defectu
1497 993 1553 1039 ad
1597 993 1729 1040 vitam
1779 995 2011 1042 hominum
2061 1010 2133 1042 su-

166 1063 453 1110 stentandam
487 1063 733 1125 praebent3
782 1069 832 1110 et.
865 1063 1075 1110 animalia
1109 1064 1294 1110 minima
1327 1063 1373 1110 in
1411 1076 1523 1125 pace
1571 1069 1619 1109 et
1673 1064 1920 1110 concordia
1972 1070 2132 1111 coetus

166 1146 278 1180 suos
314 1132 496 1180 faciunt.
567 1132 687 1180 Haec
723 1134 875 1180 omnia
905 1147 1096 1195 magnus
1134 1132 1285 1194 opifex
1331 1139 1378 1179 et
1425 1132 1625 1195 omnium
1662 1133 1878 1179 Dominus
1928 1134 1972 1180 in
2028 1148 2132 1180 con-

166 1201 324 1251 eoi-dia
360 1209 408 1250 et
441 1216 555 1264 pace
593 1202 694 1251 fieri
729 1203 887 1260 iussit,
922 1202 1214 1252 benefaciens
1252 1202 1487 1258 omnibuS,
1524 1202 1948 1263 superabundanter
1984 1210 2134 1249 autem

164 1271 329 1329 nobis,
364 1273 444 1334 qui
480 1272 539 1319 ad
572 1273 891 1320 miserationes
925 1273 1025 1320 eius
1072 1272 1387 1333 confugimus,
1426 1286 1510 1333 per
1546 1272 1783 1319 Dominum
1821 1271 1970 1319 lesum
2008 1272 2133 1319 Chri·

164 1347 309 1401 suun,
344 1342 420 1389 cui
455 1341 600 1404 gloria
633 1349 680 1390 et
712 1342 927 1390 maiestas
963 1343 1010 1389 in
1044 1341 1201 1390 secula
1235 1342 1510 1400 seculorum.
1577 1342 1732 1388 Amen.

163 1485 275 1544 ΠΙ.
346 1495 718 1559 obtemperemus
750 1498 866 1551 Deo,
902 1511 998 1545 non
1031 1497 1272 1545 seditionis
1305 1497 1590 1554 auctoribus,
1627 1509 1685 1542 ne
1717 1497 1967 1543 innumera
2001 1495 2132 1542 illius

353 1594 577 1656 beneficia
611 1596 744 1643 nobis
776 1596 828 1642 in
862 1595 1289 1643 condemnationem
1324 1595 1504 1641 cedant.
1570 1590 1940 1641 Adhortationes.

300 1705 481 1762 Videte,
516 1705 695 1764 dilecti,
734 1720 794 1754 ne
829 1705 1052 1755 beneficia
1088 1707 1214 1762 eius,
1252 1719 1369 1766 quae
1403 1705 1543 1752 multa
1578 1710 1709 1760 sunt,
1746 1702 1881 1750 nobis
1920 1702 2132 1750 omnibus

163 1779 210 1825 in
245 1775 669 1823 condemnationem
705 1777 894 1834 cedant,
930 1771 1020 1825 nisi
1057 1776 1193 1836 digne
1230 1776 1306 1822 illo
1343 1776 1541 1822 viventes
1586 1774 1706 1821 bona
1756 1779 1802 1820 et
1846 1779 2034 1835 accepta
2085 1775 2131 1820 in

165 1852 414 1907 conspectu
449 1845 550 1893 eius
578 1860 681 1893 cum
727 1847 976 1894 concordia
1024 1846 1283 1893 fecerimus.
1352 1844 1468 1892 Dicit
1515 1845 1633 1891 enim
1690 1843 1881 1891 alicubi:
1927 1845 2131 1905 ,spiritus
2171 1899 2185 1909 .

163 1915 340 1963 Domini
374 1914 559 1961 lucerna
595 1921 806 1964 scrutans
842 1930 1057 1963 cavernas
1104 1912 1308 1961 ventris.‘
1379 1913 1754 1970 ConsideremuS,
1802 1928 1936 1975 quam
1984 1928 2131 1975 prope

162 1986 247 2042 sit,
282 1990 329 2032 et
364 1983 487 2045 qun-t
535 1984 862 2045 cogitationum
910 1992 1170 2032 nostrarum
1219 1989 1266 2030 et
1314 1983 1673 2043 colloquiorum,
1725 1996 1841 2043 quae
1893 1982 2128 2039 habemus,

163 2052 276 2102 nihil
314 2054 463 2115 ipsum
499 2052 647 2099 lateat.
717 2055 923 2116 Aequum
959 2060 1033 2101 est
1067 2053 1230 2115 igitur,
1268 2057 1319 2098 ut
1355 2066 1445 2098 non
1496 2053 1638 2098 simus
1683 2051 1946 2113 transfugae
1985 2065 2010 2096 a
2053 2066 2128 2098 vo·

162 2122 335 2170 luntate
369 2122 485 2171 eins.
556 2119 775 2171 Homines
811 2123 975 2170 stultos
1010 2129 1057 2169 et
1093 2122 1388 2183 insipientes,
1426 2120 1568 2167 elatos
1605 2128 1653 2166 et
1688 2122 1733 2167 in
1790 2121 2019 2168 sermonis
2055 2123 2127 2168 sui

163 2192 374 2239 iaetantia
425 2190 672 2253 gloriantes
724 2194 879 2256 potius
933 2205 1068 2254 quam
1120 2190 1260 2238 Deum
1321 2190 1620 2237 offendamus
1700 2190 1936 2238 Dominum
1975 2190 2123 2238 lesum

165 2261 419 2318 Christum,
461 2261 591 2307 euius
627 2263 813 2325 sanguis
848 2276 934 2324 pro
970 2261 1103 2308 nobis
1141 2260 1270 2308 datus
1305 2266 1398 2317 est,
1437 2260 1511 2321 pie
1553 2273 1848 2317 veneremur,
1895 2261 2130 2322 praeposi·

162 2337 235 2378 tos
270 2337 458 2377 nostros
490 2342 803 2388 revereamur,
840 2333 1049 2379 seniores
1086 2337 1271 2377 nostros
1318 2330 1623 2386 honoremus,
1666 2330 1852 2376 iuvenes
1899 2330 1944 2375 in
1996 2330 2130 2376 disci·

159 2398 283 2463 plina
315 2398 493 2446 timoris
527 2398 606 2446 Dei
641 2401 931 2455 erudiamus.
968 2413 1135 2447 uxores
1171 2404 1353 2446 nostras
1390 2398 1446 2445 ad
1483 2397 1528 2444 id
1579 2398 1703 2459 quod
1738 2399 1910 2445 bonum
1947 2404 2017 2445 est
2063 2399 2130 2445 di-

158 2469 374 2530 rigamus.
440 2466 667 2515 Amabiles
702 2471 921 2518 castitatis
974 2482 1127 2516 mores
1166 2468 1431 2524 ostendant,
1468 2481 1629 2529 puram
1666 2473 1714 2514 et
1747 2467 1971 2514 sinceram
2007 2483 2130 2515 man-

156 2536 412 2586 suetudinis
445 2549 555 2584 suae
588 2538 861 2587 voluntatem
898 2539 1228 2595 demonstrent,
1265 2538 1444 2599 linguae
1483 2551 1593 2584 suae
1627 2537 1986 2585 moderationem
2021 2553 2130 2587 voce

157 2607 439 2655 manifestam
476 2606 665 2668 faciant,
702 2609 969 2657 charitatem
1008 2622 1133 2656 suam
1172 2609 1270 2655 sine
1315 2621 1619 2669 personarum
1668 2608 1934 2669 acceptione
1986 2609 2126 2656 omni-

157 2676 244 2725 bus
279 2676 420 2725 Deum
450 2681 606 2724 sancte
641 2678 904 2727 timentibus
941 2678 1175 2740 aequalem
1213 2676 1468 2724 exhibeant.
1537 2676 1688 2724 Liberi
1739 2678 1876 2724 vestri
1926 2678 2125 2740 discipli·

156 2759 243 2794 nne
275 2746 443 2794 Christi
480 2744 727 2812 participes
764 2749 883 2807 sint3
933 2749 1112 2797 discant
1159 2754 1377 2810 quantum
1430 2745 1661 2794 humilitas
1706 2747 1826 2809 apud
1865 2747 2006 2794 Deum
2054 2761 2124 2794 va-

156 2814 272 2873 leat,
308 2815 419 2878 quid
454 2825 581 2866 casta
616 2817 814 2867 charitas
847 2819 967 2881 apud
1004 2819 1142 2867 Deum
1188 2818 1363 2880 possit,
1414 2816 1794 2879 quemadmodum
1842 2817 1979 2865 timor
2025 2816 2123 2864 eius

158 2950 390 2993 diiudicarit
449 2951 611 3006 Lipsius
675 2966 717 3007 p.
782 2953 874 2996 151.
945 2960 1027 2995 not.
1070 2953 1110 2995 3.
1169 2952 1287 2992 etiam
1328 2951 1366 2991 in
1417 2951 1496 2992 hoc
1548 2951 1735 2991 imitatur.
1798 2949 1910 2990 Rom.
1950 2948 2021 3000 11,
2055 2949 2123 2990 36.

160 3007 186 3048 Ι.
246 3021 281 3049 c.
1171 3008 1251 3048 cfr.
1282 3009 1405 3061 Apoc.
1444 3008 1478 3057 ¹,
1511 3009 1550 3049 6.

238 3065 287 3113 3)
314 3063 434 3106 Nolte
483 3065 591 3106 coni.
669 3062 816 3109 αὐτοῦ
881 3078 939 3107 sc.
994 3065 1111 3108 θεοῦ
1255 3064 1351 3117 Cap.
1382 3065 1474 3105 xxi.
1546 3063 1588 3117 1)
1621 3064 1735 3104 l‘rov.
1772 3063 1838 3113 20,
1865 3063 1931 3103 27.
1962 3074 2007 3103 ex
2038 3074 2122 3103 me-

160 3118 207 3161 11.
235 3120 299 3162 ed.
328 3119 388 3161 tv.
1169 3121 1294 3162 moria
1346 3121 1561 3173 prolatum.
1624 3121 1731 3161 llaec
1781 3127 1819 3159 ot
1855 3131 1945 3172 sqq.
1994 3131 2122 3171 usque

238 3177 287 3231 4)
315 3175 414 3219 Gen.
448 3178 484 3228 1,
513 3178 554 3220 9.
1168 3177 1217 3217 ad
1268 3179 1384 3219 linem
1428 3191 1462 3218 c.
1492 3177 1559 3218 22.
1602 3177 1676 3217 levi
1719 3188 1805 3216 cum
1852 3174 2122 3227 discrepantia

240 3233 268 3275 5
315 3232 399 3275 lob.
426 3234 497 3283 38,
530 3235 594 3276 to.
626 3234 692 3276 rs.
726 3233 819 3285 103,
848 3236 889 3277 9.
1166 3233 1386 3275 recitantur
1432 3247 1453 3274 a
1485 3232 1607 3274 Clem.
1639 3233 1744 3274 Alex.
1779 3233 1926 3273 strom.
1961 3230 2021 3281 tv,
2057 3231 2120 3274 17.

237 3288 269 3331 G
313 3287 399 3331 tob.
426 3290 497 3342 ³8,
530 3290 592 3333 11.
1175 3303 1213 3343 p.
1246 3291 1341 3332 611.

317 3342 443 3389 αι..
469 3346 577 3405 ᾼιιι
605 3347 756 3389 suom.
787 3347 917 3397 v‚12.
950 3347 1103 3401 pesa.
1248 3347 1292 3397 2)
1323 3346 1404 3387 cfr.
1440 3344 1599 3398 Lipsius
1633 3344 1656 3384 ι.
1682 3318 1724 3384 ἐ.
1758 3356 1799 3396 p.
1822 3342 1888 3385 28.

243 3398 291 3448 0)
323 3400 370 3444 l..
422 3398 674 3459 ἐπιταγαῖς
728 3403 789 3445 vel
853 3400 1108 3459 διαιαγαῖς
1248 3402 1293 3452 3)
1325 3403 1406 3443 Cir.
1453 3402 1525 3453 Ep.
1556 3400 1768 3453 polycarpi
1808 3398 1857 3440 nd
1890 3398 1990 3441 Phil.
2020 3413 2053 3442 c.
2082 3399 2123 3444 4.

160 3453 244 3497 Ι...
272 3454 372 3498 ut.
1252 3459 1297 3514 4)
1328 3459 1537 3500 Praestare
1570 3456 1725 3496 videtur
1755 3455 1878 3497 Clcm.
1898 3455 2004 3498 Alex.
2035 3452 2119 3499 διὰ

159 3508 582 3613 “af-hd.
609 3526 691 3557 non
721 3514 854 3613 egium
879 3515 931 3612 ἔῃ
974 3516 1106 3611 nizizi:
1165 3517 1419 3613 τῆῇσΐῖζῆς,
1481 3514 1747 3564 compescant
1793 3512 1965 3565 linguam
2004 3524 2117 3598 suam

159 3633 248 3664 ¹⁵·-
274 3618 549 3682 0⁰ffolorlaer
577 3582 1107 3678 {tetro'zteicle'nlt-emfpnoster
1162 3586 1225 3614 mn
1247 3586 1296 3681 ¹5)
1318 3602 1408 3669 ,dm
1443 3627 1459 3669 1
1496 3625 1595 3666 Tim.
1627 3625 1666 3674 5,
1698 3623 1764 3670 21.
