2340 3900
239 176 312 216 Lx
971 163 1215 211 CODICUM
1252 165 1493 214 NOTITIA.

235 320 509 368 pampynoS,
561 299 806 351 extuarent‘
844 298 1133 362 (exstarent),
1169 304 1445 364 ,adsequuti‚
1485 303 1636 365 aspri,
1675 302 1923 360 obsculari,
1960 305 2191 366 percoepi,

237 377 507 431 menolitba,
546 373 739 428 conasti,
778 370 941 432 poene‘
981 368 1184 433 (paene),
1219 372 1498 429 ,abentibus,
1538 369 1752 432 langunt.‘
1821 371 2000 432 Signavi
2035 374 2140 420 Pal.

733 481 776 527 b.
844 483 1031 529 Codices
1067 483 1273 530 alia-rum
1312 485 1704 531 bibliothecarum.

1071 578 1115 611 α.
1168 565 1350 612 Romae.

377 652 452 695 ll.
525 648 633 694 Cod.
669 645 910 708 Angelicus
947 647 1010 704 ,Β.
1033 645 1078 692 2.
1110 645 1172 701 4,‘
1209 649 1540 702 membraneus,
1577 645 1695 691 soliis
1724 644 1981 702 dimidiatis,
2006 647 2190 693 saeculo

232 721 288 767 x1
327 720 465 765 nitide
505 717 832 776 diligenterque
867 717 1078 777 scriptus.
1148 717 1269 763 Inter
1306 717 1415 763 alias
1453 721 1710 762 sanctorum
1763 713 1872 759 vitas
1922 720 2038 761 extat
2085 711 2190 771 (sol.

237 786 475 844 61—68)
511 785 788 846 ,martyrium
826 782 1015 845 Ignatii‚‘
1054 784 1276 832 Simeonis
1315 785 1506 844 Metaph.
1545 783 1696 829 Codex
1732 783 1900 842 passim
1926 784 2188 831 emendatus

236 865 305 904 est
340 871 475 903 manu
508 855 736 910 secunda,
777 868 909 914 quam
947 860 1056 915 puto
1097 868 1198 900 esse
1238 854 1406 900 saeculi
1442 852 1532 897 ΧΠ.
1606 850 1786 911 Signavi
1823 851 1875 897 A.

377 923 454 971 12.
527 924 607 969 Ms
641 923 936 969 Barberinum
977 924 1034 979 7,
1085 924 1211 969 cuius
1263 923 1463 969 secundo
1502 921 1609 968 solio
1646 921 1790 966 Lucas
1827 919 2088 968 Holstenius
2124 922 2188 968 in-

233 995 439 1120 seripSiSt
466 1061 702 1122 Polycarpi
739 1061 951 1122 Episcopi
988 1067 1032 1106 et
1066 1059 1272 1121 Martyris
1310 1060 1509 1120 Epistola
1548 1060 1603 1105 ad
1639 1055 1989 1119 Philippenses}

368 1132 429 1189 S.
467 1130 698 1177 Barnabae
738 1130 943 1191 Apostoli
980 1121 1237 1187 ἀκέφαλος.
1309 1130 1370 1175 Ex
1403 1129 1532 1175 Msto.
1568 1127 1872 1174 bibliothecae
1915 1128 1960 1175 S
1983 1127 2188 1175 Silvestri

232 1201 275 1248 in
314 1168 526 1258 Quirinali
567 1199 726 1245 collata
760 1213 860 1244 cum
895 1198 1025 1245 Msto.
1062 1199 1306 1245 vetustiore
1344 1197 1484 1246 Vatic.
1521 1194 1649 1245 bibl‘

371 1269 612 1330 Utriusque
660 1268 740 1328 Ep.
792 1269 1101 1329 apographum
1138 1267 1360 1313 Holstenii
1414 1273 1510 1324 est3
1556 1272 1705 1314 textus
1739 1272 1887 1313 autem
1923 1280 1979 1312 ex
2015 1267 2186 1328 optimo

230 1341 356 1386 fonte
394 1339 615 1400 provenit.
689 1337 838 1383 Codex
874 1338 970 1397 ipse
1006 1337 1271 1382 monasterii
1308 1336 1352 1381 S.
1391 1336 1594 1383 Silvestri
1630 1336 1675 1380 in
1713 1335 1929 1391 Quirinali
1974 1350 2065 1382 non
2115 1351 2187 1383 su·

230 1415 408 1470 perstes
443 1415 537 1463 est,
577 1421 726 1466 neque
766 1405 841 1451 ille
880 1405 965 1451 ΡΡ.
1003 1406 1336 1462 Theafinorum,
1376 1420 1508 1465 quem
1546 1404 1736 1451 contulit
1771 1405 1802 1450 Ι.
1839 1404 2043 1453 Vossius,
2104 1405 2185 1451 Ms.

229 1478 487 1524 Vaticanum
537 1476 590 1521 ab
628 1475 863 1520 Holstenio
913 1475 1149 1535 allegatum
1208 1481 1278 1520 est
1326 1481 1482 1521 noster
1529 1475 1636 1521 Cod.
1689 1474 1784 1521 Vat.
1826 1472 1953 1530 859,
2014 1474 2184 1535 passim

229 1546 538 1593 tantummodo
576 1544 630 1590 ab
671 1558 725 1589 eo
763 1545 1011 1603 inspectus.
1085 1543 1260 1603 Signavi
1294 1545 1347 1589 B.

370 1615 445 1661 13.
519 1613 598 1659 Ms.
635 1612 930 1658 Barberinum
969 1611 1052 1657 68:

367 1684 432 1741 ‚S.
469 1683 625 1743 Ignatii
676 1681 879 1741 Martyris
927 1681 1154 1741 Epistolae
1203 1695 1389 1742 graecae
1441 1696 1495 1728 ex
1543 1682 1707 1729 Codice
1754 1682 1967 1729 Vaticano
2019 1681 2116 1729 428
2159 1697 2184 1729 a

230 1755 380 1802 Leone
414 1752 571 1798 Allatio
611 1747 796 1797 erutae.‘

368 1822 479 1868 Cod.
516 1820 752 1866 Vaticanus
791 1819 1047 1879 descriptus
1084 1819 1253 1865 frustra
1290 1820 1547 1880 quaeritur,
1588 1835 1688 1868 cum
1735 1821 1810 1867 ille
1857 1835 2047 1868 numero
2086 1821 2185 1868 428

229 1893 466 1953 insignitus
505 1889 723 1948 Ignatium
759 1902 852 1933 non
892 1889 1144 1942 contineat,
1182 1903 1328 1948 neque
1367 1891 1422 1935 ad
1460 1890 1717 1937 Vaticanum
1755 1890 1851 1936 859
1890 1897 1965 1936 aut
1999 1891 2184 1937 Ottobo·

227 1963 407 2007 nianum
447 1957 543 2003 348
581 1971 638 2002 ne
677 1970 730 2001 ex
763 1955 1013 2015 longinquo
1053 1957 1234 2015 quidem
1273 1959 1470 2004 accedat.
1534 1959 1776 2005 Lectiones
1824 1959 2015 2019 praehet
2064 1960 2185 2006 haud

228 2025 595 2076 contemnendas.
665 2024 726 2069 Ex
764 2025 872 2069 Cod.
910 2023 1113 2070 Mediceo
1139 2024 1395 2072 breviorem
1434 2027 1590 2086 Ignatii
1626 2028 1738 2089 Epp.
1776 2028 2089 2074 recensionem
2112 2043 2183 2074 ex-

225 2099 408 2144 hibente
443 2094 587 2139 varias
626 2093 845 2138 lectiones
882 2093 1073 2152 margini
1109 2093 1296 2139 Allatius
1334 2096 1557 2155 apposuit,
1595 2097 1716 2142 haud
1753 2110 1857 2142 raro
1893 2103 2040 2143 tamen
2078 2112 2183 2144 suas

226 2169 511 2214 coniecturas
547 2176 631 2223 pro
667 2162 771 2207 libri
809 2162 965 2221 scripti
999 2162 1268 2208 lectionibus
1306 2164 1439 2210 tacite
1474 2165 1719 2211 venditans.
1759 2165 1839 2211 ·1n
1877 2173 2039 2226 quarto
2067 2165 2183 2213 Msu.

225 2237 299 2282 sol.
335 2236 378 2281 le
415 2236 524 2280 itur:

384 2251 410 2295 g
471 2298 570 2344 Τοῦ
605 2292 657 2344 ἔν
691 2289 869 2380 Αγίοις
899 2289 1253 2363 Ἱερομᾶρτυρος
1279 2292 1515 2364 Ἰγνατίου
1542 2292 1944 2365 Ἀρχιεπισκόπου

506 2361 796 2429 Ἀντιοχείας
825 2360 1105 2414 Ἐπιστολαί
1135 2388 1146 2415 :
1184 2407 1222 2425 -,
1261 2378 1307 2417 et
1342 2373 1386 2418 in
1422 2388 1525 2433 pag
1562 2373 1886 2434 subsequenti:

817 2429 1047 2500 ’Ἑλεγχος
1082 2437 1178 2483 τῶν
1212 2438 1300 2485 τοῦ
1328 2431 1566 2503 Ἰγνατίου

1003 2506 1072 2552 ΙΒ
1102 2499 1414 2558 Ἐπιστολῶν.

655 2567 792 2654 Πρὸς
831 2571 1038 2638 Μαρίαν
1072 2575 1446 2640 Κασσοβολίτην.

654 2636 793 2722 Πρὸς
832 2641 1167 2706 Τραλλησίους.

653 2705 791 2792 Πρὸς
829 2711 1166 2792 Μαγνησίους.

654 2774 793 2863 Πρὸς
824 2798 937 2838 τους
973 2779 1024 2829 ἐν
1066 2778 1247 2850 Τάρσῳ.

603 2844 791 2931 ,Πρὸς
830 2850 1185 2911 Φιλιππισίους,
1221 2848 1331 2917 περὶ
1363 2848 1702 2940 βαπτίσματος.

579 2931 623 2981 ς.
659 2913 796 3003 Πρὸς
836 2918 1161 2981 Φιλαδελφεῖς.

579 2990 614 3048 ζ,
649 2983 789 3070 Πρὸς
823 2988 1147 3052 Σμυρναίους.

564 3077 609 3122 η.
647 3051 785 3140 Πρὸς
813 3054 1147 3143 Πολύκαρπον
1183 3055 1446 3106 ἐπίσκοπον
1475 3052 1718 3123 Σμύρνης.

555 3132 608 3178 θ.
647 3121 788 3208 Πρὸς
813 3123 1082 3191 Ἀντιοχεῖς.

580 3215 610 3247 ι.
648 3190 787 3278 Πρὸς
814 3193 1020 3282 ξΉρωνα
1054 3191 1282 3244 διάκονον
1310 3189 1618 3258 Ἀντιοχείας.

548 3283 610 3316 ια.
649 3259 787 3347 Πρὸς
814 3260 1088 3328 Ἐφεσίους

552 3335 613 3399 ιβ.
651 3329 789 3400 Πρὸς
822 3329 1096 3399 Ῥωμαίους.
1166 3337 1356 3398 Signavi
1382 3337 1430 3383 C.

364 3407 439 3452 14.
508 3408 588 3454 Ms.
630 3409 918 3455 Barherinum
958 3409 1069 3454 501
1139 3406 1189 3452 ln
1225 3405 1302 3451 fol.
1339 3403 1366 3449 5
1407 3404 1668 3450 Holstenius
1704 3404 1895 3450 notavit:

359 3475 422 3529 ,S.
461 3475 619 3536 Ignatii
653 3477 880 3538 Epistolae
916 3477 1135 3538 genuinae
1172 3481 1218 3520 et
1253 3472 1530 3534 apostolicae
1568 3472 1895 3532 simplicitatis.‘

356 3542 435 3599 ,Ex
480 3547 794 3606 antiquissimo
835 3545 1000 3592 Codice
1035 3545 1166 3590 Msto.
1212 3541 1515 3588 bibliothecae
1550 3539 1777 3588 Mediceae
1814 3541 1958 3589 Lucas
1993 3542 2169 3591 Holste-

218 3612 320 3659 nius
359 3612 601 3675 descripsit
633 3621 675 3661 et
709 3615 965 3662 versionem
1001 3614 1181 3661 latinam
1217 3606 1415 3657 addidit.‘
1485 3609 1664 3670 Signavi
1698 3610 1760 3658 D.

570 2593 616 2934 merge
