2340 3900
0 3259 2 3311 i

442 190 775 243 mm
809 189 858 241 S.
889 193 1225 245 POLYGARPI.
1270 197 1400 247 XVII.
1438 198 1587 248 XVIII.
1622 199 1735 251 xlx,
1771 198 1862 248 XX.
2026 199 2130 251 405

164 333 267 393 igne
305 345 409 379 eum
444 336 757 386 extracturos3
790 331 951 392 ignari,
990 333 1114 392 quod
1137 347 1223 394 nec
1246 335 1488 395 Christum,
1526 337 1605 399 qui
1626 351 1713 400 pro
1736 337 1882 387 salute
1908 339 2124 398 omnium,

163 402 243 461 qui
278 401 324 447 in
374 407 471 448 toto
504 398 675 446 mundo
709 397 820 445 salvi
855 397 992 455 fient,
1024 414 1189 461 passus
1227 410 1274 450 et
1313 399 1592 467 [inculpatus
1641 421 1728 469 pro
1763 403 2126 470 peccatoribusJ,

160 484 362 531 unquam
413 466 730 528 derelinquere
765 468 1021 528 poterimus
1036 504 1051 525 ,
1086 483 1238 531 neque
1273 472 1408 520 alium
1447 488 1721 537 quemquam
1759 476 1924 524 colere.
1993 476 2126 526 Illum

159 538 282 585 enim
330 542 490 599 utpote
524 533 667 582 fitium
713 535 793 583 nei
837 536 1110 594 adoramus3
1145 547 1369 602 martyres
1405 556 1515 589 vero
1563 550 1789 605 tamquam
1836 546 2012 593 Domini
2059 546 2127 595 di·

159 606 364 668 scipulos
406 609 455 652 et
489 602 743 652 imitatores
795 605 962 652 merito
1012 606 1255 667 diligimus,
1294 618 1483 671 propter
1518 611 1702 660 illorum
1754 614 1963 662 eximiam
2014 628 2130 677 erga

155 688 312 736 regem
347 687 403 721 ae
437 673 705 734 magistrum
740 688 876 721 suum
910 674 1303 735 benevolentiam5
1343 692 1539 739 quorum
1574 681 1744 729 utinam
1776 690 1825 730 et
1853 698 1939 732 nos
1961 683 2127 732 fiamus

155 749 396 790 consortes
429 756 486 790 ac
518 742 839 805 condiscipuli.
2132 744 2136 750 ’

466 866 614 913 xvln.
677 864 934 930 'Polycarpi
967 883 1136 930 corpus
1169 872 1470 919 comburitur.
1551 874 1810 935 Reliquiae.

290 962 458 1010 videns
512 969 662 1011 antem
707 964 916 1012 centurio
953 980 979 1012 a
1015 963 1195 1013 ludaeis
1245 973 1390 1014 ortam
1442 970 1810 1028 contentionem,
1849 986 2017 1035 corpus
2076 975 2124 1021 in

147 1032 301 1080 medio
334 1032 454 1094 ignis
501 1033 704 1093 positum
739 1034 925 1081 exussit.
993 1036 1142 1096 Atque
1191 1036 1251 1082 ita
1286 1050 1372 1083 nos
1409 1045 1568 1098 postea
1614 1053 1722 1086 ossa
1769 1040 1893 1088 illius
1932 1044 2122 1102 gemmis

148 1101 494 1163 pretiosissimis
529 1103 825 1164 exquisitiora
860 1111 909 1150 et
943 1117 1086 1165 super
1120 1118 1281 1152 aurum
1317 1105 1584 1167 probatiora
1612 1108 1842 1167 tollentes,
1883 1110 1959 1157 ubi
1986 1112 2120 1160 deee-

146 1170 237 1228 bat,
270 1170 584 1232 deposuimus.
654 1172 754 1229 Quo
790 1172 927 1219 etiam
962 1172 1053 1219 loci
1089 1173 1252 1231 nobis,
1287 1181 1339 1222 ut
1373 1174 1475 1222 fieri
1511 1177 1703 1237 poterit,
1739 1178 1786 1224 in
1823 1179 2123 1227 exsultatione

146 1246 195 1287 et
227 1240 395 1300 gaudio
444 1241 766 1302 oongregatis‚
802 1240 1021 1288 Dominus
1057 1242 1318 1303 praebebit,
1357 1244 1551 1292 natalem
1598 1248 1803 1308 martyrii
1849 1249 1948 1295 eius
2000 1249 2122 1296 diem

147 1307 413 1365 celebrare,
451 1316 546 1356 tum
581 1310 628 1356 in
664 1311 931 1357 memoriam
985 1325 1146 1358 eorum
1194 1313 1274 1372 qui
1310 1314 1556 1360 certamina
1586 1316 1900 1375 pertulerunt,
1941 1323 2034 1363 tum
2072 1323 2125 1363 ut

146 1378 324 1439 posteri
359 1378 596 1426 exemitati
630 1379 725 1426 sint
757 1385 806 1425 et
838 1379 985 1440 parati
1026 1375 1104 1437 [ad
1144 1380 1303 1427 eadem
1341 1379 1649 1439 sustinenda}

708 1501 822 1550 XIX.
892 1503 1022 1550 Laus
1057 1504 1309 1565 Polycavpi
1344 1506 1580 1563 martyris.

287 1599 411 1647 Haec
446 1599 505 1646 de
542 1598 679 1646 beato
716 1599 988 1661 Polycarpo,
1026 1600 1105 1660 qui
1142 1614 1246 1646 cum
1282 1600 1350 1657 iis,
1391 1601 1468 1661 qui
1506 1615 1560 1648 ex
1587 1601 1912 1663 Philadelphia,
1950 1603 2133 1652 duodo·-

149 1669 295 1716 cimus
329 1668 550 1730 Smyrnae
583 1669 850 1730 martyrium
886 1674 962 1715 est
993 1682 1174 1730 passus,
1213 1668 1297 1716 sed
1335 1669 1464 1716 solus
1502 1669 1559 1716 ab
1597 1671 1809 1718 omnibus
1850 1672 2122 1730 celebratur,

147 1738 208 1784 ita
257 1742 311 1783 ut
342 1752 370 1783 a
404 1736 655 1798 gentilibus
691 1751 879 1799 quoqne
914 1737 1086 1799 ubique
1122 1738 1331 1785 locorum
1375 1746 1677 1797 memoretur3
1728 1742 1806 1801 qui
1841 1755 1935 1787 non
1973 1742 2122 1789 solum

147 1806 314 1854 doctor
347 1806 540 1868 insignis
573 1807 760 1864 exstitit,
794 1806 880 1854 sed
915 1807 1051 1854 etiam
1073 1814 1248 1869 martyr
1269 1808 1472 1865 eximius,
1513 1809 1641 1855 cuius
1668 1810 1952 1871 martyrium,
1990 1825 2121 1857 evan·

147 1875 268 1938 gelio
304 1874 475 1923 Christi
510 1888 792 1937 congruum,
829 1889 990 1923 omnes
1026 1876 1189 1923 imitari
1227 1877 1506 1923 desiderant.
1579 1876 1826 1938 Postquam
1864 1879 1983 1925 enim
2022 1894 2121 1927 sus·

148 1944 335 1992 tinendo
376 1944 596 1991 iniustum
630 1944 890 2006 praesidem
926 1945 1058 2001 vicit,
1096 1946 1256 2006 sicque
1294 1945 1643 1992 immortalitatis
1679 1960 1895 1993 coronam
1931 1949 2121 2011 recepit,

148 2028 250 2060 eum
298 2013 521 2075 apostolis
567 2012 871 2074 omnibusque
922 2013 1054 2060 iustis
1105 2014 1361 2071 exsultans,
1395 2015 1536 2061 Deum
1575 2028 1628 2061 ac
1672 2022 1848 2076 patrem
1880 2015 2121 2077 glorificat,

148 2090 196 2130 et
228 2082 460 2130 benedicit
494 2082 683 2129 Domino
720 2088 883 2130 nostro
919 2082 1023 2129 Iesu
1061 2082 1272 2140 Christo,
1310 2084 1561 2130 animarum
1598 2090 1855 2131 nostrarum
1893 2085 2119 2143 salvatori,

148 2158 481 2267 ‘ww
528 2157 793 2199 nostrorum
831 2151 1140 2213 gubernatori,
1179 2166 1267 2199 nec
1304 2167 1397 2199 non
1434 2153 1609 2214 pastori
1645 2153 1901 2202 catholicae
1938 2154 1985 2201 in
2023 2161 2119 2202 toto

148 2234 177 2267 o
299 2233 327 2267 e
454 2233 539 2267 iae.

618 2334 707 2383 XX.
777 2334 941 2384 uiuite
975 2335 1099 2383 hanc
1133 2336 1373 2395 epistolam
1410 2336 1656 2396 fratribus.

286 2432 379 2481 Vos
411 2432 597 2495 quidem
632 2431 880 2494 petieratis,
918 2438 970 2479 ut
1003 2439 1179 2488 cuncta,
1218 2446 1334 2493 quae
1372 2439 1502 2492 gesta
1540 2439 1662 2491 sunt,
1698 2432 1845 2481 fusius
1882 2434 2012 2482 vobis
2049 2450 2123 2483 ex-

146 2509 454 2566 ponerentur3
489 2515 575 2548 nos
606 2513 720 2548 vero
755 2501 1181 2562 impraesentiarum
1216 2501 1475 2547 summatim
1499 2502 1795 2549 indicavimus
1816 2516 1905 2564 per
1937 2503 2121 2551 fratrem

146 2578 353 2620 nostrum
388 2570 605 2618 {arcum-
675 2569 800 2626 Quae
836 2570 1020 2631 quidem
1059 2583 1160 2616 cum
1198 2568 1417 2630 legeritiS‚
1456 2570 1693 2632 epistolam
1729 2571 1947 2620 fratribus
1973 2587 2120 2620 remo-

147 2639 342 2690 tioribus
378 2639 709 2697 transmittatis,
746 2645 797 2686 ut
832 2645 880 2686 et
914 2638 1003 2700 ipsi
1037 2637 1300 2700 glorificent
1333 2639 1589 2698 Dominum,
1628 2641 1707 2701 qui
1745 2655 1799 2687 ex
1825 2642 1922 2688 suis
1943 2642 2123 2690 famulis

147 2710 372 2758 delectum
409 2708 532 2756 facit.
599 2708 668 2767 ni,
705 2708 786 2770 qui
811 2721 972 2755 omnes
994 2722 1080 2755 nos
1104 2708 1250 2770 gratia
1274 2722 1358 2755 sua
1394 2715 1528 2770 atque
1552 2709 1834 2771 indulgentia
1856 2712 1903 2757 in
1927 2725 2121 2772 regnum

146 2793 279 2827 suum
314 2784 547 2826 aeternum
580 2783 735 2841 potest
770 2776 989 2826 inducere
1023 2791 1107 2839 per
1135 2777 1417 2839 unigenitum
1455 2777 1599 2825 filium
1636 2792 1769 2826 suum
1807 2778 1958 2827 lesum
1993 2780 2120 2829 chri-

146 2855 294 2904 stum,
343 2847 431 2910 ipsi
479 2847 541 2894 sit
576 2845 746 2909 gloria,
793 2844 976 2903 honor,
1014 2847 1280 2908 imperium,
1328 2847 1570 2904 maiestas,
1610 2847 1656 2893 in
1709 2847 1878 2894 secula.
1949 2846 2118 2895 Amen!

144 2916 347 2964 Salutate
382 2927 543 2963 omncs
579 2921 781 2962 sanctos.
854 2913 962 2972 Vos,
998 2916 1077 2976 qui
1113 2914 1354 2963 nobiscum
1392 2923 1512 2973 sunt,
1552 2914 1760 2972 salutant,
1796 2923 1842 2963 et
1888 2918 1966 2978 qui
2003 2917 2113 2964 scri·

148 2986 241 3047 psit
275 2985 402 3041 baec,
437 2982 680 3031 avare-tus
716 2996 819 3030 cum
854 2983 978 3030 omni
1015 2982 1152 3030 domo
1191 2998 1286 3031 sua.

237 3102 285 3156 2)
313 3102 427 3156 Apud
457 3099 603 3143 Euseb-
633 3095 729 3141 ὑπὸ
760 3093 959 3142 πάντων
986 3098 1104 3153 pail·
1162 3099 1241 3140 καὶ
1270 3097 1394 3157 ἡμᾶς
1424 3096 1611 3148 πάντας
1646 3096 1985 3147 σὺνκοινωνοὺς
2013 3098 2119 3154 (sic.;

156 3164 239 3204 1.oe
306 3152 628 3216 ημονεόειαι.
1164 3165 1328 3210 συγκοι
1366 3156 1444 3197 alia
1496 3170 1635 3198 manns
1679 3156 1759 3196 alio
1800 3162 2022 3198 atramento
2068 3158 2118 3198 ad

242 3175 300 3270 ῦς
316 3214 500 3269 Ἰησοῦν
525 3234 585 3242 -
613 3211 783 3267 wia-37
803 3207 940 3269 ἡμόν
962 3224 985 3252 e
1006 3210 1107 3252 Cod.
1164 3209 1298 3262 oram)
1328 3208 1488 3255 αὐτῶν
1508 3214 1751 3268 γενέσθαι,
1771 3212 1849 3253 καὶ
1877 3209 2122 3268 ἐπιτυχεῖν

155 3273 282 3315 Paris.
312 3270 487 3314 restituit
515 3269 593 3310 lac.
1166 3267 1247 3318 τῆς
1275 3266 1517 3336 (Βασιλείας
1537 3271 1632 3311 τῶν
1643 3265 1873 3325 οὐρανῶν,
1896 3265 1983 3335 ιζύν
1999 3271 2047 3311 Χ
2061 3283 2117 3310 ιι-

237 3330 285 3382 4)
316 3328 414 3369 Post
434 3326 534 3367 baec
556 3323 760 3375 subiungit
777 3323 879 3365 eod.
894 3322 1007 3364 vind.
1027 3322 1106 3363 καὶ
1165 3323 1262 3375 σιῷ
1286 3324 1430 3375 Ιησοῦ
1449 3325 1515 3379 τῷ
1532 3326 1695 3381 Κυρίῳ
1718 3320 1867 3380 ἡμῶν,
1897 3337 1932 3379 ῳ
1951 3320 1977 3377 ἡ
1996 3283 2066 3367 ‹56‘
2087 3339 2117 3367 α

154 3384 208 3429 τὸ
240 3378 372 3428 narei
405 3394 480 3425 m
508 3380 589 3423 καὶ
620 3378 851 3431 (munior
880 3380 1105 3436 Πνεῦμα·
1163 3378 1239 3419 καὶ
1252 3375 1304 3420 τὸ
1315 3372 1485 3433 κράτος
1505 3380 1573 3427 εἰς
1590 3379 1696 3426 τοὺς
1716 3380 1894 3427 αἰῶνας
1915 3381 2011 3424 τῶν
2042 3381 2116 3422 αἱ·

149 3438 271 3485 ὅθεν
442 3434 579 3495 ἡμεῖς
624 3431 836 3483 ἅπαντες
883 3434 968 3478 τὸν
1057 3434 1108 3478 ἑν
1164 3430 1311 3477 τόνων.
1357 3430 1515 3492 Ἀμήν.
1547 3436 1726 3485 Caetera,
1755 3448 1883 3499 usque
1913 3436 1965 3478 ad
1998 3438 2117 3479 ssncm

154 3492 371 3554 Χριστὸν
387 3492 759 3550 προσκυνοῦμεν,
789 3489 855 3540 ὠς
880 3489 986 3535 υἱὸν
1028 3491 1109 3545 λη·
1165 3491 1279 3543 epist.
1325 3503 1404 3531 non
1447 3491 1629 3541 agnoscit
1658 3491 1757 3532 Cod.
1787 3490 1900 3533 vind.
1946 3492 2026 3535 Iac.

154 3551 299 3596 θιγὸγ
329 3546 448 3595 ὄντα
479 3550 564 3592 τοῦ
579 3548 726 3593 Θεοῦ·
757 3546 869 3596 τοὺς
897 3545 952 3591 δὶ
982 3545 1110 3606 μάρ-
1261 3546 1444 3599 cap.xx.
1509 3546 1550 3597 l)
1589 3543 1901 3604 διαπίμψατε
1958 3561 2113 3603 propo·

156 3622 313 3665 ropac,
343 3604 408 3656 ὥς
432 3602 650 3664 μιμητὰς
674 3604 754 3647 καὶ
771 3602 999 3662 μαθητὰς
1029 3605 1110 3645 τοῦ
1166 3609 1331 3644 suerunt
1361 3602 1546 3643 Usserius
1575 3610 1615 3644 ct
1646 3602 1836 3645 Smitbus.

155 3666 337 3725 Κυρίου
359 3660 624 3719 &raucum
645 3657 809 3711 ἀξίως·
841 3647 911 3705 ὦν
926 3660 1113 3717 γένοιτο
1253 3660 1299 3711 2)
1332 3659 1413 3700 Cir.
1442 3658 1555 3700 Rom.
1588 3658 1653 3711 16,
1684 3658 1864 3702 25-27,
