2340 3900
225 175 325 226 574
514 185 516 187 ’
950 173 1175 220 HERMAE
1210 174 1438 223 PASTOR.

366 310 439 356 111.
496 300 615 353 Ἀλλ’
669 299 754 367 οὐχ
802 301 943 352 ἕνεκα
983 300 1157 353 τούτου
1196 300 1426 388 ὀργίζεταί
1459 321 1536 355 σοι
1572 302 1599 356 ὁ
1635 302 1785 367 θεός,
1840 301 1934 355 ἄλλ’
1970 303 2054 356 ’ἵνα
2085 322 2172 357 νον

228 369 364 423 οἶκόν
409 386 498 422 σου
555 368 640 421 τὸν
687 367 993 435 ἆνομησαντα
1045 372 1113 431 εἰς
1163 368 1249 422 τὸν
1257 371 1453 459 κύριον
1486 373 1567 424 καὶ
1603 375 1671 434 εἰς
1706 371 1834 439 ὑμᾶς
1867 368 1982 431 τοὺς
2013 377 2172 439 γονεῖς

226 438 388 491 αὐτῶν
384 438 728 526 ἕπιστρέψῃς.
761 436 906 489 Ἀλλὰ
927 437 1208 503 φιλότεκνος
1242 461 1310 492 ων
1344 439 1436 493 οὐκ
1471 442 1744 502 ένουθέτεις
1780 457 1869 492 σου
1904 437 1990 491 τὸν
2017 436 2170 502 οἶκον,

226 506 318 559 ἄλλ’
370 505 568 573 ἀφῆκας
616 504 764 558 αὐτὸν
807 513 1188 594 καταφθαρῆναι
1223 510 1416 570 δεινῶς·
1463 508 1545 561 διὰ
1578 516 1719 563 τοῦτο
1757 508 1994 578 ὄργίζεταί
2028 525 2106 562 σοι
2137 505 2171 560 6

222 573 410 663 κύριος.
447 574 568 627 Ἀλλ’
596 573 779 627 ἰάσεταί
813 593 902 627 σου
939 596 1097 627 παντα
1131 573 1190 628 τὰ
1222 576 1465 665 γεγονότα
1482 577 1677 664 πονηρὰ
1709 580 1761 630 ἐν
1795 585 1862 649 τῷ
1899 579 2017 648 οἴκῳ
2052 593 2166 630 σου·

225 640 307 695 διὰ
354 643 447 713 γὰρ
498 643 556 695 τὰ
604 645 799 696 ἐκείνων
827 642 1156 733 ἁμαρτήματα
1188 647 1270 698 καὶ
1307 645 1591 743 ἆνομιήματα
1625 645 1686 699 σὺ
1721 631 2036 717 κατεφθᾶρης
2070 644 2169 699 ἀπὸ

223 718 319 765 τῶν
361 716 601 779 βιωτικῶν
640 711 950 802 πραγμάτων.
1016 712 1135 766 Ἀλλ’
1185 712 1220 781 ἦ
1269 719 1439 782 πολλη1
1492 715 1809 782 εὐσπλαγχνία
1854 722 1940 768 τοῦ
1989 717 2164 784 κυρίου

239 780 394 847 ’λέησέ
446 797 520 845 σε,
575 783 656 833 καὶ
713 803 797 833 τον
842 779 980 836 οἶκόν
1022 797 1112 841 σου
1165 784 1498 871 ἰσχυροποίησε
1545 787 1626 837 καὶ
1666 786 1979 869 έθεμελίωσεν
2015 785 2067 835 ἐν
2109 789 2169 855 τῇ

223 804 343 938 ἒόξῃ
399 849 577 901 αὐτοῦ·
631 847 691 902 σὺ
736 849 890 916 μόνον
936 847 1002 938 μὴ
1037 853 1362 938 ῥἀθυμήσεις2
1379 894 1392 916 ,
1446 851 1564 904 ἀλλὰ
1599 851 1829 918 εὐψύχει,
1865 854 1948 904 καὶ
1984 854 2170 938 ἰσχυρο-

223 918 442 985 ποιήσεις
486 936 574 971 σου
619 917 706 971 τὸν
754 916 902 972 οἶκον.
972 918 1058 981 Ὡς
1099 919 1190 1007 γὰρ
1224 920 1423 987 χαλκεὺς
1435 927 1784 1008 σφυροκοπῶν
1817 918 1870 972 τὸ
1909 922 2048 988 ε’ργον
2085 918 2171 974 αὖ·

224 994 310 1039 τοῦ
342 990 633 1056 περιγίνεται
665 994 754 1039 τοῦ
789 986 1063 1074 πράγματος
1098 983 1157 1041 οὗ
1193 991 1352 1054 θέλει,
1403 988 1556 1050 οὕτως
1601 989 1632 1042 6
1666 989 1808 1058 λόγος
1831 986 2172 1076 καθημερινὸς

222 1058 304 1108 καὶ
341 1059 528 1117 δίκαιος
561 1059 852 1131 περιγίνεται
884 1058 1044 1145 πάσης
1077 1062 1330 1143 πονηρίας.
1400 1057 1495 1123 Μὴ
1533 1061 1757 1145 διαλίπης
1792 1052 1883 1110 οὗν
1918 1064 2173 1111 νουθετῶν

224 1142 312 1177 σου
361 1124 419 1177 τὰ
466 1126 632 1177 τέκνα·
682 1123 820 1187 οἶδας
852 1148 943 1195 γαρ
977 1126 1066 1193 ότι,
1105 1125 1191 1178 ἐὰν
1226 1124 1583 1193 μετανοησωσιν
1616 1127 1665 1188 ἐξ
1699 1110 1816 1193 όλης
1825 1129 2052 1212 καρδίας
2084 1125 2172 1180 αὖ·

225 1201 338 1257 τῶν,
374 1192 761 1282 ἐγγραφήσονται
797 1197 865 1255 εἰς
897 1215 981 1256 τας
1014 1172 1214 1262 βίβλους
1248 1216 1334 1261 της
1369 1200 1492 1261 ζωῆς
1525 1194 1642 1262 μετὰ
1675 1201 1772 1249 τῶν
1808 1193 1972 1284 αγίων.
2026 1195 2172 1248 Μετὰ

223 1262 276 1315 τὸ
313 1269 573 1330 παυθῆναι
608 1262 760 1330 αὐτῆς
793 1284 852 1315 τα
887 1285 1075 1352 ρηματα
1110 1270 1260 1315 ταῦτα
1313 1264 1436 1332 λέγει
1479 1285 1563 1330 μοι
1638 1265 1800 1326 Θέλεις
1835 1263 2044 1319 ἀκοῦσαί
2072 1284 2173 1330 μου

223 1331 671 1420 ἀναγινωσκούσης,
722 1333 866 1419 Λέγω
911 1331 1044 1400 κάγώ
1122 1332 1281 1395 Θέλω,
1333 1336 1479 1421 κυρία
1511 1353 1624 1399 μου.
1692 1334 1839 1418 Λέγει
1875 1355 1958 1401 μοι
2017 1338 2173 1387 Γενοῢ

227 1400 498 1472 ἀκροατὴς
513 1403 595 1453 καὶ
630 1422 778 1454 ακουε
810 1400 894 1463 τὰς
932 1403 1076 1464 δόξας
1106 1407 1195 1453 τοῦ
1231 1407 1373 1455 θεοῦ.
1427 1400 1655 1454 ’Ήκουσα
1689 1401 1897 1492 μεγάλας
1929 1403 2015 1456 καὶ
2044 1411 2174 1457 θαυ·

228 1469 422 1535 μαστᾶς,
460 1472 528 1522 ὡν
564 1468 655 1523 οὐκ
674 1472 860 1555 ἰ’σχυσα
895 1476 1247 1537 μνημονεῦσαι·
1283 1492 1443 1522 παντα
1441 1493 1566 1542 γαρ
1606 1493 1664 1523 τα
1700 1472 1904 1558 ρήματα
1923 1473 2173 1540 ἕκφρικτα,

225 1538 258 1590 ἃ
307 1537 367 1590 οὗ
419 1538 619 1591 δύναται
637 1536 933 1625 ἄνθρωπος
952 1539 1180 1591 συνιέναι.
1258 1545 1366 1591 Τῶν
1402 1542 1493 1591 οὐν
1516 1539 1739 1627 έσχατων
1774 1539 1999 1627 ῥημάτων
2033 1542 2174 1628 ἔμνη-

227 1607 466 1694 μόνευσα·
498 1601 564 1674 ἦν
597 1629 686 1676 γαρ
721 1605 839 1692 ἡμῖν
875 1605 1101 1676 σύμφορα
1135 1608 1218 1660 καὶ
1250 1607 1434 1694 ημερα·
1505 1605 1643 1671 ,Ἰδοὺ
1678 1607 1707 1660 6
1745 1607 1868 1672 θεὸς
1899 1616 1995 1662 τῶν
2031 1610 2171 1662 δυνα-

224 1696 350 1742 μεων
367 1717 381 1740 ,
438 1673 500 1729 6.
694 1674 897 1742 δυναμει
945 1698 1027 1728 και
1085 1682 1318 1766 κραταιᾷ,
1377 1675 1406 1729 6
1454 1682 1512 1749 τῇ
1559 1675 1737 1749 μεγαλῃ
1787 1679 1975 1732 συνέσει
2019 1676 2173 1731 αὐτοῦ

223 1747 392 1805 κτίσας
446 1743 532 1796 τὸν
583 1741 767 1810 κόσμον
817 1745 900 1795 καὶ
946 1751 1006 1833 τῇ
1043 1744 1219 1812 ἔνδόξω
1255 1746 1405 1797 αὐτοῦ
1420 1730 1594 1829 βόυλῇ
1630 1748 1851 1833 περιθεις
1882 1745 1971 1814 τὴν
1983 1744 2172 1836 εὐπρέ-

230 1833 373 1866 πειαν
407 1818 485 1897 τῇ
499 1813 673 1872 κτίσει,
722 1812 806 1863 καὶ
839 1833 905 1863 τω
938 1815 1118 1897 ἰσχυρῷ
1155 1797 1330 1879 ῥήματι
1363 1813 1520 1878 πήξας
1554 1836 1638 1865 τον
1672 1835 1885 1882 ουρανον
1918 1815 2000 1867 καὶ
2035 1821 2174 1882 θεμε-

225 1879 401 1941 λιῶσας
436 1877 525 1947 τὴν
558 1885 652 1949 γῆν
687 1879 764 1932 ἐπὶ
799 1886 895 1933 τῶν
928 1865 1157 1943 ὖδατων,
1193 1881 1274 1932 καὶ
1295 1886 1370 1968 τῇ
1402 1883 1502 1933 ι’δία
1539 1883 1689 1948 σοφία
1724 1883 1807 1934 καὶ
1839 1885 2045 1968 προνοία
2078 1884 2176 1971 κτΙί-

225 1966 314 2012 σας
360 1945 449 2015 τὴν
497 1948 754 2036 ἐκκλησίαν
804 1947 985 2012 αὐτοῦ,
1028 1971 1093 2035 ην
1141 1950 1224 2001 καὶ
1260 1933 1544 2039 εὐλόγησεν,
1609 1948 1717 2003 ἰδοὺ
1752 1950 2030 2017 μεθιστάνει
2063 1948 2178 2014 τους

227 2016 468 2106 ουρανοὺς
502 2018 586 2069 καὶ
620 2015 680 2068 τὰ
717 2015 806 2103 όρη
842 2019 924 2070 καὶ
959 2015 1074 2080 τοὺς
1107 2016 1320 2083 βουνους
1355 2020 1436 2072 καὶ
1467 2019 1554 2082 τὰς
1590 2018 1864 2084 θαλασσας,
1901 2020 1984 2074 καὶ
2017 2041 2176 2074 παντα

227 2083 405 2177 ὄμαλα
405 2089 646 2173 γίνονται
693 2093 795 2148 τοῖς
829 2088 1065 2149 ἐκλεκτοῖς
1098 2085 1275 2152 αὐτοῦ,
1325 2110 1406 2140 ινα
1452 2087 1620 2178 ἀποδῷ
1656 2088 1822 2151 αὐτοῖς
1855 2088 1967 2177 τὴν
1981 2090 2173 2179 έπαγγε·

225 2159 350 2219 λίαν,
383 2154 448 2223 ἢν
484 2157 817 2243 ἐπηγγείλατο,
862 2155 978 2223 μετὰ
1012 2162 1194 2224 πολλῆς
1230 2155 1376 2241 δόξης
1409 2159 1493 2210 καὶ
1525 2179 1690 2227 χαρας,
1727 2157 1813 2211 έαν
1847 2157 2086 2229 τηρησωσι
2117 2157 2177 2214 τὰ

224 2224 406 2294 νόμιμα
433 2231 519 2278 τοῦ
555 2231 680 2277 θεοῦ
713 2246 835 2294 απερ
872 2227 1044 2293 ἐλαβον
1081 2227 1133 2278 ἐν
1170 2224 1346 2299 μεγάλῃ
1381 2229 1565 2281 πίστειί

364 2355 432 2403 IV.
490 2349 612 2402 ’Ὅτε
661 2370 752 2402 ουν
798 2350 1003 2403 ἐτέλεσεν
1046 2348 1444 2425 ἇναγινιόσκουσα
1486 2354 1570 2406 καὶ
1615 2351 1804 2422 ἠγέρθη
1841 2349 1938 2406 ἀπὸ
1974 2357 2062 2420 τῆς
2095 2372 2177 2406 κα-

228 2417 444 2502 θέδρας,
484 2411 646 2484 ἦλθον
691 2420 915 2486 τέσσαρες
949 2421 1194 2472 νεανίσκοι
1230 2421 1312 2472 καὶ
1345 2425 1473 2488 ’ἦραν
1508 2420 1596 2489 τὴν
1631 2423 1879 2509 καθέδραν
1912 2422 1997 2474 καὶ
2028 2419 2178 2488 6⁷:⁸52*st-

226 2492 325 2538 θον
356 2483 480 2553 πρὸς
514 2485 602 2552 τὴν
639 2485 904 2573 ἀνατολήν·
939 2495 1293 2575 προσκαλεῖται
1339 2491 1392 2541 δέ
1427 2511 1484 2556 με
1519 2513 1602 2542 και
1635 2490 1801 2558 ἥψατο
1835 2497 1921 2543 τοῦ
1958 2489 2177 2558 στήθους

227 2572 322 2621 μου
367 2554 452 2606 καὶ
501 2555 622 2641 λέγει
671 2576 751 2622 μοι
771 2553 951 2644 ”Ηρεσέ
987 2573 1063 2607 σοι
1097 2579 1133 2621 η
1168 2555 1441 2644 ἆναγνωσίς
1476 2580 1598 2625 μους
1656 2561 1809 2648 Λέγω
1836 2557 1960 2630 αὐτῇ
1996 2561 2176 2642 Κυρία,

229 2621 381 2676 ταῦτά
427 2643 509 2690 μοι
542 2621 601 2675 τὰ
636 2625 805 2690 ε’σχατα
840 2623 1038 2691 ἆρεστα,
1090 2622 1150 2675 τὰ
1192 2625 1244 2676 δὲ
1276 2624 1485 2692 πρότερα
1520 2627 1699 2694 χαλεπὰ
1733 2628 1815 2679 καὶ
1831 2611 2067 2715 σκληρά.
2119 2622 2186 2678 Ἦ

230 2692 283 2745 δὲ
318 2694 413 2758 ἔφη
449 2713 531 2757 μοι
576 2693 780 2762 λέγουσα
855 2698 1017 2744 Ταῦτα
1052 2714 1111 2743 τα
1162 2694 1331 2760 ἔσχατα
1366 2700 1467 2756 τοῖς
1503 2698 1738 2760 δικαίοις,
1792 2717 1850 2746 τα
1885 2695 1938 2747 δὲ
1970 2693 2178 2780 πρότερα

229 2768 330 2823 τοῖς
383 2762 601 2847 ἕθνικοῖς
648 2763 731 2813 καὶ
766 2769 881 2848 ὃνἰ-οῖς
935 2760 1237 2824 ἀποστάταις.
1308 2763 1569 2848 Λαλούσης
1615 2763 1766 2831 αὐτῆς
1799 2761 1893 2829 μετ’
1933 2765 2053 2829 ἐμοῦ
2086 2758 2178 2824 δυο

231 2828 403 2916 ἄνδρες
438 2822 598 2895 ηλθον
633 2832 716 2882 καὶ
752 2852 879 2916 ηραν
913 2828 1067 2918 αὐτην
1101 2836 1198 2883 τῶν
1221 2829 1464 2918 ἀγκώνων
1509 2834 1589 2885 καὶ
1629 2832 1880 2900 απῆλθον,
1933 2832 2063 2885 ’ὅπου
2095 2822 2183 2884 »αἶ

229 2897 262 2966 ἡ
309 2898 550 2987 καθέδρα,
608 2898 731 2967 πρὸς
777 2921 866 2967 την
902 2897 1151 2967 ἀνατολήν.
1221 2898 1380 2967 Ἱλαρᾶ
1417 2901 1468 2952 δὲ
1504 2901 1755 2969 ἀπῆλθεν,
1808 2902 1892 2955 καὶ
1926 2899 2179 2971 ἇπαγουσα

230 2966 351 3039 λέγει
385 2988 468 3034 μοι
530 2967 807 3036 Ἀνδρίζου,
841 2968 1010 3038 Ἑρμᾶ.

987 3123 1300 3175 ΟΡΑΣΙΣ
1345 3119 1423 3179 B'.

368 3229 400 3277 1.
488 3224 833 3313 Πορευομένου
879 3245 978 3292 μου
1029 3227 1096 3286 εἰς
1145 3222 1346 3291 Κώμην1
1392 3222 1517 3277 κατὰ
1562 3221 1648 3277 τὸν
1691 3221 1863 3314 καιρὸν
1909 3221 1968 3275 ον
2011 3223 2181 3290 πέρυσι

228 3290 572 3361 περιεπάτουν,
622 3291 938 3361 ἆνεμνήσθην
972 3299 1060 3361 τῆς
1093 3297 1355 3362 περυσινῆς
1390 3293 1626 3364 ὁράσεως,
1669 3289 1751 3345 καὶ
1785 3290 1928 3346 πάλιν
1960 3312 2023 3358 με
2056 3293 2178 3360 αι’ρει

318 3434 413 3486 Cap.
440 3434 505 3474 111.
568 3434 610 3484 1)
640 3432 680 3472 in
714 3446 852 3485 apogr.
886 3439 946 3473 est
974 3430 1000 3485 ἡ
1031 3429 1176 3484 πολλὴ
1233 3427 1285 3478 ὃς
1311 3430 1471 3485 ἀγανῷ
1505 3430 1604 3475 (hm.
1632 3430 1712 3471 καὶ
1738 3444 1822 3486 κρῆ
1855 3439 1957 3482 quae
1976 3430 2131 3473 etiamsi
2151 3429 2176 3470 ὀ

233 3485 258 3538 ἡ
290 3488 451 3552 εὐσπλ.
1234 3498 1310 3539 pro
1342 3486 1395 3534 ὃς
1418 3486 1658 3537 sut-ibamus,
1685 3499 1770 3526 non
1796 3486 1897 3527 satis
1925 3491 2126 3568 effamur.

316 3543 361 3648 ἐξ
390 3551 446 3636 aa
459 3557 607 3650 ἓξὲξ...
642 3600 726 3640 sere
764 3598 826 3640 sic
870 3598 1062 3650 scriptum
1093 3604 1178 3638 est:
1324 3595 1364 3649 1)
1395 3591 1579 3653 κώμηνε
1612 3595 1672 3639 sio
1701 3595 1740 3638 h.
1771 3596 1799 3636 1.
1833 3604 1972 3649 apogr.
