2340 3900
785 99 818 146 1.
857 97 1167 147 CLEMENTIS
1204 101 1275 148 AD
1313 101 1435 149 COR.
1470 102 1521 150 V.
1557 101 1628 150 VI.
2129 99 2197 151 53

215 246 334 296 sunt,
373 245 419 286 et
454 244 679 286 venerunt
714 252 862 300 usque
901 239 958 285 ad
993 244 1202 285 mortem.
1274 239 1504 288 Ponamus
1541 231 1678 288 nobis
1701 246 1804 287 ante
1843 240 2004 288 oeulos
2042 241 2191 289 bonos

211 309 470 371 Apostolos.
540 309 737 370 Propter
770 308 917 356 zelum
971 308 1178 369 iniquum
1213 309 1375 356 Petrus
1411 325 1502 357 non
1552 324 1691 357 unum
1728 316 1804 357 aut
1837 310 2057 368 alterum,
2107 313 2190 358 sed

208 379 366 441 plures
403 378 589 425 labores
628 379 832 436 sustulit,
882 384 1018 439 atque
1067 377 1129 423 ita
1173 380 1438 439 martyrium
1476 395 1640 441 passus
1689 381 1735 426 in
1774 380 1976 428 debitum
2014 381 2187 442 gloriae

208 449 359 495 locum
396 448 625 495 discessit.
695 449 893 510 Propter
929 447 1075 494 zelum
1114 452 1158 493 et
1194 448 1358 502 Paulus
1395 451 1639 511 patientiae
1662 451 1915 512 praemium
1950 457 2187 514 reportan-

209 518 316 565 dum
352 518 582 575 sustinuit,
623 519 793 580 septies
830 518 877 565 in
914 516 1093 563 vincula
1120 517 1370 575 coniectUS,
1409 519 1604 580 fugatus,
1637 521 1874 581 lapidatus
1931 521 1981 567 In
2007 522 2186 568 oriente

209 602 261 634 ac
300 589 544 635 occidente
579 587 708 635 verbi
743 601 915 650 praeco
950 586 1128 640 factuS,
1180 586 1404 634 illustrem
1455 588 1563 635 fidei
1613 604 1722 636 suae
1781 590 1945 638 famam
1994 592 2185 639 sortitus

209 663 304 712 est,
351 658 398 703 in
432 658 603 713 iustitia
638 658 858 707 mundum
895 657 1158 704 universum
1195 657 1458 714 instruens,
1497 664 1542 704 et
1578 660 1635 706 ad
1672 659 1925 707 occidentis
1963 661 2184 708 terminos

207 728 419 784 veniens,
470 735 517 774 et
563 727 649 774 sub
697 726 943 789 praefectis
987 726 1255 788 martyrium
1303 726 1503 773 subienS.
1576 728 1651 794 Sic
1689 744 1714 776 e
1752 731 1922 777 mundo
1960 731 2182 793 migravit,

206 803 253 844 et
286 798 334 843 in
370 797 525 844 locum
562 804 769 844 sanctum
805 796 926 854 abiit,
963 797 1209 858 patientiae
1247 811 1473 843 summum
1509 799 1740 859 exemplar
1774 801 1990 848 existens,

652 923 718 970 VI.
790 923 1101 971 Continuatio.
1172 924 1338 970 Plures
1375 924 1463 970 alii
1498 930 1747 984 martyres.

342 1021 462 1068 Viris
510 1023 610 1069 istis
648 1029 805 1069 sancte
853 1022 989 1068 vitam
1034 1021 1378 1081 instituentibus
1425 1036 1588 1082 magna
1635 1022 1887 1069 electorum
1939 1026 2182 1073 multitudo

202 1097 447 1153 aggregata
483 1099 567 1149 est,
605 1093 684 1153 qui
710 1091 939 1154 supplicia
960 1091 1100 1138 multa
1136 1098 1184 1138 et
1217 1098 1445 1138 tormenta
1469 1097 1662 1154 propter
1686 1092 1832 1138 zelum
1855 1095 1994 1153 passi,
2033 1110 2184 1143 exem-

200 1161 300 1223 plar
336 1162 557 1223 optimum
597 1164 717 1209 inter
753 1175 839 1208 nos
877 1162 1135 1208 extiterunt.
1207 1162 1406 1223 Propter
1455 1162 1601 1209 zelum
1637 1162 1856 1209 mulieres
1894 1166 2179 1224 persecutio-

200 1245 307 1278 nem
344 1245 533 1292 passae‚
574 1231 800 1279 Danaidae
838 1238 885 1278 et
919 1232 1107 1289 Dirc-ae,
1156 1238 1402 1293 postquam
1454 1233 1608 1293 gravia
1645 1239 1689 1278 et
1727 1232 1921 1278 nefanda
1959 1236 2185 1296 supplicia

202 1302 542 1358 sustinuerunt,
604 1303 661 1349 ad
708 1301 890 1348 firmum
939 1301 1046 1348 fidei
1092 1316 1278 1348 cursum
1316 1303 1631 1363 pertigerunt,
1680 1309 1724 1348 et
1761 1302 1935 1349 debiles
1983 1318 2183 1366 corpore

199 1371 355 1419 nobile
388 1372 642 1433 praemium
678 1378 970 1434 acceperunt.
1019 1371 1152 1419 Zelus
1175 1385 1369 1418 uxorum
1407 1373 1582 1419 animos
1621 1386 1646 1418 a
1682 1373 1856 1419 maritis
1895 1373 2181 1432 abalienavit,

199 1447 246 1487 et
282 1441 450 1488 dictum
482 1442 625 1503 patris
661 1443 810 1489 nostri
842 1442 1001 1488 Adami
1037 1443 1250 1488 mutavit:
1288 1442 1396 1500 ,hoc
1433 1443 1522 1489 iam
1564 1457 1616 1489 os
1655 1454 1712 1489 ex
1748 1442 1932 1489 ossibus
1969 1444 2100 1501 meiS,
2140 1451 2186 1491 et

200 1524 306 1557 caro
344 1525 400 1558 ex
436 1525 574 1558 carne
611 1509 744 1559 mea.‘
791 1511 924 1558 Zelus
962 1519 1008 1559 et
1044 1513 1278 1560 contentio
1316 1512 1454 1560 urbes
1492 1527 1679 1574 magnas
1718 1513 1894 1570 evertit,
1934 1520 1980 1560 et
2018 1519 2180 1575 gentes

200 1595 470 1628 numerosas
509 1581 714 1630 funditus
751 1582 928 1630 delevit.

198 1747 242 1789 h.
275 1745 301 1786 l.
343 1752 548 1798 exponunt
582 1745 832 1795 Pearsonus,
863 1744 1051 1786 Neander
1090 1743 1156 1798 (K.

201 1803 247 1844 G.
274 1803 304 1843 1.
341 1815 383 1855 p.
404 1804 472 1845 79.
516 1809 555 1844 et
592 1802 736 1843 Gesch.
785 1802 822 1843 d.
866 1802 1084 1854 Pssanzung
1127 1802 1156 1843 I.

200 1872 242 1912 p.
274 1859 421 1910 265.)‚
472 1859 643 1901 Guerike
692 1858 904 1911 (Beitrage
942 1871 982 1910 p.
1021 1859 1156 1910 122.)‚

202 1917 292 1968 Hug
342 1916 550 1969 (Ein1.11.
599 1928 639 1968 p.
669 1915 795 1967 322.)
851 1921 891 1956 et
930 1915 1157 1956 Olshausen

202 1971 339 2023 (stud.
367 1986 408 2013 n.
437 1973 537 2013 Krit.
571 1971 691 2012 1838.
721 1971 781 2011 lV.
812 1983 852 2023 p.
867 1971 1157 2023 953—957.).

209 2029 428 2081 Hispaniae
461 2035 529 2069 aut
559 2028 628 2068 alii
648 2034 773 2068 terrae
790 2029 994 2068 remotiori
1027 2028 1160 2067 favent

206 2085 352 2126 Schott
379 2086 644 2138 (Erorterung
665 2084 850 2124 chronol.
865 2084 1019 2124 Punkte
1037 2083 1158 2124 1832.

201 2141 405 2193 p.l23.)et
414 2140 1022 2191 wocher(T1·1b.Quartalschrirt
1038 2140 1157 2181 1830.

202 2198 263 2247 IV,
302 2197 386 2239 626
411 2197 541 2250 sqq.).
601 2197 679 2238 Pro
717 2197 922 2237 Britannia
972 2196 1158 2249 denique,

205 2260 307 2295 teste
354 2254 613 2303 Jacobsono,
676 2253 924 2294 contendunt
973 2253 1159 2294 Usserius

202 2310 318 2361 (Brit.
349 2310 458 2351 Eccl.
488 2310 619 2363 Antiq.
652 2309 760 2360 ε.1.)
791 2317 830 2350 et
863 2309 1156 2360 Stillingssseet,

201 2366 309 2418 Orig.
342 2367 439 2407 Brit.
470 2380 503 2407 c.
542 2367 577 2408 1.
607 2367 653 2408 Η.
711 2367 755 2406 In
784 2367 858 2419 Ep.
891 2365 1015 2406 Clem.
1044 2366 1157 2406 Rom.

201 2423 254 2463 ad
281 2423 477 2463 Jacobum
498 2436 533 2464 c.
557 2424 592 2464 1.
623 2423 690 2463 hic
709 2422 1042 2463 commentarius:
1074 2419 1158 2464 τὸν

198 2475 430 2537 ἐσόμενον
449 2477 638 2534 ἀγαθὸν
669 2474 763 2534 ὅλῳ
787 2481 855 2534 τῷ
885 2473 1050 2535 κόσμῳ
1065 2493 1158 2537 μη-

199 2538 341 2579 νῦσαι
378 2536 599 2590 βασιλέα,
647 2535 814 2595 μέχρις
850 2532 1062 2578 ἐνταῦθα
1100 2536 1158 2594 τῇ

196 2588 350 2652 Ῥώμῃ
380 2589 649 2650 γενόμενος,
678 2587 972 2647 θεοβουλήτῳ
1017 2589 1159 2634 διδα-

204 2650 374 2704 σκαλίᾳ
394 2645 557 2700 σώζων
576 2645 878 2706 ἀνθρώπους,
908 2648 1051 2697 αὐτὸς
1075 2650 1159 2691 τοῦ

205 2709 294 2751 νῦν
318 2709 425 2761 βίου
449 2708 616 2761 βιαίως
644 2707 699 2750 τὸ
735 2707 814 2757 ζῆν
881 2702 1140 2759 ετήλλαξεν.

293 2765 363 2819 11)
394 2764 473 2805 Sub
510 2764 698 2817 Tiyellino
738 2770 778 2804 et
808 2721 1043 2816 lllylmphidio
1079 2763 1156 2804 Sa-

203 2821 321 2873 bino,
357 2820 500 2862 ultimo
531 2821 703 2862 Neronis
749 2833 854 2862 anno
893 2821 1042 2862 Romae
1082 2820 1158 2860 do-

203 2877 461 2918 minantibus.
520 2878 610 2929 Hug
638 2876 760 2930 (Einl.
782 2878 828 2918 11.
857 2890 898 2930 p.
916 2877 1031 2931 323).
1080 2877 1157 2917 Alii

205 2933 244 2975 h.
274 2934 302 2975 l.
333 2934 382 2974 de
414 2934 572 2975 duobus
604 2934 760 2976 libertis
790 2940 830 2975 et
859 2934 998 2975 amicis
1028 2935 1159 2975 Nero-

202 2990 277 3042 nis,
306 2991 422 3032 Helio
459 2990 696 3032 Caesariano
735 2996 774 3032 et
804 2990 997 3042 Polycleto
1032 2991 1160 3043 expli-

205 3053 316 3097 cant,
365 3048 434 3101 qni
479 3049 639 3089 Nerone
683 3047 723 3088 in
774 3047 941 3088 Graecia
990 3048 1158 3100 degente

201 3104 243 3144 A.
277 3104 328 3146 67
364 3104 496 3145 omnia
526 3104 809 3156 gubernarunt.
870 3103 1026 3145 Schott.
1059 3104 1104 3155 (l.
1124 3118 1157 3145 c.

202 3172 241 3211 p.
274 3159 387 3214 129.)
430 3167 469 3202 et
507 3161 694 3202 Neander
732 3159 897 3213 (Gesch.
941 3161 979 3201 d.
1011 3161 1158 3201 PssanZ.

203 3216 230 3256 l.
259 3216 375 3269 265.)
406 3218 444 3258 h.
475 3217 501 3259 l.
532 3217 587 3258 ita
620 3217 840 3271 explicant:
892 3230 1026 3258 coram
1068 3231 1156 3258 ma-

203 3274 436 3323 yistratibus
465 3280 500 3316 et
525 3275 770 3328 principibus
802 3278 927 3315 terrae
952 3276 1155 3315 veritatem

204 3329 459 3372 christianam
486 3334 695 3385 professus
726 3336 797 3372 est.
837 3331 883 3372 H.

291 3385 387 3439 Cap.
420 3387 483 3429 vl.
545 3389 586 3441 1)
615 3387 752 3429 Iunius
792 3387 855 3428 ed.
896 3388 1059 3438 θείως,
1103 3387 1155 3428 ad

206 3453 328 3493 marg.
356 3455 488 3486 veram
516 3444 605 3486 Meti
635 3444 728 3486 lect.
758 3441 904 3492 ὁσίως
931 3444 1156 3498 adponens.

290 3496 336 3551 2)
364 3498 422 3540 lta
462 3500 640 3542 editores
678 3500 778 3542 Cod.
821 3500 912 3543 lect.
962 3501 1158 3548 πολλαῖς

211 3552 386 3603 αἰκίαις
418 3555 496 3597 καὶ
521 3552 746 3611 βασάνοις
779 3557 1059 3610 corrigendam
1080 3570 1157 3611 pu-

209 3615 354 3653 tarunt.
418 3610 756 3657 Coniectaverim:
796 3614 969 3663 οἵτινες
999 3611 1050 3658 ἐν
1084 3613 1158 3655 αἰ-

1213 1744 1337 1791 κίαις
1366 1742 1444 1784 καὶ
1473 1740 1701 1798 βασάνοις
1734 1740 1888 1786 πολλὰ
1921 1740 2182 1795 παθόντες,

1214 1798 1296 1842 διὰ
1327 1801 1459 1855 ζῆλον
1491 1797 1698 1856 ὑπόδειγ
1739 1815 1768 1842 α
1795 1796 2050 1844 κάλλιστον
2081 1800 2183 1857 ἐγέ-

1213 1870 1353 1901 νοντο
1394 1855 1445 1900 ἐν
1484 1855 1612 1916 ἡμῖν.
1710 1858 1796 1899 elus
1846 1859 1996 1912 quippe
2041 1872 2182 1899 eorum

1215 1912 1337 1983 πρὸς
1370 1914 1503 1967 ζῆλον
1531 1915 1609 1955 καὶ
1639 1916 1847 1971 μίμησιν
1877 1917 1974 1958 τῶν
2005 1916 2072 1962 εἰς
2103 1913 2183 1958 οὑ-

1215 1983 1379 2025 ρανιον
1409 1972 1570 2027 τρίβον
1609 1967 1798 2012 ὁδεύειν
1829 1966 2075 2013 θελόντων
2104 1971 2183 2012 καὶ

1217 2023 1420 2072 ἐλπίδας
1453 2022 1662 2080 ἐχόντων
1690 2027 1935 2079 βασιλείας
1964 2024 2183 2083 οὐρανῶν

1216 2077 1497 2139 &notabam
1514 2080 1597 2124 διὰ
1635 2083 1855 2135 θλίψεων
1894 2082 1974 2124 καὶ
2015 2079 2180 2126 πόνων

1217 2138 1420 2189 πολλῶν,
1449 2136 1660 2192 οἱονὲτὰς
1678 2141 1775 2181 τῶν
1789 2135 2050 2198 μαρτύρων
2083 2153 2180 2181 πα-

1217 2197 1444 2250 λαίστρας
1489 2194 1568 2236 καὶ
1620 2194 1820 2250 ἀγῶνας.
1898 2195 1978 2237 Cfr.
2028 2196 2175 2249 Epiph.

1217 2252 1401 2292 Monachi
1434 2258 1472 2292 et
1501 2252 1639 2292 Presb.
1674 2252 1737 2292 ed.
1766 2252 1929 2292 Dressel
1961 2266 2001 2304 p.
2033 2253 2103 2293 45.

1302 2308 1346 2359 3)
1382 2309 1439 2348 Ita
1482 2307 1581 2348 Cod.
1629 2308 1738 2349 Alex.
1782 2314 1883 2349 teste
1929 2309 2178 2351 Jacobsono.

1215 2365 1409 2406 Ediderat
1437 2365 1573 2404 Iunius
1606 2361 1870 2416 [Δαναΐδες
1890 2365 1968 2406 καὶ
1991 2367 2181 2423 Δίρκη],

1216 2434 1318 2475 quae
1349 2420 1470 2461 lectio
1502 2428 1650 2472 sponte
1684 2433 1775 2462 sese
1808 2422 2075 2463 commendat.
2096 2422 2176 2464 Co-

1215 2478 1380 2520 telerius
1410 2477 1734 2519 substituendum
1774 2485 1912 2519 monet
1927 2474 2095 2533 Δανάη
2126 2493 2178 2523 τε

1214 2535 1294 2576 καὶ
1324 2536 1497 2588 Δίρκη,
1533 2534 1766 2575 Colomesio
1811 2535 1998 2577 lubenter
2035 2549 2176 2577 assen—

1214 2593 1350 2633 tiente.
1409 2593 1626 2644 Utramque
1646 2593 1806 2632 Nerone
1835 2593 1935 2644 Imp.
1968 2593 2047 2634 fide
2077 2593 2174 2634 illu-

1214 2655 1318 2690 stres
1338 2649 1530 2689 faeminas
1553 2649 1692 2699 fuisse,
1714 2649 1783 2689 ille
1803 2649 2004 2702 opinatur,
2033 2663 2175 2703 quam-

1214 2707 1274 2747 vis
1308 2712 1348 2747 et
1377 2705 1542 2746 traditio
1575 2711 1614 2746 et
1635 2706 1804 2746 historia
1837 2706 1886 2747 de
1910 2706 1966 2747 eis
1997 2707 2174 2749 silescat.

1214 2763 1375 2804 Boisius
1406 2760 1613 2816 εὐσεβεῖς
1634 2762 1712 2803 καὶ
1739 2762 1908 2804 πισταὶ
1935 2764 2058 2805 scribi
2076 2764 2174 2817 vult,

1217 2817 1363 2875 ἁγναί
1389 2819 1535 2861 τεκαὶ
1565 2816 1745 2860 δίκαιαι
1763 2820 1960 2862 Davisius.
2017 2821 2061 2861 ln
2080 2821 2172 2862 Arte

1215 2877 1302 2918 crit.
1343 2876 1523 2917 Clericus
1571 2876 1675 2917 coni.
1729 2871 1841 2919 ἄνευ
1881 2874 2047 2925 αἰδοῦς
2092 2877 2172 2917 καὶ

1213 2931 1362 2987 δίκης,
1395 2935 1478 2974 sine
1510 2934 1725 2974 reverentia
1756 2938 1792 2973 et
1825 2934 1923 2985 iure,
1955 2934 1994 2974 h.
2009 2946 2042 2974 e.
2068 2933 2171 2974 irro-

1213 2997 1398 3032 verenter
1427 2990 1565 3030 habito
1596 3002 1691 3030 sexu
1720 2989 1926 3039 inferiore,
1961 2996 2001 3030 et
2030 2995 2171 3030 contra

1213 3047 1275 3088 ius
1319 3053 1357 3088 et
1400 3047 1472 3087 sas,
1532 3047 1587 3087 Ex
1624 3047 1707 3086 Act.
1745 3047 1816 3096 17,
1848 3046 1903 3086 34
1943 3051 1982 3086 et
2020 3047 2067 3096 9,
2101 3046 2168 3087 36.

1212 3099 1435 3161 Δάμαρις
1465 3103 1543 3144 καὶ
1572 3100 1759 3159 Δορκὰς
1789 3102 2080 3143 restituendum
2110 3103 2170 3143 vi-

1216 3161 1331 3201 detur
1370 3160 1584 3202 Suschkio.
1657 3159 1754 3200 Cum
1794 3159 1984 3199 Ruinarto
2026 3159 2169 3200 Iacob-

1213 3231 1338 3258 sonus
1371 3231 1416 3257 ea
1455 3217 1575 3257 verba
1616 3229 1704 3256 esse
1753 3216 1953 3266 glossema
1987 3215 2175 3268 opinatur

1210 3275 1250 3314 in
1280 3281 1428 3316 textum
1459 3274 1668 3314 intrusum.

1301 3330 1347 3384 4)
1382 3331 1478 3371 Gen.
1510 3330 1548 3380 2,
1579 3330 1644 3371 23.

1297 3388 1341 3440 5)
1375 3388 1416 3428 Si
1450 3387 1545 3427 urbs
1576 3386 1881 3438 Hierosolymae
1917 3384 1996 3426 iam
2023 3385 2166 3428 suisset

1212 3444 1363 3496 diruta,
1396 3444 1581 3485 Clemens
1612 3442 1871 3483 novissimum
1913 3447 1952 3483 et
1983 3443 2162 3485 ceberri-

1212 3514 1319 3542 mum
1349 3502 1428 3542 hoc
1474 3499 1697 3551 exemplum
1743 3499 1804 3539 vix
1843 3499 2005 3541 silentio
2041 3513 2163 3553 prae-

1212 3559 1400 3598 teriisset.
1448 3557 1528 3597 Cir.
1548 3555 1891 3608 Windischmann,
1922 3555 2067 3599 vindic.
2088 3559 2164 3599 Pe-

1215 3615 1305 3655 trin.
1341 3627 1430 3666 pag.
1463 3613 1530 3654 54.
