2340 3900
248 177 340 229 158
511 178 715 225 IGNATII
751 175 1020 223 EPISTOLA
1055 176 1124 221 AD
1160 176 1516 225 TRALLIANOS.
1562 179 1630 224 VI.
1667 178 1756 227 VII
1794 178 1902 224 VIII.

238 311 344 379 η’τις
380 310 505 361 ἐστὶν
540 309 733 374 αἵρεσις.

239 375 749 462 ταξιοπιστευόμενοι··3

812 307 877 357 Οἱ
908 306 991 358 καὶ
1028 308 1120 367 ἰοῖς
1153 308 1585 392 παρεμπλείιουσιν0
1616 306 1808 374 Ἰησοῦν
1834 305 2061 393 Χριστὸν,
2097 329 2180 359 κα-

787 374 944 461 ὥσπερ
981 375 1256 443 θανάσιμον
1292 375 1550 463 φάρμακον
1587 376 1799 438 διδόντες
1832 374 1947 442 μετὰ
1999 376 2179 442 οἰνομὲ

239 457 390 511 λιτος,
425 446 542 515 όπερ
579 443 606 497 6
645 444 833 514 ἀγνοῶν
867 442 1022 512 ἡδέως
1053 446 1306 514 λαμβάνει,
1345 449 1396 500 ἐν
1433 445 1588 519 ἡδονῇ
1624 447 1770 518 κακῇ4
1805 443 1858 497 τὸ
1897 444 2181 498 ἀποθανεῖν.

773 606 858 652 VII.
929 607 1156 654 Custodite
1191 624 1271 654 vos
1308 611 1365 654 ab
1402 609 1654 654 haereticis.

381 720 688 774 Φυλάττεσθε
724 715 813 774 οῦν
848 721 961 785 τοὺς
995 722 1277 785 τοιούτους.1

1359 729 1511 775 Τοῦτο
1551 723 1602 774 δὲ
1638 724 1766 775 ε’σται
1812 721 1929 790 ημῖν
1975 720 2041 790 μὴ
2090 743 2175 788 φυ-

239 793 534 860 σιουμένοις,
571 792 653 844 καὶ
688 785 826 845 ουσιν
863 791 1139 878 ἀχωρίστοις
1179 796 1305 845 Θεοῦ
1334 791 1495 878 Ἰησοῦ
1533 798 1770 879 Χριστοῦ,
1821 793 1904 844 καὶ
1949 799 2036 845 τοῦ
2083 793 2182 844 ἐπι-

238 863 439 926 σκόπου,
476 862 557 914 καὶ
591 867 687 913 τῶν
723 860 1052 951 διαταγμάτων
1085 869 1181 915 τῶν
1217 861 1509 915 ἀποστόλων.

237 930 305 984 ὧν
351 929 571 999 καθαρός
618 932 765 984 ἐστιν·
816 930 866 996 [6
914 931 965 984 δὲ
1013 931 1148 994 ἐκτὸς
1184 930 1252 984 ὢν
1287 932 1345 983 οὗ
1382 929 1604 1017 καθαρός
1640 932 1835 995 ἐστιν]·3

1574 860 1637 913 Ο
1673 859 1807 921 ἐντὸς
1818 865 2182 957 2ev6m6m9t0v

1867 930 1998 984 τοῦτ’
2041 933 2181 1021 ἔστιν,

239 1000 267 1053 6
279 1002 444 1089 χωρὶς
481 999 747 1053 ἐπισκόπου
782 1003 863 1053 καὶ
894 1004 1236 1088 πρεσβυτερίου
1269 1003 1350 1053 καὶ
1389 998 1640 1053 διακόνου3
1677 999 1902 1070 πράσσων
1937 1003 2016 1067 τι,4
2041 996 2183 1063 ουτος

238 1069 297 1123 οὐ
333 1070 553 1139 καθαρός
586 1071 712 1123 ἐστιν
746 1077 804 1144 τῇ
842 1070 1122 1139 συνειδήσει.

240 1246 344 1291 VIII.
415 1246 584 1292 Contra
618 1244 793 1291 diaboli
826 1246 1026 1292 insidias
1061 1245 1337 1290 muniamini
1369 1247 1733 1301 mansuetudine,
1766 1246 1856 1305 fide
1883 1250 1923 1289 et
1947 1243 2184 1290 charitate.

379 1359 486 1414 Οὔκ
530 1361 631 1413 ἐπεὶ
675 1362 824 1448 ἔγνων
873 1358 1095 1414 τοιοῦτόν
1137 1383 1182 1412 τι
1230 1361 1281 1412 ἐν
1329 1357 1471 1426 υμῖν,
1520 1359 1637 1412 ἀλλὰ
1684 1358 2012 1448 προφυλάσσω
2056 1357 2185 1428 ὖμᾶς

237 1429 382 1494 ὄντας
412 1453 523 1518 μου
571 1429 873 1516 ἀγαπητούς,
929 1432 1170 1519 προορῶν1
1223 1451 1309 1490 τας
1359 1430 1554 1497 ἐνέδρας
1590 1437 1674 1483 τοῦ
1712 1429 1959 1518 διαβόλου.

2026 1427 2185 1497 Ὑμεῖς

239 1497 328 1554 οὖν
371 1498 460 1568 τὴν
510 1499 876 1588 πραῦπάθειαν2
921 1499 1259 1586 ἀναλαβόντες
1295 1497 1620 1552 ἀνακτίσασθε
1670 1498 1871 1562 ἑαυτοὺς
1917 1501 1968 1552 ἐν
2012 1501 2182 1568 πίστει,

236 1571 284 1624 ό3
323 1572 449 1623 ἐστιν
483 1568 601 1638 σὰρξ
635 1577 721 1623 τοῦ
757 1572 969 1656 κυρίου,
992 1571 1093 1622 καὶ4
1142 1570 1194 1621 ἐν
1234 1566 1422 1658 ἀγαπῃ,
1468 1569 1497 1621 6
1544 1573 1670 1622 ε’στιν
1719 1593 1838 1637 αιμα
1867 1569 2028 1637 Ἰησοῦ
2067 1574 2184 1638 Χρι-

237 1646 364 1693 στοῦ.

439 1641 636 1706 Μηδεὶς
686 1639 822 1707 ὑμῶν
857 1637 979 1691 κατὰ
1023 1645 1110 1691 τοῦ
1145 1641 1370 1706 πλησίου5
1410 1639 1559 1705 ἐχέτω.

1635 1639 1729 1707 Μὴ
1769 1638 1991 1709 ἀφορμας
2027 1641 2184 1692 δίδοτε

234 1717 334 1771 τοῖς
370 1711 576 1772 ε’θνεσιν,
613 1711 694 1761 ι’να
730 1709 794 1776 μὴ
833 1708 897 1761 δι’
941 1707 1134 1780 ὀλίγους
1166 1707 1382 1795 ἄφρονας
1417 1707 1469 1760 τὸ
1508 1711 1559 1761 ἐν
1602 1713 1707 1762 Θεῶ
1742 1716 1935 1777 πλῆθος
1968 1712 2183 1777 βλασφη-

236 1781 419 1847 μῆται.3

234 1853 611 1917 βλασφημεῖται(

321 2128 366 2182 2)
400 2129 465 2169 Sic
496 2141 541 2168 ex
571 2134 643 2168 vet.
663 2128 883 2179 Interprete
916 2132 955 2166 et
988 2138 1033 2167 ex
1053 2125 1180 2166 Inter-

240 2185 426 2238 polatore
455 2184 628 2224 restituit
643 2182 820 2226 Vossius,
867 2183 938 2223 Ms.
957 2182 1002 2223 οἱ
1030 2182 1180 2250 καιροὶ

238 2241 503 2312 παρεμπλ.,·
549 2240 664 2280 male.
725 2239 783 2281 Οἱ
826 2239 904 2280 καὶ
954 2237 1182 2311 ῥυπαροῖς

239 2298 325 2338 Cot.
385 2296 442 2339 Οἱ
471 2295 632 2352 μιαροὶ
663 2295 802 2336 Smith.
863 2294 919 2338 Οἱ
950 2295 1027 2336 καὶ
1057 2296 1181 2350 αἴρε-

239 2353 358 2394 τικοὶ
397 2353 530 2393 Pears.
598 2351 842 2402 Simpliciter
882 2351 956 2392 καὶ
998 2364 1182 2409 παρεμ-

238 2409 486 2450 πλέκουσιν
539 2408 634 2459 legit
678 2409 798 2447 Ioani.
806 2421 845 2445 cs
895 2408 1076 2448 Damaso.
1135 2409 1180 2447 H.

238 2464 282 2505 οἱ
333 2463 484 2519 καιροὶ
535 2463 953 2534 παρεμπλέᾈιωσιν
985 2463 1012 2502 C
1060 2477 1093 2503 c.
1134 2464 1178 2503 L.

236 2521 441 2561 Armenius
472 2519 616 2570 legisse
638 2519 794 2559 videtur
822 2526 890 2558 aut
917 2517 963 2559 οἳ
979 2517 1096 2559 καὶε
1076 2533 1181 2560 εαυ-

236 2574 343 2623 τοὺς
371 2576 780 2647 παρεμπλέκουσιν
805 2572 956 2627 Ἰησοῦ
973 2576 1182 2631 Χριστῷ,

239 2640 306 2673 aut
345 2631 392 2673 οἳ
434 2632 510 2672 καὶ
549 2628 729 2678 ἑαυτοῖς
772 2631 1182 2688 παρεμπλεκουσιν

232 2686 414 2743 Ἰησοῦν
442 2683 667 2743 Χριστόν.

322 2771 366 2823 3)
402 2772 471 2812 Ms.
513 2767 620 2811 κατ’
663 2767 798 2817 ἀξίαν
837 2765 1181 2834 πιστευόμενοι.

241 2828 322 2868 Sed
353 2840 399 2868 ex
424 2828 479 2867 Io.
497 2827 742 2867 Damasceno
761 2826 944 2867 restituto
965 2826 1180 2872 καταξιο-

239 2879 598 2947 πιστευόμενοι.
639 2883 710 2922 Est
738 2889 867 2922 autem
889 2889 987 2923 teste
1012 2883 1181 2934 Scapula

237 2932 714 2995 καταξιοπιστεύομαι
762 2938 867 2990 apud
917 2938 1081 2978 Suidam
1123 2955 1181 2973 Ξ

240 2997 324 3036 dico
356 2997 539 3036 adversus
566 2996 753 3047 aliquem,
791 3007 889 3046 quae
917 2995 942 3043 f
945 2995 990 3034 de
1018 2995 1181 3046 indiyna

240 3058 341 3092 sunt.
400 3051 629 3091 Lectionem
667 3049 755 3090 Msti
795 3049 1016 3090 Cotelerius
1056 3050 1180 3090 inter-

238 3114 440 3159 pretatur:
490 3109 640 3147 ratione
678 3107 883 3157 diqnitatis
921 3105 1039 3158 (loci)
1068 3119 1181 3158 quam

241 3165 440 3215 obtinent,
468 3164 581 3214 fidem
614 3163 753 3214 adepti.
810 3161 1054 3202 Woeherus:
1097 3164 1181 3203 iure

238 3221 406 3284 quodam
437 3221 488 3259 iis
517 3220 709 3267 ereditur,
748 3219 887 3270 quippe
929 3220 996 3270 qui
1031 3219 1180 3269 sabulis

241 3277 322 3315 suis
347 3288 436 3316 vera
454 3275 647 3326 quaedam
675 3280 710 3314 et
741 3274 912 3325 eqreqia,
946 3275 1180 3315 christianas

238 3343 372 3382 nempe
419 3332 617 3371 doctrinas
660 3330 910 3370 admisceant.
957 3330 1002 3369 H.
1070 3328 1177 3370 κατ’

239 3384 376 3432 ἀξίαν
404 3381 734 3444 πιστευόμενοι
773 3385 814 3425 in
844 3385 871 3424 C
904 3398 1062 3438 quoque
1092 3398 1182 3426 exa-

238 3448 366 3482 ratum
397 3448 469 3482 est.

1519 1764 1729 1797 lllll

491 1777 656 1843 ,Ουαὶῖ
693 1778 808 1848 γὰρ,
848 1776 914 1831 δι’
957 1781 1016 1830 οὑ
1054 1779 1132 1830 ἐπὶ
1173 1776 1450 1845 ματαιότητι
1483 1801 1537 1832 το
1575 1777 1730 1846 ὄνομα
1777 1801 1870 1847 μου
1916 1781 2010 1832 επί
2038 1800 2183 1833 τινων

1323 2126 1418 2194 Cap.
1450 2127 1525 2169 VII.
1591 2128 1630 2180 1)
1660 2129 1716 2170 Ita
1759 2127 2050 2182 interpolator,
2089 2131 2186 2178 τοῖς

1238 2179 1465 2231 τοιούτοις
1494 2184 1520 2224 C
1552 2186 1581 2225 L
1612 2186 1731 2226 invita
1763 2186 2045 2237 Grammatiea,
2082 2199 2183 2240 quae

1239 2240 1505 2281 accusativum
1537 2242 1716 2295 requirit.

1324 2310 1367 2362 2)
1400 2312 1509 2351 Haec
1539 2311 1723 2352 addenda
1752 2319 1844 2353 sunt
1874 2325 1919 2353 ex
1949 2319 2025 2354 vet.
2044 2313 2117 2354 Int
2146 2320 2185 2354 et

1239 2367 1544 2419 Interpolatore.
1591 2368 1697 2409 V.oss
1755 2369 1988 2419 Videndum,
2019 2382 2069 2409 an
2102 2382 2183 2410 non

1238 2429 1415 2474 praestet
1452 2423 1728 2475 interpretatio
1764 2425 1958 2475 Armenii,
2007 2425 2073 2477 qui
2116 2426 2184 2466 Ie-

1236 2479 1340 2528 gisse
1391 2478 1546 2519 videtur
1596 2476 1620 2519 6
1667 2477 1798 2526 ἐντὸς
1846 2483 2185 2534 θυσιαστηρίου

1235 2529 1303 2576 (ὃν
1310 2530 1543 2600 καθαρός
1571 2532 1725 2585 ἐστιν,
1771 2533 1795 2576 ὁ
1829 2533 1881 2578 δὲ
1903 2536 2051 2603 χωρὶς
2079 2536 2185 2579 ἔπι-

1237 2586 1416 2686 σκόπρυ
1457 2590 1534 2630 καὶ
1570 2594 1903 2649 πρεσβυτερίου
1954 2588 2184 2650 πράσσων

1235 2659 1280 2686 τι
1307 2659 1362 2686 rt

1322 2714 1366 2765 3)
1396 2715 1441 2755 H.

1239 2765 1486 2813 διακόνων.

1319 2827 1363 2879 4)
1394 2827 1438 2866 In
1468 2826 1496 2866 C
1527 2840 1587 2878 pr.
1618 2841 1721 2868 man.
1754 2823 2046 2886 πράσσοντι,
2075 2843 2179 2871 man.

1237 2895 1318 2923 sec.
1349 2897 1384 2923 ω
1415 2895 1549 2935 supra.

1491 2715 1552 2755 ed.
1604 2716 1663 2756 IV.
1716 2729 1803 2756 cum
1852 2718 2044 2770 Interpol.
2088 2719 2184 2770 legit

1322 2994 1415 3046 Cap.
1446 2995 1540 3035 VIII.
1611 2996 1650 3047 1)
1685 2996 1776 3052 πρὸ
1817 2994 1941 3052 ὁρῶν
1980 3010 2057 3037 scr.
2090 2996 2117 3037 C
2138 2997 2182 3038 L.

1322 3062 1366 3116 2)
1394 3065 1451 3104 Ita
1483 3064 1510 3104 C
1543 3071 1582 3104 et
1613 3066 1670 3114 L,
1711 3065 1750 3104 in
1793 3078 1871 3117 quo
1907 3066 2067 3118 quidem
2100 3066 2184 3119 τὴν

1239 3126 1312 3160 art.
1342 3132 1402 3172 pr.
1432 3133 1536 3160 man.
1577 3121 1873 3172 suprascriptus
1903 3128 2081 3174 apparet.
2138 3123 2181 3162 In

1239 3175 1300 3215 ed.
1311 3175 1504 3216 Vossiana
1515 3187 1720 3216 excusum:
1743 3173 2184 3232 ὑμεΐςουνπραεῖαν

1239 3226 1525 3283 εὐπάθειαν,
1565 3244 1682 3284 quem
1721 3233 1960 3284 typographi
1991 3245 2181 3282 errorem,

1239 3287 1288 3327 ab
1331 3287 1421 3338 ipso
1458 3288 1599 3327 Vossio
1646 3287 1687 3327 in
1736 3288 2062 3328 commentariolo
2106 3302 2182 3328 no-

1237 3349 1373 3392 tatum,
1405 3342 1508 3383 male
1526 3343 1686 3394 repetiit
1709 3343 1911 3383 Smithius.
1967 3344 2085 3384 NoIte
2106 3344 2133 3384 I.
2155 3344 2181 3384 Ι.

1239 3411 1279 3450 p.
1301 3398 1395 3438 232.
1428 3399 1599 3438 coniecit
1620 3394 1886 3455 πνεύματος
1909 3395 2182 3442 εὐπάθειαν.

1328 3468 1372 3517 3)
1404 3468 1481 3507 Pro
1512 3467 1719 3536 utriusque
1741 3465 2034 3516 Cod.1ect.‹‘›';
2061 3469 2180 3510 tacite

323 3523 369 3578 4)
401 3526 517 3583 κακῇ
549 3538 581 3565 c.
610 3526 681 3566 Int
726 3531 800 3567 vet.
839 3530 878 3565 et
907 3524 963 3564 Io.
994 3525 1174 3566 Damaso.
1231 3523 1394 3564 Vossius
1422 3523 1625 3574 impressit
1652 3520 1692 3573 ὅ,
1723 3536 1744 3563 a
1779 3523 1865 3564 Cot.
1906 3531 1945 3565 et
1983 3538 2003 3565 a
2035 3525 2182 3577 pleris-

239 3579 373 3622 κάκεῖ
397 3580 425 3620 C
447 3581 476 3621 L
492 3569 755 3633 diphthongo
788 3593 828 3623 ει
857 3586 896 3621 et
923 3582 1051 3622 vocali
1082 3596 1108 3635 η
1138 3589 1182 3623 ut

240 3636 400 3687 saepius
434 3637 680 3689 permutatis.

1238 3592 1314 3633 que
1348 3579 1436 3618 aliis
1466 3579 1696 3631 repetitum3
1727 3576 1755 3643 ἥ
1791 3580 1893 3620 coni.
1925 3581 2134 3622 Salvinius.

1325 3636 1369 3687 4)
1399 3633 1476 3676 καὶ
1515 3646 1560 3675 ex
1601 3634 1699 3685 LC,
1744 3635 1783 3674 in
1831 3649 1910 3689 quo
1952 3635 2004 3680 ἐν
2040 3649 2179 3689 praep.
