2340 3900
532 193 738 243 IGNATll
777 190 1048 238 EPISTULA
1082 189 1150 235 An
1188 184 1799 235 MAGNESIOS.V11.V111.
1836 184 1904 230 lx.

250 196 346 246 146

247 349 323 390 τες
358 321 447 380 οὖν
483 346 549 385 ως
585 324 653 383 εἷς
690 322 835 385 [ἕναΓ
872 317 993 372 ναὸν
1029 319 1316 407 συντρέχειεε8
1347 322 1500 382 Θεοῦ,
1534 340 1600 380 ως
1635 317 1732 369 ἐπὶ9
1747 319 1804 368 ἓν
1829 310 2195 401 θυσιαστήριον,

249 419 316 458 ως
361 396 440 448 ἐπὶ
487 394 573 446 ε’να
596 391 787 457 Ἰησοῦν
826 386 1072 486 Χριστὸνῃ,
1110 387 1196 442 τὸν
1243 387 1334 455 ἀφ’
1388 387 1496 450 ἑνὸς
1536 385 1719 454 πατρὸς
1753 381 2082 454 προελθόντα,
2114 382 2197 434 καὶ

250 469 318 527 εἰς
353 486 438 517 ενα
473 460 591 515 όντα
626 461 708 513 καὶ
741 457 1072 528 χωρήσαντα3“

608 604 719 650 VIII.
793 606 955 652 Cavete
989 620 1021 651 a
1053 606 1190 665 falsis
1227 605 1445 652 doctrinis
1480 601 1843 647 Iudaizamium

393 695 487 764 Μὴ
526 695 797 748 πλανᾶσθε,1
835 699 939 755 ταῖς
964 693 1299 780 ἓτεροδοξίαις,·2
1325 690 1445 759 μηδὲ
1469 687 1796 774 μυθεύμασιν3
1828 691 1930 747 τοῖς
1962 690 2200 747 παλαιοῖς,

253 766 548 833 ἆνωφελέσιν
597 757 750 816 ουσιν.
823 765 894 815 Εἰ
934 760 1030 850 γὰρ
1069 763 1197 831 μέχρι
1247 768 1339 815 νῦν
1373 758 1494 814 κατὰ
1533 757 1749 825 [νόμονΓ
1778 750 2083 821 Ἰουὸαϊσμὸν
2118 757 2200 816 ζῶ-

250 858 337 904 μεν
413 835 740 922 ὁμολογοῦμεν
786 854 924 902 χαριν
971 829 1037 899 μὴ
1066 833 1346 928 ὔείληφέναι
1425 830 1489 881 Οἱ
1532 826 1622 896 γὰρ
1668 823 1914 879 θειότατοι
1957 829 2203 893 προφῆται

250 882 373 959 narde
411 902 623 993 Χριστὸν
664 907 844 970 Ιησοῢν
879 902 1084 968 ἔζησαν.5
1155 899 1254 953 Δια
1289 906 1429 953 τοῦτο
1465 899 1544 949 καὶ
1583 893 1913 982 ἐδιώχθησαν,
1953 893 2202 980 ἕνπνεόμε-

252 978 351 1028 νοι6
401 972 499 1027 ὑπὸ
548 994 636 1041 της
683 971 872 1059 χάριτος
907 969 1086 1034 αὐτοῦ,
1125 973 1193 1032 εἷς
1227 969 1280 1023 τὸ
1316 971 1759 1054 πληροφορηθῆναι
1792 962 1906 1025 τοὺς
1940 960 2204 1015 απειθοῦν-

251 1067 363 1110 τας,
397 1043 472 1096 ότι
508 1039 576 1104 εἷς
617 1040 740 1103 Θεός
775 1042 927 1104 ἐστιν,
967 1038 997 1092 ό
1031 1038 1314 1127 φανερώσας
1350 1035 1523 1091 ἑαυτὸν
1558 1033 1640 1087 διὰ
1667 1033 1828 1121 Ἰησοῦ
1867 1037 2081 1102 Χριστοῦ
2116 1038 2204 1084 τοῦ

254 1116 367 1166 υἷοῦ
405 1111 583 1175 αὐτοῦ,
621 1110 677 1173 ός
712 1112 840 1164 ἔστιν
875 1109 1025 1163 αὐτοῦ
1059 1107 1225 1198 Λόγος
1261 1107 1432 1171 ἀΐδιος,
1469 1104 1559 1158 οὐκ
1593 1102 1688 1157 ἀπὸ
1725 1104 1896 1175 Σιγῆς“’
1933 1099 2201 1172 προελθών,

255 1183 310 1246 ὃς
343 1181 465 1236 κατὰ
499 1179 658 1235 πάντα
693 1179 1005 1249 εὖηρέστησεν
1033 1185 1099 1252 τῷ
1134 1178 1378 1245 πέμψαντι
1413 1173 1574 1228 αὐτόν.

867 1325 938 1374 ΙΧ.
1017 1326 1232 1374 Vivamus
1269 1338 1372 1370 cum
1407 1322 1595 1369 Chresto.

396 1418 465 1468 Εἰ
509 1408 599 1468 οὗν
641 1415 790 1511 01:231!
823 1420 1045 1475 παλαιοῖς
1086 1411 1374 1483 πράγμασιν1
1409 1407 1791 1499 ἆναστραφέντες
1835 1412 1904 1474 εἰς
1948 1410 2208 1481 καινότητα

254 1486 446 1554 ἐλπίδος
491 1478 707 1553 ἦλθονῖ
670 1525 684 1547 ,
755 1484 922 1551 μηκέτι
971 1485 1360 1551 σαββατίζοντες,
1408 1477 1527 1532 ἀλλὰ
1570 1477 1693 1531 κατὰ
1726 1479 1966 1550 κυριακὴν
2001 1483 2208 1548 guimas-,³

342 1695 386 1748 7)
414 1697 471 1737 Ita
507 1695 640 1735 locum
680 1706 821 1735 sanare
859 1694 998 1734 volunt
1029 1694 1205 1744 Vossius,

258 1752 436 1804 Toupius
481 1758 519 1791 et
547 1750 791 1791 Iacobsonus
823 1763 867 1791 ex
900 1757 976 1790 vet.
1005 1751 1099 1801 Int.,
1143 1751 1206 1790 cui

259 1809 363 1847 favet
383 1808 487 1847 Arm.
504 1808 625 1847 Deest
624 1803 796 1872 [ἕνα]’
787 1819 827 1846 ιη
851 1806 877 1846 C
897 1807 940 1846 L.
978 1806 1204 1846 Maluerim:

257 1859 446 1910 Πάντες
483 1853 566 1904 οὖν
603 1858 665 1908 ὠς
711 1865 776 1908 εἰς
819 1859 899 1902 ἐπὶ
938 1860 1054 1903 ναὸν
1101 1873 1206 1903 συν·

256 1919 441 1974 τρέχετε
492 1918 632 1967 Θεοῦ,
692 1924 736 1957 ut
786 1918 901 1957 vertit
950 1917 1203 1957 Holstenius:

257 1986 388 2013 omnes
422 1975 540 2025 i9itur
570 1973 620 2012 ad
651 1975 775 2013 instar
803 1974 921 2012 unius
954 1975 995 2012 in
1025 1974 1205 2024 templum

258 2030 329 2069 Dei
351 2030 579 2070 concurrite.
640 2028 684 2067 Id
713 2028 789 2067 sibi
819 2028 903 2067 vult
922 2028 1204 2079 Interpolator.

341 2085 386 2137 7)
419 2085 476 2125 Ita
506 2085 619 2124 Voss
651 2097 684 2123 c.
713 2084 767 2133 L,
812 2084 1060 2135 approbante
1100 2097 1204 2124 nunc

257 2140 374 2180 etiam
404 2140 456 2192 C;
500 2139 753 2195 συνέρχεθε
787 2139 1011 2189 Salvinius,
1057 2140 1124 2192 qui
1155 2139 1206 2179 ad

259 2208 368 2236 oram
417 2196 578 2248 reponit
619 2196 915 2251 συνέρχεσθε.
960 2196 1079 2237 Bene.
1125 2195 1205 2236 Csr.

258 2252 331 2303 Ep.
357 2252 407 2291 ad
436 2252 539 2303 Eph.
571 2265 604 2291 c.
633 2252 673 2291 3.
705 2258 744 2291 et
777 2251 838 2292 13.

347 2307 390 2359 9)
424 2305 527 2348 ἐπεὶ
566 2307 617 2356 C,
666 2307 772 2346 idem
810 2305 957 2358 Heysio
1000 2306 1207 2346 videbatur

265 2369 395 2403 extare
427 2363 467 2402 in
497 2364 552 2413 L;
582 2361 662 2403 ἐπὶ
691 2363 966 2414 apographum
995 2362 1206 2403 Holstenii.

348 2419 415 2469 10)
439 2394 724 2475 χωρήσαντα
763 2419 816 2467 L,
850 2419 1125 2473 χωρίσαντα
1164 2418 1206 2458 C.

262 2474 290 2513 Ι.
322 2487 355 2514 e.
385 2473 501 2513 simul
547 2486 635 2513 cum
675 2487 722 2513 eo
754 2449 974 2513 veisantem
1005 2480 1044 2513 et
1074 2475 1207 2514 consi-

263 2535 443 2570 stentem.
504 2528 583 2568 Cir.
621 2529 790 2568 Hermae
831 2529 936 2569 Past.
976 2542 1080 2568 nunc
1122 2530 1207 2580 pri-

262 2597 366 2624 mum
409 2597 430 2624 a
462 2584 578 2624 nobis
618 2584 766 2624 editum
799 2584 893 2624 Sim.
925 2586 971 2634 5,
1004 2586 1041 2625 6.
1100 2585 1207 2624 Bun-

260 2640 361 2679 senii
393 2640 620 2681 coniectura
665 2646 726 2680 est
767 2639 843 2680 καὶ
886 2640 953 2687 εἰς
981 2637 1060 2683 ἕνα
1094 2638 1208 2682 ἀνα-

251 2693 548 2750 χωρήσαντα.

350 2806 444 2858 Cap.
474 2807 568 2846 VIII.
633 2805 676 2859 1)
713 2807 987 2848 πλανᾶσθαι
1019 2806 1046 2846 C
1071 2807 1114 2847 L.

347 2861 392 2915 2)
425 2863 533 2902 Haec
563 2869 623 2902 est
655 2863 829 2903 secunda
862 2863 976 2902 huius
1001 2862 1206 2913 Epistolae

265 2930 379 2970 pars,
411 2931 487 2970 qua
518 2931 588 2958 eos
620 2919 784 2958 maxime
815 2918 1038 2970 praemunit
1069 2925 1206 2959 contra

265 2974 512 3024 Haereticos,
534 2987 603 3014 eos
628 2974 855 3026 praecipue,
878 2974 944 3026 qui
967 2974 1205 3014 Iudaismum

263 3030 517 3070 introducere
567 3031 835 3079 conabantur,
908 3036 1045 3069 contra
1103 3043 1203 3082 quos

265 3086 370 3126 clare
402 3092 440 3126 et
468 3098 653 3137 expresse
684 3086 870 3138 disputat.
930 3087 1052 3125 Erant
1074 3092 1203 3126 autem

265 3155 309 3182 ea
352 3147 586 3193 tempestate
628 3142 678 3192 ii,
732 3141 798 3194 qui
838 3141 1015 3181 Divinam
1059 3141 1204 3182 Christi

263 3204 442 3237 naturam
471 3197 689 3248 negabant,
719 3204 762 3238 ut
791 3197 1019 3246 Ebionitae,
1064 3197 1203 3238 Cerin-

261 3253 398 3302 thiani,
426 3253 628 3303 Nazaraei,
660 3260 698 3293 et
730 3253 944 3294 Helxaitae.
1010 3253 1203 3294 Vid.Vin-

262 3309 386 3348 dicias
416 3309 539 3358 Ignat.
573 3321 612 3360 p.
632 3310 698 3350 55.
728 3309 788 3360 (P.
810 3308 867 3361 2.)
898 3309 1076 3349 Pearson.
1123 3308 1203 3348 cfr.

258 3363 543 3413 Dfisterdieck,
585 3365 633 3405 de
656 3365 945 3415 Ignatianarum
974 3365 1098 3416 Epist.
1131 3377 1202 3404 au-

258 3419 407 3460 thentia
435 3431 475 3471 p.
507 3421 572 3460 55.
597 3433 687 3473 sqq.

346 3474 500 3526 3)Csr.
531 3476 674 3516 ITim.
707 3476 742 3526 1,
773 3477 811 3517 4.
841 3476 926 3526 4,’”

341 3530 388 3596 4)
419 3530 531 3581 Legit
574 3532 774 3584 Interpres
826 3530 945 3572 κατὰ
1001 3530 1200 3573 Ἰουὸαὶ-

262 3581 395 3642 σμόν.
458 3587 507 3626 Et
533 3593 638 3627 certe
663 3588 761 3628 haec
784 3587 903 3628 lectio
924 3588 1019 3628 ferri
1050 3595 1197 3639 potest.

262 3641 376 3689 Quod
406 3642 438 3680 si
479 3640 531 3683 τὸ
564 3641 713 3700 νόμον
753 3643 923 3684 abiicere
963 3644 1093 3694 nolis,
1135 3643 1195 3686 le-

933 3476 1047 3516 .Tit.
1083 3477 1200 3526 1,14.

1265 1690 1464 1755 gendum
1482 1694 1608 1738 esset,
1635 1686 1919 1742 Ἰουδαϊκὸν,
1963 1691 2024 1732 vel
2071 1691 2206 1745 potius

1263 1743 1383 1787 κατὰ
1411 1740 1559 1802 νόμον
1576 1742 1875 1802 Ἰουδαὶσμοῦ
1909 1749 2071 1804 ζῶμεν.
2125 1749 2206 1789 Sed

1263 1816 1343 1842 non
1373 1807 1484 1853 puto.
1544 1801 1712 1841 Omnino
1750 1815 1884 1843 verum
1927 1810 1987 1844 est
2014 1805 2206 1856 Ignatium

1261 1857 1472 1909 scripsisse
1505 1854 1625 1897 κατὰ
1653 1854 1800 1914 νόμον
1822 1858 1983 1915 ζῶμεν.
2045 1859 2209 1926 Νόμος

1261 1913 1493 1976 specialiter
1521 1913 1560 1952 in
1603 1920 1778 1954 veterum
1809 1913 2123 1957 Christianorum
2158 1917 2207 1956 li-

1261 1969 1343 2009 bris
1386 1968 1580 2031 accipitur
1630 1981 1704 2020 pro
1751 1969 1838 2034 lege
1882 1971 2017 2012 Mosis.
2091 1973 2206 2021 Quod

1263 2036 1351 2064 cum
1382 2023 1583 2064 nescirent
1611 2024 1677 2064 isti
1706 2025 1898 2076 magistri,
1932 2027 1998 2079 qui
2017 2028 2207 2079 Ignatium

1262 2081 1541 2132 depravarunt,
1563 2080 1731 2120 alterum
1750 2093 1826 2132 pro
1840 2081 1984 2122 Glossa
2004 2084 2208 2124 addidere.

1268 2137 1436 2177 Vossius.
1501 2135 1580 2176 Csr.
1615 2136 1719 2176 infra
1751 2150 1784 2177 c.
1806 2138 1870 2188 10,
1900 2138 1969 2179 uhi
2000 2145 2062 2180 est
2090 2138 2209 2182 κατὰ

1261 2189 1625 2261 χριστιανισμόν
1668 2192 1756 2244 ζῆν.
1824 2194 1868 2234 In
1917 2199 2088 2248 utroque
2136 2196 2209 2236 Ms.

1263 2246 1382 2290 κατὰ
1411 2244 1465 2291 νό
1507 2261 1560 2290 ον
1590 2245 1871 2314 tovda'cost6v
1901 2250 2062 2308 ζῶμεν.

1348 2306 1392 2355 5)
1421 2305 1449 2344 Α
1523 2316 1632 2344 oram
1681 2303 1841 2346 Codicis
1896 2305 1924 2346 C
1974 2321 2078 2348 man.
2127 2320 2206 2349 sec.

1265 2358 1384 2402 κατὰ
1406 2358 1608 2426 χριστὸν
1640 2360 1684 2401 οἱ
1714 2363 1952 2418 προφῆται
1981 2361 2158 2416 ἔζησαν.

1350 2417 1394 2468 6)
1424 2412 1728 2472 ἔνπνεομενοι
1741 2430 1819 2458 scr
1833 2417 1861 2458 C
1884 2419 1929 2459 L.
1951 2419 2052 2459 Edd.
2067 2417 2206 2477 ἔμπν.

1347 2474 1390 2526 7)
1438 2473 1685 2522 Ignatiano—
1705 2474 1890 2525 mastiges
1951 2477 2207 2526 contendunt,

1264 2529 1349 2568 fieri
1407 2528 1471 2567 hic
1523 2529 1763 2569 mentionem
1817 2531 1962 2585 Σιγῆς
2012 2508 2207 2573 Valentini

1265 2584 1469 2632 Gnostici,
1519 2590 1557 2623 et
1597 2584 1689 2624 inde
1729 2598 1946 2637 apparere,
1995 2587 2206 2639 epistolam

1264 2646 1440 2679 nostram
1469 2652 1548 2678 non
1595 2640 1643 2678 ab
1670 2641 1822 2690 Ignatio
1864 2655 1952 2682 esse
1997 2651 2205 2684 exaratam.

1263 2694 1521 2746 Respondent
1561 2695 1677 2735 Cotel.
1709 2695 1790 2748 (ad
1818 2698 1856 2737 h.
1900 2697 1925 2737 l.
1938 2697 1954 2749 )
1986 2699 2204 2740 Pearsonus

1266 2750 1435 2802 (Vindic.
1468 2750 1509 2789 P.
1540 2751 1584 2790 ΙΙ.
1620 2764 1652 2790 e.
1682 2752 1720 2791 4.
1749 2753 1856 2804 sqq.)
1890 2759 1928 2792 et
1960 2754 2075 2794 Rome
2101 2754 2205 2808 (Ans.

1263 2819 1302 2857 p.
1336 2805 1673 2857 726.)1gnatium
1705 2807 1874 2848 dixisse.
1918 2808 2096 2850 Christus
2146 2818 2206 2851 est

1262 2862 1422 2901 verbum
1455 2862 1527 2901 Dei
1565 2868 1766 2903 aeternum
1806 2865 1914 2916 quod
1955 2878 2035 2905 non
2079 2866 2205 2906 instar
2259 2910 2262 2913 ,

1263 2917 1421 2958 humani
1470 2918 1665 2957 selmonis
1697 2925 1791 2970 post
1818 2921 2015 2962 silentium
2036 2935 2067 2962 s.
2091 2935 2111 2962 e
2143 2924 2203 2962 si-

1263 2975 1377 3013 lentio
1410 2973 1698 3024 progreditur,
1718 2988 1797 3014 non
1827 2977 1960 3017 iunius
1991 2983 2051 3018 est
2079 2978 2203 3018 silen-

1261 3030 1369 3079 tium,
1415 3029 1487 3069 sed
1531 3035 1739 3071 aeternum.
1802 3032 1929 3072 Simili
1962 3033 2083 3074 modo
2139 3047 2202 3074 am

1259 3085 1448 3136 Interpol.
1485 3085 1589 3125 hunc
1632 3086 1764 3126 locum
1797 3088 1996 3139 explicuit.
2052 3090 2134 3131 Sed
2161 3091 2201 3130 in

1260 3143 1414 3181 famoso
1425 3141 1528 3180 libro
1542 3141 1749 3194 Hippolyti
1763 3156 1890 3194 nuper
1900 3144 2072 3195 detecto,
2092 3147 2202 3198 quod

1260 3197 1359 3236 salse
1391 3196 1572 3247 Oiigenis
1614 3198 1977 3250 philosophumena
2013 3200 2200 3241 inscribi-

1260 3259 1324 3292 tur
1360 3252 1503 3318 (Oxon.
1548 3253 1710 3302 1851.),
1750 3254 2009 3304 fragmentum
2053 3269 2098 3297 ex
2144 3259 2200 3315 τῇ

1250 3303 1504 3363 Άποᾳάσει
1534 3304 1713 3366 μεγάλη
1739 3309 1912 3350 Simonis
1935 3312 2035 3362 Magi
2064 3325 2199 3353 serva-

1259 3370 1341 3403 tum
1369 3370 1429 3403 est
1458 3365 1515 3414 (p.
1534 3364 1640 3415 173.)
1662 3378 1683 3403 e
1706 3377 1785 3416 quo
1810 3365 1898 3406 luce
1930 3366 2076 3408 clarius
2104 3381 2199 3420 per-

1248 3419 1446 3470 ¹spicimus
1468 3419 1696 3459 Simonem
1687 3433 1726 3459 ln
1761 3427 1974 3471 systemate
2002 3436 2076 3464 sno
2099 3437 2199 3475 gno-

1255 3475 1356 3515 stico
1392 3474 1562 3526 primum
1599 3475 1730 3515 locum
1773 3476 1931 3519 dedisse
1971 3480 2027 3537 τῇ
2063 3482 2199 3535 Σιγ,

1256 3544 1356 3584 quae
1402 3543 1490 3570 cum
1520 3526 1669 3584 Βύθῳ
1699 3532 1891 3572 Valentini
1932 3547 2145 3587 comparan
2121 3495 2199 3576 mia

1254 3593 1325 3627 est.
1369 3586 1553 3636 Legimus
1585 3586 1639 3626 ibi
1665 3599 1705 3638 p.
1733 3588 1821 3628 173.
1852 3589 1971 3656 λέγει
2003 3589 2092 3647 γὰρ
2111 3593 2198 3633 Σί-

1249 3655 1356 3701 μων
1395 3639 1655 3700 διαρρήδην
1698 3643 1806 3701 περὶ
1845 3642 2010 3690 τούτου
2053 3646 2105 3690 ἐν
2147 3661 2202 3705 τη
