2340 3900
457 201 665 250 lomim
696 201 968 249 EPISTOLA
1004 203 1075 249 An
1114 202 1448 252 MAGNESIOS.
1495 203 1544 251 V.
1584 203 1653 251 vl.
1689 204 1778 254 Vll.
2012 205 2106 256 145

142 345 263 391 enim
298 349 406 389 sunt
437 342 709 389 numismata
743 340 861 395 duo,
896 340 1087 388 alterum
1125 343 1308 403 quidem
1348 343 1451 400 Bei,
1501 343 1692 392 alterum
1737 352 1887 394 autem
1936 346 2108 405 mundi,

140 420 188 460 et
219 411 577 473 unumquodque
610 410 847 473 proprium
903 410 1215 458 characterem
1266 413 1403 459 habet
1450 413 1738 476 impositum3
1787 417 1848 463 ita
1897 416 2105 465 infideles

138 482 295 529 mundi
330 481 490 538 huiuS,
539 479 699 528 fideles
735 486 884 527 autem
923 481 968 526 in
1005 480 1226 527 charitate
1277 482 1588 531 characterem
1626 485 1704 531 Dei
1737 485 1885 540 Patris
1921 500 2007 549 per
2043 487 2109 534 Ie·

140 565 240 598 sum
277 550 508 598 Christum
544 550 738 607 habent,
786 563 873 612 per
909 563 1044 611 quem
1079 550 1169 595 nisi
1206 564 1437 611 propensa
1470 553 1604 600 nobis
1639 562 1711 602 est
1745 555 1952 604 voluntas
1990 558 2107 605 mori

140 622 260 668 iuxta
295 620 441 682 ipsius
478 620 751 682 passionen,
786 633 873 666 nec
907 620 997 666 vita
1034 619 1179 680 ipsius
1217 620 1262 664 in
1299 619 1433 666 nobis
1470 630 1554 669 est.

139 743 255 791 Sunt
290 746 410 792 enim
445 745 568 793 velut
613 744 705 792 duo
751 745 936 801 nummi,
989 744 1104 792 alter
1141 744 1243 801 Dei,
1297 744 1409 790 alter
1440 745 1622 804 mundi,
1674 763 1868 810 quorum
1911 758 2108 815 uterque

137 816 370 877 propriam
403 822 557 862 notam
594 813 862 878 impressam
898 813 1058 861 hahet:
1107 812 1318 861 infideles
1352 814 1486 860 huius
1533 818 1711 875 mundi,
1762 819 1920 868 fideles
1957 830 2105 870 autem

139 885 184 931 in
222 885 441 931 charitate
478 884 670 947 figuram
697 883 776 932 Dei
799 884 947 932 Patris
968 898 1055 947 per
1078 883 1229 930 lesum
1255 883 1499 939 Christum,
1534 898 1620 944 per
1658 901 1793 947 quem
1830 891 1918 938 nisi
1942 899 2104 953 sponte

138 955 255 1001 mori
292 953 481 1002 velimus
518 955 562 1002 in
601 954 862 1017 passionem
899 954 1015 1012 eiuS,
1048 954 1139 1000 vita
1175 954 1274 1000 eius
1310 967 1403 1000 non
1440 959 1514 999 est
1551 954 1596 1000 in
1633 956 1782 1004 nobis.

801 1106 874 1156 vl.
931 1108 1094 1156 Tenete
1129 1110 1441 1156 concordiam.

278 1219 389 1267 Cum
424 1221 577 1282 itaque
625 1221 671 1267 in
709 1220 920 1283 personis
966 1232 1107 1281 supra
1156 1220 1289 1266 dictis
1323 1233 1504 1267 omnem
1551 1220 1884 1269 multitudinem
1932 1223 1977 1270 in
2018 1223 2108 1273 fide

134 1297 181 1336 et
217 1289 437 1336 charitate
473 1291 848 1352 conspexissem,
883 1290 1049 1337 hortor
1091 1296 1142 1336 ut
1177 1290 1223 1335 in
1262 1289 1509 1336 concordia
1556 1291 1705 1337 omnia
1756 1306 1978 1354 peragere
2014 1301 2107 1341 stu·

134 1360 294 1415 deatis,
331 1360 552 1421 episcopo
588 1361 880 1421 praesidente
915 1359 1019 1406 loco
1042 1358 1136 1416 Dei,
1175 1365 1222 1405 et
1254 1358 1539 1420 presbyteris
1577 1360 1681 1407 loco
1708 1368 1892 1408 senatus
1924 1369 2106 1424 aposto·

134 1429 239 1485 lici,
283 1436 330 1476 et
365 1428 597 1486 diaconis,
634 1429 743 1477 mihi
780 1429 1087 1484 suavissimiS,
1140 1428 1456 1475 concreditum
1491 1428 1766 1495 habentibus
1802 1431 2105 1479 ministerium

136 1499 241 1546 lesu
265 1498 449 1555 Christi,
486 1499 566 1559 qui
600 1505 680 1546 ant
695 1498 879 1547 esecula
903 1499 1026 1561 apud
1049 1506 1224 1560 patrem
1242 1504 1353 1555 erat,
1391 1505 1436 1545 et
1463 1499 1507 1546 in
1533 1497 1621 1546 fine
1661 1499 1883 1561 apparuit.
1938 1500 2105 1549 Omnes

134 1569 285 1630 igitur,
321 1568 523 1630 acceptis
561 1569 721 1616 iisdem
758 1569 919 1616 divinis
955 1567 1176 1625 moribus,
1214 1583 1294 1615 vos
1332 1575 1489 1615 mutuo
1537 1569 1845 1626 revereamini,
1883 1576 1930 1617 et
1963 1582 2099 1618 nemo

135 1638 387 1685 secundum
422 1635 607 1685 carnem
647 1645 825 1700 spectet
858 1639 1139 1701 proximum,
1193 1639 1276 1685 sed
1324 1638 1370 1684 in
1407 1637 1511 1685 lesu
1549 1638 1730 1685 Christo
1776 1653 1860 1685 vos
1910 1639 2105 1688 invicem

134 1722 318 1770 semper
352 1707 565 1770 diligatis.
633 1708 755 1754 Nihil
789 1709 849 1756 sit
887 1710 933 1756 in
968 1708 1113 1766 vobis,
1151 1709 1275 1770 quod
1312 1708 1460 1769 possit
1483 1723 1564 1754 vos
1591 1709 1825 1765 dirimere,
1862 1710 1946 1756 sed
1981 1712 2107 1757 unia·

133 1778 243 1825 mini
278 1777 500 1840 episeopo
537 1784 586 1825 et
619 1778 1015 1840 praesidentibuS,
1063 1780 1107 1825 in
1145 1785 1300 1841 typum
1350 1784 1396 1824 et
1443 1777 1879 1826 demonstrationem
1925 1780 2107 1827 immor·

133 1847 331 1895 talitatis.

272 1969 298 1997 ‘¹
322 1974 393 2021 vt.
463 1972 840 2035 Quandoquidem
875 1974 1028 2035 itaque
1068 1975 1111 2020 in
1149 1974 1362 2035 personis
1409 1976 1917 2035 supracommemoratis
1964 1982 2105 2023 totam

133 2044 470 2092 multitudinem
505 2043 597 2090 vidi
644 2044 689 2089 iu
728 2042 819 2091 fide
868 2051 915 2090 et
962 2043 1118 2100 dilexi3
1170 2044 1332 2089 hortor
1381 2044 1505 2090 utin
1544 2043 1792 2090 concordia
1827 2044 1907 2091 Dei
1956 2047 2107 2092 omnia

134 2128 272 2176 agere
309 2113 557 2169 studeatis,
596 2112 827 2174 Episcopo
864 2113 1155 2174 praesidente
1193 2111 1297 2158 loco
1336 2111 1428 2168 Dei,
1466 2119 1512 2158 et
1547 2111 1832 2173 Presbyteris
1871 2114 1973 2162 loco
2012 2115 2105 2162 col·

134 2184 240 2246 legii
277 2182 554 2246 Apostolici,
601 2188 648 2229 et
680 2182 890 2229 [liaconis
936 2182 1048 2228 mibi
1094 2181 1403 2237 suavissimis,
1453 2181 1622 2243 quibus
1671 2183 1987 2231 concreditum
2036 2191 2107 2232 est

135 2253 439 2300 ministerium
474 2251 581 2300 lesu
614 2251 809 2310 Christi,
847 2253 926 2313 qui
963 2258 1066 2299 ante
1104 2250 1258 2298 secula
1294 2257 1392 2297 erat
1439 2251 1559 2312 apud
1596 2252 1797 2309 Patrem,
1835 2260 1881 2300 et
1917 2254 1965 2300 in
2014 2253 2107 2319 fine

137 2323 359 2386 apparuit.
431 2322 600 2369 Omnes
637 2335 751 2383 ergo
787 2322 1084 2369 concordiam
1122 2321 1202 2367 Dei
1238 2319 1516 2380 accipientes
1554 2321 1825 2367 reveremini
1869 2337 1950 2368 vos
1997 2323 2106 2370 invi-

137 2406 262 2449 cem,
311 2399 359 2440 et
402 2405 538 2439 nemo
587 2391 839 2438 secundum
882 2404 1067 2439 carnem
1106 2396 1284 2451 spectet
1318 2389 1601 2450 proximum,
1638 2390 1720 2436 sed
1758 2390 1802 2435 in
1842 2391 1945 2438 lesu
1983 2392 2106 2438 Chri-

137 2470 208 2509 sto
243 2476 324 2509 vos
361 2462 554 2509 invicem
589 2473 775 2522 semper
810 2460 1000 2523 diligite.
1069 2459 1193 2506 Nihil
1228 2459 1288 2504 sit
1323 2459 1369 2504 in
1407 2458 1557 2515 vohiS,
1607 2459 1731 2521 quod
1777 2474 1858 2507 vos
1907 2461 2109 2509 dividere

135 2532 307 2595 possit:
355 2531 439 2579 sed
489 2531 690 2578 unamini
725 2530 954 2592 Episcopo
1001 2536 1047 2577 et
1094 2530 1175 2587 iis,
1216 2529 1295 2591 qui
1332 2528 1389 2586 ad
1421 2528 1613 2576 sormam
1652 2536 1698 2584 et
1748 2529 2003 2577 doctrinam
2039 2530 2105 2577 in·

137 2600 533 2664 corruptibilitatis
569 2599 700 2648 vobis
736 2600 1014 2663 praesident.

139 2755 229 2803 vlt.
300 2755 433 2818 Aque
466 2755 586 2803 mm
618 2757 721 2804 sine
755 2756 964 2818 episcopo
1000 2762 1042 2803 et
1082 2755 1390 2817 presbyteres,-
1432 2753 1532 2800 silis
1566 2767 1712 2799 unum
1758 2754 1973 2814 templum
2008 2754 2113 2803 Dei.

279 2867 667 2924 Quemadmodum
703 2867 843 2929 igitur
877 2867 1094 2914 Dominus
1131 2867 1229 2913 sine
1263 2866 1421 2921 Patre,
1471 2864 1557 2926 ipsi
1594 2864 1775 2920 unitus,
1829 2864 1942 2911 nihil
1987 2866 2110 2924 fecit,

144 2949 293 2998 neque
330 2949 415 2997 per
452 2949 505 2984 se
541 2936 706 2998 ipsum,
739 2950 889 2999 neque
926 2950 1011 2999 per
1042 2936 1306 2999 apostolos3
1354 2936 1413 2981 ita
1451 2947 1599 2995 neque
1638 2947 1716 2979 vos
1754 2934 1852 2980 sine
1890 2934 2110 2996 episcopo

143 3013 194 3051 et
226 3003 511 3067 presbyteris
547 3004 793 3066 quidquam
830 3006 1073 3067 peragatis.
1143 3006 1302 3067 Neque
1339 3003 1681 3066 aggrediamini,
1719 3009 1768 3048 ut
1804 3002 2051 3063 quidquam
2087 3018 2113 3050 a

144 3073 274 3121 vobis
321 3074 565 3136 separatim
604 3073 772 3121 sactum
823 3074 993 3122 decens
1031 3082 1259 3135 appareat.
1333 3072 1424 3120 Sed
1476 3074 1519 3120 in
1561 3087 1699 3119 unum
1737 3072 2112 3119 convenientibus

146 3158 234 3190 nna
270 3145 327 3190 sit
366 3143 527 3201 oratio,
563 3156 654 3190 una
689 3143 907 3205 precatio,
947 3156 1036 3189 una
1071 3156 1215 3199 mens,
1254 3157 1342 3189 una
1379 3156 1502 3205 spes,
1540 3143 1583 3188 in
1603 3142 1836 3198 charitate,
1875 3141 1918 3187 in
1944 3141 2111 3202 gaudio

146 3219 319 3260 sancto.
391 3211 515 3261 Unus
568 3219 642 3260 est
685 3211 813 3260 lesus
851 3211 1085 3267 Christus,
1138 3225 1231 3272 quo
1282 3211 1394 3259 nibil
1440 3212 1745 3274 praestantius
1793 3217 1875 3257 est.
1946 3210 2112 3258 Omnes

285 3335 309 3360 ⁸
340 3338 431 3385 Vll.
501 3338 889 3396 Quemadmodum
939 3351 1052 3399 ergo
1090 3335 1306 3383 Dominus
1357 3335 1455 3383 sine
1492 3336 1623 3383 Patre
1673 3335 1782 3381 nihil
1831 3348 1978 3395 neque
2028 3348 2115 3396 per

148 3423 223 3466 se,
270 3421 421 3470 neque
468 3422 554 3471 per
587 3407 832 3471 Apostolos
880 3406 1100 3462 faciebat,
1139 3406 1243 3467 qnia
1281 3405 1368 3467 ipsi
1417 3405 1568 3452 unitus
1618 3411 1737 3460 erat,
1788 3404 1845 3449 ita
1896 3416 1982 3450 nec
2030 3417 2113 3452 vos

147 3479 247 3525 sine
290 3477 519 3541 Episcopo
567 3485 615 3526 et
648 3477 936 3540 presbyteris
989 3475 1206 3538 quicquid
1258 3474 1405 3535 agite3
1463 3487 1550 3521 nec
1597 3479 1763 3520 tentate
1813 3479 1862 3519 ut
1907 3472 2112 3535 privatim

148 3547 258 3609 quid
293 3554 468 3594 rectum
504 3546 634 3595 vobis
669 3546 901 3604 videatur3
960 3546 1042 3593 scd
1085 3547 1128 3591 in
1166 3557 1406 3591 commune
1445 3557 1531 3590 una
1570 3542 1749 3599 oratic,
1802 3555 1889 3589 una
1943 3541 2113 3605 suppli·

151 3617 286 3673 catio,
322 3630 410 3663 una
445 3629 591 3675 mens,
624 3630 714 3664 una
750 3630 858 3679 spes
894 3617 939 3663 in
976 3615 1210 3670 charitate,
1251 3614 1293 3659 in
1331 3611 1495 3674 gaudio
1534 3610 1792 3672 inculpato;
1839 3611 1960 3659 sicut
1993 3624 2113 3659 unus

152 3693 224 3734 est
259 3686 387 3732 lesus
426 3684 660 3743 Christus,
697 3700 788 3748 quo
825 3685 936 3732 nihil
976 3684 1278 3746 praestantius
1315 3688 1397 3728 est.
1469 3681 1635 3727 Omnes
1684 3680 1821 3740 igitur
1870 3679 1925 3728 ad
1974 3681 2116 3728 instar

267 3763 423 3805 an
453 3774 593 3805 nost.
1717 3758 1766 3800 10
