2340 3900
389 146 599 200 mmm
629 149 903 199 nPlSTOLA
937 153 1009 200 An
1046 153 1609 204 PlllLADELPHIENSES.
1657 144 1698 201 1.'
1727 152 1779 200 ll.
1817 150 1892 202 lli.
2015 145 2118 196 277

379 367 604 427 niusnn'u
634 380 886 441 nrisrom
923 383 987 425 An
1023 383 1545 429 PHlLADELPnffiNSES.
1605 386 1670 429 ex
1706 383 1893 428 raom
1971 390 1974 391 ⁷

288 487 516 549 ignauus,
550 487 630 547 qui
665 492 713 533 et
746 486 1074 549 Theophorus,
1111 487 1342 535 Ecclesiae
1377 490 1454 536 Dei
1490 490 1638 536 Patris
1673 496 1722 536 et
1755 485 1932 535 Domini
1967 485 2116 537 nostri

357 557 462 603 lesu
478 555 661 612 Clu-isti,
698 569 815 617 quae
850 562 924 603 est
950 557 998 603 in
1021 550 1350 618 philadelphia,
1387 559 1748 605 misericordiam
1774 561 2051 605 consecutae
2070 554 2116 602 in

312 630 317 633 ’
358 625 617 682 dilectione,
655 632 703 672 et
739 624 1034 672 confirmatae
1070 626 1116 671 in
1148 626 1396 672 concordia
1421 634 1468 673 et
1489 627 1762 674 exultatione
1798 626 1895 683 ssei,
1932 625 1978 671 in
2013 638 2115 686 pas·

361 695 492 741 sione
528 694 707 742 Domini
742 696 890 741 nostri
926 695 1202 751 indiscrete,
1239 701 1287 741 et
1319 695 1362 740 in
1401 697 1741 743 resurrectione
1778 696 1877 742 eius
1914 693 2116 756 repletae

356 765 404 811 in
440 764 565 810 omni
631 764 974 811 misericordia:
1010 778 1146 825 quam
1182 771 1228 811 et
1264 763 1410 810 saluto
1450 766 1493 811 in
1533 765 1755 826 sanguine
1791 764 1894 811 lesu
1932 762 2114 815 Christi,

357 833 481 895 qnod
518 838 591 880 est
621 833 835 894 gandium
873 835 1203 896 sempiternum
1253 841 1300 880 et
1353 834 1608 894 singulare:
1656 835 1846 880 maxime
1882 834 1937 879 iis
1953 824 1988 886 ,²
2036 830 2113 892 qui

356 908 464 950 sunt
497 903 543 949 in
579 916 719 950 unum
757 916 859 950 cum
894 903 1125 965 Episcopo
1161 909 1208 949 et
1243 917 1346 949 eum
1382 902 1670 964 Presbyteris
1718 910 1765 949 et
1819 916 1920 948 cum
1957 901 2112 948 Diaco-

355 973 458 1027 nis,
493 971 699 1033 probatis
735 972 781 1019 in
818 971 1047 1019 voluntate
1084 973 1164 1019 Dei
1199 972 1369 1028 Patris,
1409 986 1492 1033 per
1528 972 1763 1018 Dominum
1802 972 1950 1018 Iesum
1988 969 2115 1016 Chri·

355 1047 491 1098 stum,
527 1042 608 1102 qni
643 1042 894 1088 secundum
928 1055 1057 1088 suam
1090 1041 1363 1088 voluntatem
1402 1041 1612 1087 solidavit
1651 1040 1844 1087 firmiter
1865 1038 2115 1092 Ecclesiam

354 1110 454 1157 eius
499 1124 642 1173 snper
689 1118 891 1173 petram,
939 1110 1148 1158 aedificio
1195 1103 1445 1173 spiritual?
1480 1124 1575 1157 non
1612 1124 1747 1156 manu
1783 1109 1927 1166 sacto,
1981 1121 2112 1169 quam

360 1178 545 1227 flumina
580 1180 842 1228 inundantia
876 1187 925 1228 et
960 1180 1123 1228 flantes
1147 1182 1268 1228 venti
1305 1193 1397 1226 non
1434 1179 1673 1227 valuerunt
1708 1179 2002 1236 subvertere,
2028 1190 2115 1223 nec

260 1265 264 1267 ’
351 1248 529 1296 valeant
572 1250 819 1311 aliquando
855 1251 1046 1313 spiritus
1079 1249 1335 1310 nequitiae,
1379 1249 1463 1296 sed
1503 1249 1796 1296 debilitentur
1827 1249 1993 1295 virtute
2030 1246 2114 1292 Do·

355 1318 465 1366 mini
499 1321 644 1366 nostri
684 1319 788 1367 lesu
821 1320 1004 1367 Christi.

283 1443 318 1490 1.
390 1443 558 1491 videns
594 1452 744 1493 autem
779 1444 1056 1507 Episcopum
1101 1451 1301 1491 vestrum
1341 1444 1562 1504 cognovi,
1612 1443 1716 1503 quia
1766 1454 1858 1487 non
1906 1452 1932 1485 a
1968 1443 2115 1485 semet

146 1516 278 1575 ipso,
325 1526 478 1574 neque
515 1513 572 1560 ab
610 1507 890 1561 hominibus⁴
927 1520 1165 1576 promotus
1203 1519 1276 1559 est
1312 1514 1356 1559 in
1391 1512 1694 1560 ministerium
1745 1511 1801 1557 ad
1837 1507 2115 1556 communio·

142 1598 248 1631 nem
283 1576 556 1644 pertinens?
591 1597 742 1644 neque
779 1598 865 1645 per
888 1585 1070 1630 inanem
1095 1582 1300 1645 gloriam,
1340 1583 1423 1629 sed
1460 1583 1506 1629 in
1547 1581 1791 1628 dilectione
1828 1579 1932 1626 lesu
1951 1575 2118 1624 Christi

142 1658 192 1700 et
226 1652 306 1699 Dei
341 1651 517 1708 Patris,
554 1653 634 1713 qui
668 1653 957 1700 resuscitavit
989 1667 1094 1700 eum
1128 1667 1154 1699 a
1189 1653 1409 1699 mortuis:
1454 1652 1584 1698 cuius
1623 1663 1872 1712 expavesco
1909 1658 2115 1694 mansue·

142 1722 373 1778 tudinem,
411 1721 645 1782 quomodo
682 1727 841 1769 tacens
881 1722 1073 1784 amplius
1110 1728 1265 1783 potest
1314 1737 1339 1768 a
1373 1714 1630 1782 loquente.⁶
1701 1722 1843 1781 Aptus
1882 1723 1953 1764 est
1988 1714 2110 1762 enim

145 1791 369 1838 mandatis
406 1791 585 1837 Domini
620 1799 668 1838 et
701 1792 899 1839 institiae
935 1792 1064 1847 eius,
1118 1791 1239 1838 sicut
1276 1784 1497 1838 chordae?
1538 1791 1766 1846 citharae3
1812 1795 1858 1835 et
1894 1792 1966 1833 est
2002 1786 2113 1831 irre·

147 1853 512 1922 prehensibilis‚⁸
547 1873 640 1907 non
676 1861 828 1908 minus
864 1875 890 1908 a
911 1861 1129 1908 Zacharia
1163 1853 1443 1908 sacerdote.9
1514 1861 1711 1921 Propter
1734 1858 1858 1919 quod
1885 1853 2115 1902 beatificat

148 1929 295 1976 anima
314 1943 414 1975 mea
450 1928 569 1976 illius
589 1929 841 1978 secundnm
875 1924 1054 1977 Deum¹⁰
1091 1930 1457 1990 dispositionem,
1496 1941 1786 1990 cognoscens
1822 1926 2112 1972 innocentem

148 1992 229 2044 et¹¹
265 1996 512 2059 perfectam
550 2005 599 2044 et
633 1997 909 2046 immobilem
944 2006 990 2045 et
1039 1999 1137 2045 sine
1178 1999 1245 2045 ira
1295 1999 1417 2045 circa
1455 2011 1614 2044 omnes
1665 1997 1763 2043 eius
1800 1990 2111 2042 mansuetudi-

150 2081 270 2124 nem,
305 2073 518 2127 tanquam
552 2065 634 2115 nei
666 2067 768 2116 vivi.

289 2190 343 2239 ΙΙ.
415 2184 561 2239 Sicut¹
602 2204 715 2255 ergo
742 2190 820 2240 mii
845 2192 974 2252 lucis,
1012 2185 1139 2240 vere²
1177 2192 1317 2255 fugite
1343 2193 1613 2240 divisionem
1650 2190 1834 2238 unitatis
1872 2193 1919 2235 et
1952 2185 2115 2233 malam

148 2254 423 2310 doctrinam⁸
459 2260 819 2319 naereticorum,
856 2255 931 2310 ex‘
953 2261 1119 2324 quibus
1144 2263 1280 2310 exivit
1299 2261 1610 2324 coinquinatio
1646 2261 1691 2307 in
1717 2272 1897 2306 omnem
1933 2261 2117 2303 terram.

148 2330 231 2378 Ubi
265 2324 402 2392 ergo‘
435 2330 598 2379 Pastor
632 2336 730 2389 est,
780 2330 887 2378 illuc
924 2332 1045 2379 sieut
1081 2346 1187 2379 oves
1226 2324 1607 2394 congregemini.⁶
1679 2321 1826 2375 Multi'
1862 2326 1983 2374 enim
2019 2323 2115 2385 lupi

148 2398 345 2462 pellibus
379 2400 530 2447 ovium
568 2400 714 2448 induti
747 2395 997 2448 voluntate⁸
1031 2401 1147 2448 mala
1171 2402 1398 2463 captivant
1421 2401 1718 2448 decurrentes
1746 2398 1802 2445 ad
1823 2397 1993 2453 Deum3
2031 2391 2114 2440 sed

147 2469 194 2516 in
229 2468 399 2517 unitate
433 2477 586 2516 vestra
620 2482 713 2517 non
750 2468 984 2518 inveniunt
1019 2469 1183 2518 locum.

286 2592 363 2640 ΙΙΙ.
435 2592 667 2642 Abstinete
703 2595 857 2657 itaque
894 2608 975 2641 voe
1011 2608 1036 2641 a
1072 2589 1242 2642 verbis¹
1278 2595 1424 2653 malis,
1461 2609 1580 2657 quae
1617 2595 1744 2642 lesus
1779 2590 1985 2639 Christus
2023 2601 2115 2635 nou

149 2663 399 2721 seminavit,
436 2662 520 2711 sed
542 2664 777 2712 hominnm
812 2664 1094 2712 interfectrix
1131 2665 1298 2712 bestia:
1338 2664 1678 2727 propterquod
1714 2676 1807 2710 non
1846 2665 1953 2708 sunt
1988 2657 2111 2721 plan·

241 2854 286 2908 1)
315 2854 454 2908 Incipit
477 2851 724 2896 dude-ut
742 2852 1103 2908 philadelphienses
1251 2855 1321 2906 10)
1357 2855 1500 2896 domini
1530 2854 1626 2906 Reg.

155 2910 253 2961 Pal„
285 2909 427 2964 Incipit
459 2908 511 2951 V!
537 2908 633 2962 Bag.
1255 2910 1323 2965 11)
1354 2917 1391 2952 et
1424 2924 1501 2952 om.
1533 2911 1617 2952 Pal.

239 2967 286 3020 2)
314 2968 367 3007 iis
399 2978 479 3007 om.
509 2964 593 3007 rui.
711 2994 721 3005 .

237 3022 284 3077 3)
314 3021 493 3076 spir-‘ute‘
531 3020 617 3062 rai.
721 3031 821 3062 ocus
872 3027 934 3062 eut
971 3021 1106 3063 nauh.
1248 3021 1345 3076 Cap.
1377 3023 1424 3064 11.
1485 3022 1526 3076 1)
1559 3022 1623 3063 Sic
1657 3021 1748 3070 Reg.

160 3081 225 3130 to,
259 3079 322 3122 18.
1251 3078 1276 3120 2
1325 3079 1424 3120 lucis
1454 3090 1567 3120 verae
1600 3077 1683 3118 l’al.
1717 3077 1810 3128 neg.

238 3137 285 3190 4)
317 3133 405 3175 Gal.
440 3133 478 3184 1,
513 3133 551 3176 1.
1247 3135 1273 3175 3
1324 3132 1865 3182 mataedoclrinaePal.Reg.
1889 3129 2116 3173 Secundum

241 3193 286 3245 5)
316 3195 519 3245 promotae
552 3194 613 3231 ent
644 3190 904 3231 ministeriun·
929 3190 981 3230 ad
1005 3201 1108 3230 com·
1165 3201 1300 3231 casnm
1342 3190 1527 3233 exhibent
1567 3190 1684 3232 etiem
1724 3187 1852 3229 Codd.
1891 3184 2018 3230 nostri
2055 3199 2116 3240 gr.

156 3250 378 3290 κακῶν.
403 3248 660 3301 pertine-aen·
690 3245 788 3293 Pal..
816 3250 1020 3299 pronoen
1050 3253 1105 3286 en
1166 3245 1244 3287 ΒΟ
1266 3245 1308 3287 V.

157 3309 195 3346 ιἰι
220 3305 479 3346 muudum
508 3304 561 3344 ed
579 3302 880 3345 commeo-em
907 3301 1106 3355 pem'nen-
1250 3302 1295 3411 43
1325 3303 1371 3343 de
1405 3303 1499 3355 fleg.
1530 3303 1715 3344 Ceterum
1747 3301 1798 3342 cr.
1839 3301 1914 3343 ler.
1946 3300 2015 3352 23,
2050 3298 2115 3343 15.

156 3361 355 3471 ‘aigei‘
576 3420 708 3470 potent
738 3420 939 3456 exaratum
969 3414 1008 3455 in
1024 3414 1106 3455 Pal.
1248 3358 1296 3466 ἓ)
1322 3358 1615 3468 ῖὶηῑὲἑῇαηιίηί
1644 3412 1728 3454 Pel.
1759 3412 1852 3467 Reg.

241 3473 290 3522 7)
319 3472 436 3515 eorde
466 3471 551 3514 Pal.
581 3470 676 3526 neg.
1250 3472 1295 3523 7)
1330 3471 1463 3512 Metth.
1494 3471 1534 3520 7,
1569 3471 1633 3512 15.

242 3528 289 3581 8)
320 3531 385 3570 iar
451 3527 683 3571 ekeuibih'u
711 3539 791 3569 scr.
827 3525 910 3568 Pal.
1250 3528 1294 3581 8)
1330 3528 1355 3567 Ι.
1386 3527 1593 3581 voluptate.
1625 3525 1717 3567 Cur.

241 3586 289 3638 9)
323 3585 398 3627 Zac
474 3585 516 3626 ia
546 3584 740 3639 propheta
777 3584 979 3626 sacerdote
1022 3582 1107 3624 Pal.

160 3644 221 3685 ct.
248 3641 345 3685 Luc.
380 3640 418 3692 l,
446 3641 551 3695 5η.
1254 3640 1349 3693 Cap.
1380 3638 1444 3681 ΙΙΙ.
1508 3637 1547 3692 l)
1578 3638 1605 3680 Ι.
1635 3638 1777 3680 herbis.
1809 3636 1902 3679 Cur.
