2340 3900
554 239 565 247 .
655 199 990 250 mmmm
1023 200 1069 247 S.
1103 199 1431 248 POLYCARPI.
1465 199 1513 249 «1.
1547 199 1603 248 11.
1635 199 1708 248 111.
2079 187 2179 240 393

514 370 550 418 1.
611 368 687 416 De
717 367 945 427 martyrio
979 367 1230 428 polycarpi·
1271 374 1313 414 et
1348 369 1579 415 sociorum
1610 366 1868 415 scribimus.

349 467 629 531 Scripsinms
662 462 812 521 vobis,
849 462 1012 517 frates,
1049 463 1107 509 de
1146 465 1420 526 martyribus
1456 471 1503 512 et
1539 465 1596 512 de
1632 464 1768 511 beato
1791 462 2061 525 Polycarpo,
2099 460 2178 522 qui

212 539 431 601 martyrio
466 549 568 592 suo,
603 533 972 595 velutsignaculo
997 532 1210 593 quodam,
1258 534 1567 594 persecutioni
1599 532 1736 579 tinem
1765 531 1996 594 imposuit.
2066 530 2182 578 Fero

213 610 334 658 enim
369 612 550 662 cuncta,
586 617 705 666 quae
740 609 1109 665 praecesserunt,
1148 602 1252 648 ideo
1291 610 1556 660 evenerunt,
1595 609 1644 649 ut
1679 600 1813 648 nobis
1851 600 2065 649 Dominus
2102 598 2178 647 de·

211 690 351 739 super
375 674 643 722 ostenderet
662 673 945 734 martyrium,
970 670 1211 731 Evangelio
1238 685 1505 732 congruum.
1576 671 1858 732 Exspectavit
1890 670 2008 717 enim
2046 669 2178 725 tradi,

211 747 331 793 sicut
365 751 412 792 et
446 743 677 799 Dominus,
712 746 764 789 ut
798 747 846 788 et
880 755 967 788 nos
1003 740 1148 801 ipsius
1186 754 1394 786 essemus
1433 741 1697 795 imitatores,
1734 754 1827 787 non
1851 740 1999 787 solum
2023 745 2180 785 nostra

212 814 580 870 considerantes,
617 811 703 859 sed
735 817 784 858 et
818 824 899 867 ea,
936 823 1052 871 quae
1089 809 1147 856 ad
1183 810 1416 870 proximos
1464 809 1707 870 pertinent.
1779 809 2020 855 Charitatis
2057 808 2178 854 enim

210 897 346 931 verae
378 897 433 930 ac
467 881 644 929 solidae
679 886 776 937 est,
811 893 907 926 non
954 879 1093 926 modo
1130 892 1180 924 se
1218 879 1367 939 ipsum
1415 877 1529 924 velle
1583 879 1782 935 servari,
1821 878 1902 925 sed
1952 877 2085 924 etiam
2132 890 2182 923 o·

211 965 342 1000 mnes
376 951 557 999 stau-es.

756 1073 813 1121 11.
886 1073 1150 1134 Martyrum
1195 1073 1320 1121 mira
1356 1073 1630 1119 constantia.

353 1187 489 1234 Beata
520 1192 566 1233 et
597 1198 825 1248 generosa
860 1184 1046 1232 fuerunt
1081 1190 1247 1231 cuncta
1282 1183 1521 1246 martyria,
1572 1197 1688 1245 quae
1739 1182 1860 1229 iuxta
1906 1183 2182 1230 voluntatem

213 1258 294 1306 nei
329 1262 593 1305 evenerunt.
664 1254 775 1302 Cum
810 1254 931 1302 enim
968 1268 1053 1301 nos
1091 1253 1401 1315 religiosiores
1440 1254 1608 1310 simus,
1655 1253 1747 1300 Deo
1786 1253 1987 1300 omnium
2027 1266 2180 1299 rerum

214 1334 489 1391 potestatem
522 1323 836 1372 adscribamus
872 1330 1070 1387 oportet.
1141 1323 1251 1380 Quis
1289 1323 1408 1369 enim
1442 1323 1795 1384 generositatem
1824 1336 1983 1369 eorum
2021 1328 2068 1368 et
2107 1336 2180 1383 pa-

214 1397 418 1446 tientiam
452 1402 502 1443 et
533 1408 643 1456 erga
678 1393 919 1441 Dominum
953 1393 1222 1440 charitatem
1257 1406 1349 1438 nou
1382 1391 1656 1448 admiretur,
1705 1391 1782 1451 qui
1825 1390 2015 1451 flagellis
2064 1391 2180 1437 adeo

214 1465 413 1522 lacerati,
450 1471 503 1511 ut
535 1463 596 1511 ad
631 1463 812 1510 intimas
848 1476 999 1524 usque
1035 1475 1173 1508 venas
1206 1467 1254 1506 ct
1288 1462 1479 1507 arterias
1519 1460 1730 1520 corporis
1757 1465 1989 1505 structura
2025 1472 2182 1506 cerne·

214 1542 357 1591 retur,
392 1540 543 1580 tamen
578 1532 922 1587 sustinuerunt3
958 1532 1035 1587 ita,
1073 1536 1123 1576 ut
1159 1529 1295 1576 etiam
1332 1530 1564 1576 adstantes
1604 1529 1933 1574 miserarentur
1970 1533 2014 1574 et
2059 1528 2182 1589 plan·

215 1610 393 1666 gerent,
430 1602 521 1664 ipsi
556 1614 666 1649 vero
697 1613 755 1648 eo
792 1598 1073 1648 fortitudinis
1107 1598 1341 1656 venirent,
1379 1605 1429 1645 ut
1462 1612 1597 1645 nemo
1647 1597 1830 1643 illorum
1875 1611 2027 1658 neque
2061 1612 2182 1645 mur·

213 1677 416 1721 mutaret
449 1684 602 1732 neque
637 1670 976 1731 ingemisceret,
1008 1668 1219 1717 omnibus
1258 1669 1568 1724 ostendenteS,
1605 1667 1730 1728 quod
1755 1673 1978 1728 martyres
2017 1666 2183 1714 Christi

215 1742 330 1790 hora
362 1741 465 1798 ista,
498 1754 590 1802 qua
626 1739 975 1802 torquebantur,
1011 1746 1140 1786 extra
1177 1752 1360 1786 carnem
1396 1738 1580 1794 fuerint,
1618 1742 1694 1783 aut
1729 1737 1896 1798 potius,
1936 1737 2061 1798 quod
2098 1738 2182 1783 Do·

212 1810 363 1860 minus
407 1809 632 1858 assistens
678 1823 783 1857 cum
818 1810 932 1872 ipsis
970 1816 1095 1857 esset
1130 1808 1417 1855 collocutus?
1489 1808 1636 1867 Atque
1673 1806 1730 1852 ad
1767 1805 1935 1853 Christi
1988 1806 2179 1867 gratiam

214 1880 515 1930 adtendentes
532 1879 762 1927 mundana
784 1886 1011 1927 tormenta
1034 1878 1327 1940 spernebant,
1351 1878 1484 1923 unius
1507 1877 1647 1923 horae
1670 1876 1816 1936 spatio
1843 1889 1893 1922 se
1919 1874 1974 1922 ab
2000 1882 2184 1923 aeterna

213 1963 360 2013 poena
390 1949 686 1996 redimentes.
754 1948 1058 2011 Frigidusque
1082 1947 1194 2009 ipsis
1216 1946 1455 1994 videbatur
1480 1946 1599 2006 ignis
1624 1944 1875 1991 crudelium
1905 1944 2182 1992 carnificum.

212 2020 329 2067 Prae
377 2017 524 2065 oeulis
560 2018 683 2065 enim
718 2017 949 2065 habebant
984 2017 1137 2078 fugam
1172 2016 1295 2063 illius
1332 2016 1475 2076 ignis,
1514 2014 1592 2075 qui
1629 2019 1842 2060 aeternus
1882 2020 1952 2061 est
1987 2021 2033 2061 et
2068 2028 2181 2061 nun·

213 2102 349 2150 quam
384 2086 712 2149 exstinguetur.
746 2094 795 2134 et
829 2086 975 2135 oculis
1013 2085 1169 2132 cordis
1190 2084 1498 2146 respiciebant
1534 2083 1589 2130 ad
1619 2097 1671 2129 ea
1703 2083 1839 2141 bona,
1879 2098 1995 2144 quae
2030 2097 2178 2130 reser-

211 2164 373 2205 vantur
406 2155 763 2215 sustinentibus,
798 2170 930 2219 ,quae
967 2169 1054 2202 nec
1090 2157 1215 2201 auris
1252 2154 1421 2201 audivit
1454 2167 1538 2199 nec
1576 2152 1736 2199 oculus
1774 2153 1898 2210 vidit,
1939 2166 2056 2214 quae
2093 2167 2179 2199 nec

214 2229 259 2274 in
297 2240 382 2274 eor
415 2225 615 2272 bominis
650 2223 997 2282 ascenderunt‚‘
1044 2238 1161 2286 quae
1207 2238 1315 2270 vero
1369 2237 1393 2269 a
1430 2223 1620 2269 Domino
1670 2228 1919 2269 monstrata
1967 2229 2074 2268 sunt
2111 2223 2180 2279 iis,

212 2302 371 2359 utpote
405 2294 485 2357 qui
517 2308 611 2342 uon
646 2293 856 2343 homines
891 2293 1107 2356 amplius,
1145 2292 1228 2340 sed
1266 2293 1354 2339 iam
1404 2291 1551 2352 angeli
1598 2297 1769 2338 essent.
1843 2290 2063 2337 Similiter
2099 2292 2177 2352 qui

213 2363 271 2412 ad
304 2363 479 2412 bestias
514 2370 647 2411 erant
678 2363 984 2419 condemnati,
1023 2376 1185 2423 graves
1207 2362 1435 2408 cruciatus
1473 2359 1776 2421 pertulerunt,
1815 2374 1957 2421 super
1982 2361 2180 2407 murices

212 2433 445 2496 prostrati,
481 2432 711 2495 variisque
746 2432 847 2480 aliis
878 2431 1119 2478 tormentis
1142 2429 1406 2486 excruciati,
1443 2435 1506 2485 ut,
1546 2429 1586 2474 si
1625 2428 1723 2475 fieri
1751 2430 1994 2490 potuisset,
2031 2435 2180 2491 tyran-

212 2516 299 2550 nus
329 2514 412 2549 eos
447 2501 715 2549 assiduitate
751 2500 966 2564 supplicii
1003 2500 1061 2547 ad
1097 2500 1386 2562 negationem
1424 2497 1592 2545 Christi
1630 2497 1938 2545 adduxisset.'

429 2623 504 2673 111.
574 2622 845 2674 Germanioi
878 2627 1154 2674 constantia.
1226 2625 1478 2686 Polycarpi
1523 2638 1647 2671 mors
1677 2624 1958 2685 postulatur.

346 2721 485 2771 llulta
518 2722 642 2771 enim
678 2720 898 2771 adversus
949 2721 1052 2769 illos
1090 2721 1298 2770 diabolus
1336 2722 1620 2769 machinatus
1659 2727 1743 2768 est.
1815 2721 1904 2768 Sed
1944 2721 2087 2782 gratia
2122 2721 2183 2768 sit

209 2790 330 2850 Deo;
374 2806 479 2839 nam
515 2791 742 2840 neminem
788 2792 875 2839 iste
921 2792 1104 2839 vincere
1152 2792 1313 2854 potuit„
1387 2791 1680 2838 Fortissimus
1729 2791 1849 2838 enirn
1886 2790 2179 2838 Germanicus

209 2874 370 2909 eorum
406 2859 693 2908 timiditatem
727 2861 985 2909 constantia
1011 2874 1094 2908 sua
1118 2861 1460 2917 corroboravit3
1499 2860 1669 2921 quippe
1694 2860 1771 2921 qui
1799 2860 2037 2921 splendide
2078 2873 2180 2905 cum

209 2927 372 2978 bestiis
408 2929 691 2991 pugnaverit.
757 2929 870 2977 Nam
905 2942 1009 2977 cum
1044 2930 1295 2992 proconsul
1340 2943 1443 2976 eum
1490 2928 1675 2975 flectere
1721 2928 1856 2975 vellet
1896 2928 2177 2988 diceretque,

297 3118 346 3171 3)
370 3116 477 3184 ‘eod
489 3112 994 3173 Paanydpymoefov
1005 3114 1165 3161 αὐτοῦ.
1224 3119 1338 3170 Pnr.;
1389 3117 1488 3158 Cod.
1532 3117 1706 3179 Barocc3
1731 3110 1929 3170 χρόνον,
1980 3128 2054 3169 pro
2101 3130 2178 3171 qua

217 3174 318 3217 Cod.
337 3174 453 3216 vind.
486 3171 557 3218 Τὸ
569 3170 934 3271 {vasta-:23:⁹⁸
947 3172 1064 3270 :aglu
1053 3169 1169 3269 1ἰῖζὲ
1224 3171 1543 3271 ἷξξῗωῗπαθον
1562 3187 1583 3213 e
1618 3178 1846 3212 coniectura
1881 3171 2049 3213 dederat
2072 3174 2176 3215 Patr.

209 3228 564 3339 mxxxix?
602 3285 639 3327 la
672 3284 915 3333 tollet-anza,
958 3298 982 3324 e
1024 3282 1168 3325 t'amor
1308 3284 1407 3337 Cap.
1439 3285 1502 3326 ΙΙΙ.
1566 3285 1607 3334 1)
1644 3283 1738 3324 Eius
1760 3284 1992 3325 memoriam
2016 3285 2179 3328 lamii).

214 3343 306 3385 loro
343 3355 462 3385 veno
502 3341 568 3383 del
613 3341 786 3394 signore
839 3340 904 3381 etti
951 3340 1028 3381 mai
1085 3354 1166 3381 non
1226 3340 1457 3382 Latinorum
1488 3340 2014 3391 celebrantmartyrologia.
2046 3341 2176 3383 Uuer.

216 3394 465 3440 ammirari?
1226 3396 1554 3449 Manyrologinm
1587 3396 1723 3436 Rom:
1757 3394 1943 3446 Smyrnae
1974 3398 2123 3439 natalis
2141 3400 2176 3439 b.

295 3454 343 3507 4)
370 3452 473 3496 eod.
507 3450 623 3494 vtnd.
668 3450 1049 3501 καταξανθέντες
1092 3464 1170 3493 το·
1229 3453 1446 3493 Germanici
1478 3451 1539 3500 M„
1569 3453 1637 3504 qui
1669 3463 1753 3490 cum
1834 3453 2006 3494 imae-voe
2032 3456 2177 3496 aetatis

219 3510 392 3554 oot‘mn
417 3504 542 3552 ὅσα
575 3514 784 3550 Mente
816 3508 895 3550 lae.
1225 3512 1429 3548 venustate
1458 3509 1627 3557 floreret,
1658 3507 1730 3546 nub
1798 3513 1887 3549 arco
1916 3509 2109 3551 Antonino
2141 3515 2177 3551 et

304 3566 331 3607 5
382 3561 555 3613 αὖτοὺς
581 3563 677 3606 aa.
707 3563 823 3605 viad.
1227 3563 1342 3603 Lucio
1373 3563 1527 3604 Aurelio
1558 3574 1649 3615 sqq.
2019 3580 2041 3600 ο

305 3621 333 3662 o
382 3619 514 3662 lcor.
541 3618 584 3670 ²,
610 3619 653 3662 9.
1314 3619 1358 3670 2)
1394 3618 1498 3659 Ιηῐη
1531 3632 1566 3659 c.
1597 3618 1663 3659 21.
1701 3618 1920 3670 proconsul
1951 3619 2177 3665 nominatus

305 3675 353 3731 7)
382 3675 439 3718 lta
466 3674 654 3731 reposuit
679 3674 758 3719 lae.
792 3687 817 3719 e
834 3674 964 3718 codd.
995 3674 1109 3717 Vino.
1131 3682 1171 3717 et
1228 3682 1289 3717 est
1319 3674 1467 3719 Lucius
1498 3674 1651 3718 Statius
1680 3674 1921 3724 Quadratus·
