2340 3900
646 67 932 114 BARNABAE
966 66 1250 115 EPISTULA.
1298 68 1409 115 ΧΙΧ.
1446 68 1534 115 ΧΧ.
1571 68 1677 115 xxl.
2082 64 2148 115 43

182 208 422 271 piendum,
467 207 526 254 ad
579 205 778 254 dandum
823 217 934 251 vero
982 206 1270 254 contrahere.
1344 207 1510 270 Diliges
1559 213 1611 254 ut
1655 205 1872 268 pupillam
1922 205 2045 252 oculi
2085 207 2148 252 tui

181 291 362 325 omnem
397 277 476 338 qui
514 275 594 323 tibi
629 275 848 336 loquetur
898 273 1087 321 verbum
1124 275 1314 323 Domini.
1388 278 1437 324 In
1472 277 1739 324 memoriam
1775 282 1895 322 tuam
1931 274 2005 321 die
2042 289 2149 322 noc·

180 354 319 407 tuque
366 345 605 393 revocabis
654 344 813 392 iudicii
862 343 997 390 diem.
1070 343 1287 405 Exquiras
1324 348 1528 407 quotidie
1575 346 1727 393 vultus
1763 350 2053 400 sanctorum,
2107 351 2153 390 et

179 418 225 462 in
261 428 475 462 sermone
513 428 596 461 eos
632 418 957 476 perscrutanS,
1003 419 1049 459 et
1084 413 1142 460 ad
1178 415 1509 463 exhortandum
1546 415 1791 473 incedenS,
1844 419 1890 460 et
1924 414 2148 461 meditans

179 485 412 546 quomodo
449 484 640 531 animam
674 482 816 531 verbo
855 489 933 528 tuo
970 495 1153 529 servare
1190 485 1367 544 possis3
1419 493 1463 531 et
1513 485 1720 532 manibus
1755 484 1845 531 tuis
1883 482 2151 545 operaberis

178 554 235 601 ad
270 554 602 601 redemtionem
647 558 945 616 peccatorum
984 547 1212 599 tuorum.‘
1250 553 1349 598 Non
1388 554 1613 601 dubitabis
1651 555 1785 610 dare,
1834 567 1984 614 neque
2028 566 2152 599 mur·

177 623 406 680 mutabis,
444 636 548 669 cum
585 623 682 670 das,
749 621 895 679 ,omni
932 621 1106 682 petenti
1144 628 1187 667 te
1225 621 1376 667 tribue
1394 623 1422 679 3‘
1476 637 1730 684 cognosces
1769 628 1917 670 autem
1956 622 2057 683 quis
2095 622 2156 668 sit

178 692 328 739 bonus
377 691 604 740 mercedis
647 691 912 751 retributor.
984 689 1197 737 Servabis
1251 705 1368 751 quae
1420 693 1664 753 accepisti,
1703 707 1790 739 nec
1828 691 2027 746 addens,
2065 705 2153 737 nec

179 762 383 810 demens.
454 760 599 808 Malus
650 754 842 808 odiosus
887 759 970 806 tibi
1024 759 1113 806 erit
1144 759 1188 806 in
1225 766 1515 820 perpetuum.
1587 761 1707 808 Iuste
1743 761 1981 808 iudicabis.
2051 761 2151 807 Non

176 830 320 878 facies
357 829 621 888 dissidium3
658 830 742 878 sed
774 842 934 891 pacem
956 828 1220 876 conciliabis
1259 830 1378 875 inter
1404 829 1750 886 contendenteS‚
1791 845 1872 877 eos
1901 830 2150 877 associans.

177 899 482 948 confiteberis
517 906 707 962 peccata
738 905 828 947 tua.
898 898 998 945 Non
1026 898 1221 946 accedes
1262 898 1318 944 ad
1355 898 1609 946 orationem
1647 905 1770 947 tuam
1792 901 1838 946 in
1865 899 2146 947 conscientia

178 969 311 1020 mala.
381 969 507 1016 Haec
541 975 614 1016 est
647 970 719 1017 via
746 968 882 1016 lucis.

820 1081 909 1127 XX.
977 1081 1050 1128 De
1083 1082 1164 1128 via
1198 1080 1508 1127 tenebrarum.

321 1162 401 1208 Via
435 1168 585 1209 autem
619 1162 908 1212 tenebrarum
942 1163 1127 1225 obliqua
1164 1169 1232 1210 est
1267 1163 1494 1224 plenaque
1521 1161 1869 1209 maledictionis
1917 1161 1998 1208 Est
2035 1162 2154 1207 enim

180 1233 252 1279 via
285 1232 449 1279 mortis
486 1240 699 1280 aeternae
745 1248 850 1281 cum
886 1233 1141 1296 supplici0,
1190 1234 1236 1279 in
1274 1247 1364 1294 qua
1410 1237 1516 1279 sunt
1563 1225 1683 1293 quae
1732 1233 1930 1293 perdunt
1966 1231 2157 1277 animam

181 1302 445 1349 hominum:
482 1301 752 1361 idololatria,
789 1305 1045 1360 temeritas,
1084 1303 1221 1350 elatio
1260 1302 1319 1349 ob
1356 1303 1620 1364 potentiam,
1658 1302 1914 1358 simulati0‚
1956 1314 2038 1346 cor
2075 1300 2157 1346 du-

182 1370 298 1435 plex,
334 1371 622 1429 adulterium,
658 1372 982 1432 homicidium,
1018 1374 1192 1436 rapina,
1230 1371 1472 1434 superbia,
1511 1371 1844 1432 transgressio,
1883 1370 2029 1426 dolus,
2066 1384 2156 1415 ma-

183 1441 293 1499 litia,
330 1441 613 1503 arrogantia,
661 1443 956 1502 veneficium,
990 1444 1161 1504 magia,
1197 1443 1405 1498 avaritia,
1454 1441 1607 1488 nullus
1644 1441 1725 1487 Dei
1761 1440 1910 1486 timor.
1982 1440 2030 1485 In
2069 1453 2159 1499 qua

183 1517 289 1559 sunt
322 1510 550 1558 bonorum
585 1520 928 1574 persecutores,
966 1527 1129 1560 osores
1162 1512 1377 1569 veritatis,
1416 1517 1642 1558 amatores
1675 1510 1914 1567 mendacii,
1950 1523 2044 1556 non
2083 1523 2159 1555 co-

186 1587 466 1644 gnoscentes
500 1582 763 1630 mercedem
799 1585 1014 1640 iustitiae,
1053 1597 1145 1630 non
1180 1581 1382 1629 adiuncti
1420 1582 1475 1628 ad
1496 1581 1683 1637 honum,
1719 1580 1879 1626 viduae
1919 1585 1964 1625 et
1982 1578 2155 1640 pupillo

185 1665 277 1698 non
313 1651 597 1699 attendentes
632 1666 690 1699 ex
724 1653 844 1701 insto
880 1654 1062 1710 iudicio,
1101 1652 1337 1713 vigilantes
1373 1666 1467 1698 non
1502 1650 1558 1696 ad
1599 1651 1809 1696 timorem
1844 1649 1937 1705 Dei,
1977 1648 2061 1695 sed
2103 1649 2159 1694 ad

185 1719 429 1778 malitiam,
464 1734 492 1766 a
527 1721 695 1783 quibus
730 1723 868 1786 longe
914 1738 968 1771 ac
1004 1722 1167 1786 procul
1215 1728 1323 1769 sunt
1358 1721 1661 1768 mansuetudo
1700 1726 1746 1766 et
1782 1720 2022 1781 patientia,
2080 1718 2158 1779 qui

187 1790 382 1851 diligunt
413 1803 541 1847 vana,
577 1799 903 1841 consectantur
937 1792 1371 1849 remunerationem,
1412 1805 1506 1837 non
1544 1791 1821 1837 miserentur
1852 1789 2028 1850 inopis,
2066 1803 2158 1835 non

188 1859 399 1907 laborant
444 1859 492 1906 in
532 1862 722 1922 gratiam
789 1862 947 1910 labore
996 1877 1050 1909 ac
1098 1862 1328 1908 aerumnis
1378 1860 1604 1917 confecti,
1673 1860 1729 1906 ad
1778 1859 2159 1906 obtrectationem

190 1929 418 1992 prompti,
465 1942 559 1975 non
608 1939 942 1992 cognoscentes
979 1939 1237 1978 creatorem
1274 1944 1435 1986 suum,
1488 1929 1739 1975 liberorum
1788 1930 2159 1990 interemptores,

192 1998 238 2046 in
275 1998 514 2045 abortione
549 2008 899 2063 corrumpentes
935 2000 1014 2047 Dei
1051 2007 1320 2055 creaturam,
1358 2005 1618 2045 aversantes
1657 2011 1867 2059 egenum,
1900 1998 2159 2059 opprimen-

192 2076 263 2114 tes
315 2067 561 2124 amictum,
610 2068 797 2118 divitum
850 2069 1080 2125 advocati,
1131 2082 1385 2131 pauperum
1433 2068 1577 2129 iniqui
1625 2067 1826 2124 iudices3
1874 2081 1960 2128 per
2008 2066 2159 2114 omnia

195 2143 477 2199 peccatores.

772 2235 883 2283 xxi.
957 2236 1182 2297 Epiloyus
1217 2235 1573 2282 exhortatorius.

332 2315 542 2378 Aequum
590 2317 730 2378 igitur
772 2325 871 2373 est,
907 2325 958 2364 nt
999 2318 1138 2363 homo
1188 2317 1382 2365 edoctus
1430 2317 1637 2363 mandata
1676 2316 1877 2372 Domini,
1933 2321 2161 2376 quotquot

193 2386 324 2447 prius
359 2385 531 2445 scripta
566 2393 700 2443 sunt,
737 2387 782 2432 in
818 2386 887 2433 eis
926 2386 1139 2433 ambulet.
1211 2387 1294 2443 Qui
1333 2387 1452 2433 enim
1491 2400 1544 2432 ea
1581 2387 1776 2447 perlicit,
1816 2387 1860 2431 in
1898 2399 2041 2446 regno
2080 2386 2159 2431 Dei

194 2518 295 2559 Uen.
353 2519 453 2561 Dein
480 2519 780 2578 μαχομένους
797 2519 967 2570 BCOV‚
996 2534 1147 2576 μαχο-
1206 2520 1258 2563 τὸ
1293 2518 1470 2576 ψεῦδος
1502 2527 1592 2562 ante
1631 2516 1934 2574 ἀγαπῶντες,
1980 2520 2089 2572 quod
2120 2519 2159 2559 in

189 2575 353 2631 μένοις
381 2577 483 2617 lien.
516 2577 632 2618 Voss.
655 2575 793 2618 Const.
822 2577 960 2630 Apost.
982 2577 1058 2627 VII,
1083 2578 1144 2618 10.

278 2631 352 2683 42)
383 2631 522 2674 Const.
547 2633 686 2687 Apost.
718 2633 798 2683 vlt,
833 2635 895 2675 17.

273 2688 349 2741 43)
377 2688 478 2730 thid.
512 2689 590 2741 vn,
625 2690 690 2732 17.

279 2744 376 2798 Cap.
406 2745 483 2786 XX.
548 2747 587 2794 l)
617 2746 755 2788 Const.
785 2747 924 2799 Apost.
956 2746 1034 2796 VH,
1069 2750 1107 2790 8.

277 2802 323 2853 2)
357 2801 520 2844 σκολιᾶ
547 2803 580 2844 0
601 2803 643 2844 V.

275 2858 321 2909 3)
350 2858 462 2910 Vulg.
493 2860 576 2901 τοῦ
605 2865 698 2900 ante
726 2854 942 2903 θανάτου
972 2861 1087 2901 omisi
1110 2876 1143 2902 c.

192 2914 402 2955 BeroV.
462 2915 561 2956 Dein
590 2913 722 2958 ἔστιν
751 2917 784 2957 Ο
806 2917 848 2958 V.

273 2971 331 3035 42
351 2968 674 3015 ἀποτελοῦντα
704 2972 748 3023 C,
779 2971 1073 3016 ἀπολλοῦντα
1101 2974 1143 3021 V,

191 3035 462 3083 ἀπολλύντα
489 3040 586 3094 (sic)
617 3040 663 3082 0.

272 3096 319 3151 5)
348 3093 709 3154 εἰδωλολατρεία
739 3098 855 3139 BOV
888 3099 997 3148 Cot.,
1030 3096 1144 3141 ww-

188 3153 409 3209 λολατρία
439 3154 567 3205 nem,
597 3151 935 3213 εἰδωλολατρία
968 3155 996 3195 C
1030 3156 1143 3197 Voss.

274 3211 320 3262 6)
346 3210 511 3267 μοιχία
542 3211 575 3251 Ο
596 3211 638 3252 V.

271 3266 318 3315 7)
347 3262 675 3322 ὑπερηφανεία
705 3267 738 3308 Ο
756 3266 798 3307 V.
858 3266 956 3307 Dein
991 3264 1144 3310 αὐθα-

189 3319 272 3363 δία
301 3322 344 3371 V,
373 3324 623 3379 φαρμακία
650 3324 805 3381 μαγία
833 3323 918 3363 OV.
986 3365 1007 3390 7

277 3378 322 3425 8)
355 3378 686 3420 subaudiendum
734 3392 824 3420 esse
861 3376 942 3421 Ἐν
978 3395 1003 3437 ῃ
1049 3380 1147 3421 εἶσί

189 3440 280 3474 ante
311 3430 510 3475 διῶκται
538 3435 616 3476 iam
649 3436 748 3478 Men.
779 3435 1069 3477 animadvertit.

274 3490 320 3539 9)
354 3486 439 3542 τὴν
465 3490 602 3533 addidi
634 3505 668 3533 c.
700 3492 751 3542 B,
793 3492 843 3533 ad
876 3491 988 3533 cuius
1019 3505 1142 3543 marg.

190 3545 424 3587 llolstenius
453 3553 562 3590 recte
591 3554 717 3599 notat,
747 3548 1018 3602 supplendum
1053 3562 1141 3589 esse

1204 2579 1317 2619 nullo
1373 2585 1605 2619 nostrorum
1659 2583 1849 2629 quattuor
1894 2578 1986 2618 Mss.
2042 2582 2159 2626 extat,

1204 2648 1278 2676 ncc
1316 2642 1376 2676 est
1420 2635 1459 2675 in
1502 2636 1543 2675 F.
1611 2634 1753 2673 Veram
1797 2633 2012 2674 lectionem
2058 2633 2158 2673 Men.

1203 2692 1280 2732 iam
1314 2692 1505 2732 indicavit
1527 2691 1766 2731 observans:
1803 2691 1908 2741 Lege
1933 2688 2159 2744 ἀγαπῶν-

1205 2762 1289 2796 τας
1330 2749 1407 2788 hoc
1446 2748 1593 2788 modo:
1641 2747 1895 2802 μισοῦντες
1934 2742 2161 2799 ἀλήθειαν

1205 2803 1493 2859 ἀγαπῶντας
1529 2805 1553 2845 i.
1590 2818 1622 2844 e.
1657 2802 1751 2842 odio
1788 2803 1981 2843 habentes
2014 2802 2158 2842 verita—

1203 2862 1253 2902 tis
1284 2868 1504 2912 amatores;
1557 2867 1623 2900 aut
1664 2864 1771 2898 certe
1813 2858 1970 2899 videtui·
2014 2859 2156 2899 deesse

1203 2931 1346 2959 nomen
1391 2915 1571 2972 ψεῦδος
1607 2917 1630 2957 i.
1671 2928 1704 2954 c.
1748 2915 2022 2964 mendacium,
2078 2914 2157 2954 hoc

1202 2974 1345 3015 modo:
1379 2972 1662 3028 ἀγαπῶντες
1696 2968 1872 3023 ψεῦδος
1903 2971 1926 3010 i.
1959 2984 1992 3010 e.
2021 2982 2159 3010 aman-

1202 3039 1261 3072 tes
1294 3031 1556 3072 mendacium.
1618 3029 1698 3069 Csr.
1735 3028 1871 3066 Const.
1903 3027 2039 3078 Apost.
2074 3026 2099 3066 Ι.
2123 3039 2156 3066 c.

1297 3102 1364 3153 10)
1397 3099 1567 3157 ὀφανῷ
1600 3100 1642 3140 B.

1291 3171 1358 3223 11)
1388 3165 1657 3225 ἆγαπόντες
1703 3168 1728 3207 F
1783 3173 1821 3206 ct
1865 3169 1895 3204 υ
1946 3164 1984 3204 in
2038 3171 2156 3215 textu,

1202 3226 1484 3282 ἀγαπῶντες
1529 3226 1566 3266 in
1615 3237 1736 3274 marg.
1796 3222 1894 3263 Dein
1946 3217 2159 3264 ἀνταπό-

1202 3282 1342 3341 δωμα
1373 3296 1451 3324 scr.
1483 3286 1514 3322 υ
1537 3283 1576 3322 V.

1292 3354 1359 3402 12)
1392 3352 1502 3402 Vulg.
1536 3353 1599 3406 τῷ
1632 3357 1721 3390 ante
1758 3347 2155 3405 καταπονουμένῳ

1202 3409 1348 3450 exclusi
1381 3425 1414 3449 c.
1447 3409 1474 3448 B
1493 3410 1520 3447 C
1537 3409 1563 3447 F
1581 3410 1612 3447 O
1629 3408 1668 3446 V.
1730 3405 1907 3446 Subinde
1951 3402 2155 3461 εὐχερεῖς

1201 3467 1369 3513 BCOV,
1401 3463 1626 3520 εὐχειρεΐς
1659 3464 1756 3503 Men.

1290 3535 1359 3589 13)
1392 3535 1575 3577 τέκνοιν
1607 3533 1647 3573 V.
