2340 3900
648 864 1111 945 HERMAE¹
1169 864 1611 942 PASTOR.

804 1173 1064 1214 LIBER
1134 1167 1474 1216 PRIMUS,

927 1294 1006 1336 QUI
1034 1291 1341 1330 mscmm'rmt:

879 1411 1391 1460 VISIONES.

1007 1652 1179 1737 vlslo
1226 1654 1261 1706 1.

163 1782 334 1828 Contra
379 1788 533 1842 turpes
583 1791 624 1828 et
669 1786 817 1830 elatas
864 1786 1185 1844 cogitationes,
1233 1789 1275 1828 et
1318 1783 1621 1842 ncqliyentem
1665 1781 1865 1826 Hermae
1910 1781 2117 1840 filiorum

966 1866 1326 1924 castiyationem.

302 1966 367 2027 (A)
394 1970 425 2015 1.
495 1970 579 2026 Qui
611 1973 888 2019 enutriverat
922 1987 1010 2029 me,
1045 1964 1267 2019 vendidit²
1305 1971 1528 2031 quandam
1551 1969 1745 2030 puellam
1768 1969 1950 2016 Romae.
2008 1971 2120 2018 Post

159 2040 324 2087 multos
361 2044 510 2084 autem
549 2053 690 2085 annos
729 2042 845 2087 hanc
880 2043 1019 2088 visam
1055 2055 1141 2102 ego
1180 2032 1471 2100 recognovi,⁸
1519 2046 1564 2085 et
1597 2039 1729 2099 coepi
1777 2051 1877 2084 eam
1926 2038 2118 2100 diligere

159 2115 211 2154 ut
244 2121 468 2154 sororem.
539 2107 701 2155 Exacto
741 2117 888 2156 autem
914 2117 1119 2171 tempore
1156 2104 1344 2169 aliqu0,‘¹
1379 2108 1516 2153 lavari
1543 2121 1638 2154 eam
1677 2108 1721 2152 in
1753 2106 1936 2153 flumine
1962 2107 2114 2154 Tiberi

158 2176 273 2232 vidi,
311 2182 355 2221 et
390 2175 574 2236 porrexi
610 2177 652 2222 ei
688 2192 894 2235 manum,
935 2186 980 2225 et
1016 2179 1151 2224 eduxi
1188 2192 1284 2222 eam
1322 2191 1346 2222 e
1385 2169 1606 2221 llumine.⁶
1678 2175 1869 2235 Visaque
1908 2189 1961 2221 ea
1997 2176 2118 2237 cogi-

159 2244 309 2290 tabam
346 2243 390 2288 in
426 2245 565 2290 corde
600 2259 717 2302 meo,
754 2247 936 2294 dicens:
973 2247 1096 2304 ,felix
1130 2259 1295 2301 essem,
1333 2245 1370 2290 si
1407 2244 1538 2290 talem
1574 2257 1778 2299 uxorem,
1808 2249 1854 2290 et
1889 2244 2043 2305 speeie
2072 2251 2120 2291 et

159 2312 379 2368 moribuS‚
418 2313 606 2359 sortitus
643 2313 823 2361 essem.‘
895 2315 991 2361 Hoc
1016 2315 1175 2369 solum,
1212 2327 1299 2359 nec
1321 2313 1439 2359 ultra
1465 2313 1710 2373 quicquam
1731 2311 1937 2372 cogitavi.
2008 2310 2122 2360 Post

163 2387 337 2439 tempus
375 2387 524 2426 autem
563 2382 762 2442 aliquod,
803 2398 903 2430 cum
939 2384 993 2429 iis
1031 2381 1380 2443 cogitationibus
1407 2380 1724 2441 proficiscenS,
1762 2379 2120 2428 honorificabam

163 2454 419 2507 creaturam
456 2448 564 2505 Dei,
620 2452 824 2509 cogitans
885 2466 1016 2512 quam
1068 2451 1310 2510 magnilica
1346 2455 1392 2495 et
1437 2449 1594 2509 pulcra
1631 2442 1723 2494 sit.⁶
1794 2449 1849 2494 Et
1888 2450 1993 2495 dum
2029 2464 2118 2495 am-

159 2515 405 2568 bulassem,
445 2515 709 2563 obdormivi.
782 2519 835 2564 Et
874 2520 1061 2579 spiritus
1098 2532 1170 2563 me
1208 2511 1398 2577 rapuit,'¹
1440 2523 1485 2562 et
1520 2517 1622 2561 tulit
1658 2530 1728 2561 me
1766 2529 1850 2577 per
1887 2517 2119 2576 quendam

161 2584 312 2630 locum
350 2583 406 2628 ad
443 2581 682 2641 dexteram,
721 2601 804 2646 per
841 2601 975 2646 quem
1011 2600 1103 2631 non
1125 2591 1304 2645 poterat
1339 2586 1475 2630 homo
1498 2585 1582 2630 iter
1607 2584 1771 2630 facere.
1841 2584 1948 2630 Erat
1969 2593 2118 2632 autem

161 2651 290 2697 locus
327 2651 399 2697 ille
433 2652 479 2696 in
517 2653 733 2712 rupibus,
773 2661 817 2700 et
853 2654 1095 2718 abrpptus,
1133 2660 1178 2698 et
1215 2646 1381 2698 invius⁸
1418 2652 1473 2697 ab
1511 2652 1657 2712 aquis,
1730 2653 1929 2713 Cumque
1975 2659 2116 2700 trans-

162 2719 301 2765 issem
353 2719 504 2765 locum
553 2721 695 2776 illum,
741 2723 843 2767 veni
880 2723 936 2767 ad
984 2721 1239 2782 planitiem,
1295 2726 1340 2765 et
1376 2719 1565 2780 genibus
1613 2721 1775 2780 positis
1814 2722 1948 2782 coepi
1986 2737 2117 2770 orare

162 2785 414 2842 Dominum,
451 2794 496 2832 et
533 2788 743 2835 confiteri
779 2787 967 2850 peccata
1002 2804 1113 2836 mea.
1184 2789 1238 2833 Et
1276 2795 1433 2834 orante
1469 2802 1541 2833 me
1566 2795 1771 2848 apertum
1799 2783 1890 2835 est⁹
1926 2791 2116 2848 caelum,

162 2861 208 2900 et
242 2854 373 2900 video
409 2856 644 2903 mulierem
684 2858 819 2919 illam,
859 2872 992 2919 quam
1029 2858 1364 2917 concupieram,
1399 2857 1664 2903 salutantem
1702 2872 1774 2903 me
1813 2858 1867 2904 de
1908 2859 2032 2905 caelo
2072 2867 2119 2906 et

164 2922 413 2968 dicentem:
471 2924 676 2982 ,Herma,
725 2924 831 2973 ave.‘
906 2926 959 2971 Et
1007 2939 1091 2986 ego
1140 2925 1429 2986 prospiciens
1477 2924 1597 2970 illam
1646 2925 1746 2971 dico
1785 2926 1852 2971 ei:
1901 2926 2117 2984 ‚domina‚

165 2990 275 3049 quid
311 2997 360 3037 tu
397 2992 501 3038 heic
538 2988 738 3040 facis‘3‘¹⁰
808 2988 906 3040 Ac¹¹
943 2994 1018 3039 illa
1053 2993 1290 3055 respondit
1324 2993 1459 3038 mihi:
1497 3001 1698 3054 ,recepta
1735 3008 1835 3040 sum
1871 2988 2031 3052 huc‚¹²
2067 3003 2117 3043 ut

247 3161 402 3202 Titulus
436 3163 512 3203 iste
540 3163 581 3203 in
623 3164 719 3205 libb.
748 3164 956 3218 impressis
986 3179 1105 3219 prae·
1159 3166 1407 3206 Hieronimus
1418 3168 1615 3218 presbiter
1627 3167 1671 3205 in
1686 3166 1892 3219 cathaloyo
1907 3169 2117 3209 illustrium

165 3217 247 3257 vius
280 3219 515 3259 auctoritate
546 3220 638 3261 Mss.
676 3220 747 3260 niti
788 3222 944 3262 videtur
982 3222 1104 3272 nulla,
1160 3223 1332 3261 virorum
1363 3222 1465 3261 inter
1497 3222 1786 3262 ecclesiasticos
1818 3223 2031 3274 scriptores
2059 3226 2115 3264 ita

163 3273 212 3312 ab
242 3272 461 3313 editoribus
493 3274 642 3327 quippe
662 3287 737 3327 pro
763 3277 974 3318 cuiuslibet
995 3290 1105 3318 com-
1159 3277 1347 3315 meminit·
1385 3278 1538 3317 dicens·
1570 3277 1740 3316 Herman
1773 3278 1887 3317 cuius
1919 3279 2113 3328 apostolus

165 3328 284 3367 modo
302 3334 421 3380 atque
442 3329 607 3370 arbitrio
639 3332 844 3372 confictus.
889 3333 932 3372 In
955 3332 1104 3374 Codice
1161 3330 1303 3370 Paulus
1334 3332 1384 3371 ad
1399 3332 1588 3372 Romanos
1623 3332 1792 3371 scribens
1822 3333 2013 3372 meminit·
2045 3347 2113 3374 sa-

166 3382 350 3423 Vaticano
382 3383 492 3425 3848
523 3385 621 3426 haec
649 3386 882 3438 inscriptio:
1165 3386 1286 3425 lutate
1316 3387 1526 3436 fleyontam
1560 3387 1712 3425 hermen
1726 3387 1932 3437 patrobam
1954 3389 2112 3430 herman

209 3464 374 3501 INCIPIT
397 3466 634 3505 PROLOGUS
659 3457 782 3504 LIBRI*
802 3469 1053 3508 PASTORIS,
1161 3444 1199 3479 et
1229 3442 1295 3492 qui
1331 3453 1416 3480 cum
1452 3443 1509 3481 eis
1556 3445 1644 3481 sunt
1672 3443 1831 3491 fratres·
1862 3447 1898 3482 et
1929 3450 2110 3485 asserunt

209 3523 256 3559 m
280 3526 374 3563 noc
400 3527 612 3564 com’onss
638 3528 925 3565 commu
1162 3496 1708 3601 grtzzzquzzzassss'jrffiss
1737 3498 2110 3605 35522‘32‘22‘25232

162 3597 258 3636 liber
286 3600 350 3650 qui
380 3602 598 3653 appellatur
622 3605 796 3656 pastoris
819 3616 930 3658 quem
947 3607 1103 3646 sanctus
1163 3604 1317 3655 leyitur.
1372 3604 1514 3645 Revera
1542 3605 1655 3646 utilis
1687 3606 1803 3646 liber·
1844 3609 2031 3661 multique
2061 3611 2107 3650 de
