2340 3900
718 157 1053 207 murnum!
1089 157 1534 207 s.1GNA·r11.vn.
2023 152 2128 204 217

159 307 217 353 de
251 306 333 360 iis,
366 314 483 364 quae
514 297 634 345 tacu
668 295 865 352 fuerant,
901 302 1054 343 certos
1091 296 1285 350 faceret,
1320 311 1528 345 essemus
1563 297 1763 360 precati,
1801 309 1855 342 ac
1890 293 2120 357 paululum

157 371 574 423 obdormissemus3
621 365 697 412 alii
718 365 869 412 statim
889 363 1142 411 adstantem
1168 380 1270 412 eum
1306 380 1483 427 nosque
1510 366 1887 429 complectentem
1912 363 2123 421 vidimuS,

155 444 230 490 alii
250 453 411 488 rursus
433 450 520 500 pro
535 434 671 482 nohis
693 440 899 481 orantem
919 433 1104 480 beatum
1118 433 1339 494 Ignatium
1360 437 1695 498 conspeximuS,
1719 435 1793 483 alii
1816 446 1925 481 vero
1949 433 2122 481 sudore

155 510 408 563 stillantem,
444 512 658 566 tanquam
693 517 720 551 a
754 503 897 551 multo
927 502 1086 550 labore
1122 502 1433 555 advenientem
1471 512 1605 566 atque
1643 506 1893 553 adstantem
1915 502 2122 551 Domino.

155 580 267 629 Cum
299 589 410 637 ergo
446 574 588 622 multo
625 587 731 621 cum
762 572 930 634 gaudio
966 572 1052 619 ista
1090 572 1390 628 vidissemus,
1442 580 1487 620 et
1517 576 1799 623 somniorum
1834 573 1931 620 visa
1966 578 2122 620 contu·

153 648 394 702 lissemus,
445 644 589 691 Deum
634 643 840 690 datorem
888 641 1118 689 bonorum
1153 641 1461 698 laudavimus,
1508 651 1712 691 sanctum
1758 644 1903 691 virum
1939 640 2122 689 beatum

153 715 535 779 praedicavimus»,
569 711 700 760 vobis
736 717 783 759 et
819 711 940 758 diem
974 717 1020 757 et
1055 717 1234 772 tempus
1273 709 1640 770 significavimuS,
1678 721 1729 760 ut
1765 720 1971 774 tempore
2004 726 2119 759 mar-

153 785 259 848 tyrii
293 785 393 831 eius
429 782 755 830 convenientes
802 781 1168 828 communionem
1204 786 1407 826 nostram
1455 780 1755 830 testificemur
1803 796 1908 829 cum
1958 780 2122 829 athleta

152 862 199 902 et
232 867 461 917 generoso
497 858 696 914 martyre
732 850 925 909 Christi,
977 850 1055 911 qui
1103 848 1387 897 conculcavit
1433 849 1663 898 diabolum
1701 858 1748 899 et
1785 850 2003 898 desiderii
2037 852 2123 908 sui,

154 939 211 972 ex
250 937 407 970 amore
455 921 624 969 Clu-isti
673 919 896 983 profecti,
943 933 1126 967 cursum
1177 918 1398 980 explevit,
1442 918 1487 964 in
1529 919 1710 967 Christo
1748 920 1877 977 lesu,
1932 920 2121 967 Domino

151 1000 343 1050 nostro,
389 1006 476 1055 per
509 1004 648 1053 quem
683 996 733 1037 et
765 1003 869 1037 cum
905 1002 996 1051 quo
1035 988 1157 1035 Patri
1191 988 1252 1034 sit
1287 987 1433 1049 gloria
1470 995 1516 1034 et
1550 991 1753 1049 potentia
1807 1003 1910 1037 cum
1948 988 2125 1050 Spiritu

153 1069 326 1118 sancto,
364 1062 411 1108 in
447 1060 616 1108 secula.
684 1057 851 1107 Amen!

242 1252 290 1306 ὅ)
333 1253 454 1294 Vetus
514 1250 588 1292 lnt.
641 1249 778 1291 Caien.
822 1261 911 1291 cum
962 1247 1113 1301 Spifflu
1169 1249 1356 1289 culorum.
1390 1246 1505 1287 Amen
1525 1241 1648 1290 :gv
1666 1247 1733 1315 τῇ
1766 1244 1878 1316 ἁγίᾳ
1904 1245 2124 1305 ἐκκλησίᾳ

153 1311 314 1361 Sancto,
348 1310 395 1350 in
423 1312 560 1350 sancta
590 1306 768 1350 Ecclesia
796 1308 838 1348 ιἰι
876 1306 1011 1347 secuta
1050 1317 1115 1345 se·
1174 1304 1244 1352 εἰς
1274 1301 1382 1352 τοὺς
1412 1303 1591 1351 αἰῶνας
1621 1305 1717 1348 τῶν
1744 1302 1945 1348 αἰώνων.
