<?xml version="1.0" encoding="UTF-8"?>
<!DOCTYPE html PUBLIC "-//W3C//DTD XHTML 1.0 Transitional//EN"
    "http://www.w3.org/TR/xhtml1/DTD/xhtml1-transitional.dtd">
<html xmlns="http://www.w3.org/1999/xhtml" xml:lang="en" lang="en">
 <head>
  <title>
</title>
<meta http-equiv="Content-Type" content="text/html;charset=utf-8" />
  <meta name='ocr-system' content='tesseract 3.04.00' />
  <meta name='ocr-capabilities' content='ocr_page ocr_carea ocr_par ocr_line ocrx_word'/>
</head>
<body>
  <div class='ocr_page' id='page_1' title='image "./patrumapostolico00dresuoft_0454.png"; bbox 0 0 2340 3900; ppageno 0'>
   <div class='ocr_carea' id='block_1_1' title="bbox 171 190 1654 252">
    <p class='ocr_par' dir='ltr' id='par_1_1' title="bbox 171 190 1654 252">
     <span class='ocr_line' id='line_1_1' title="bbox 171 190 1654 252; baseline -0.002 -9"><span class='ocrx_word' id='word_1_1' title='bbox 171 192 270 243; x_wconf 84' lang='lat'><strong>348</strong></span> <span class='ocrx_word' id='word_1_2' title='bbox 534 248 539 252; x_wconf 39' lang='grc'>,</span> <span class='ocrx_word' id='word_1_3' title='bbox 627 191 831 239; x_wconf 85' lang='lat' dir='ltr'><strong>IGNATII</strong></span> <span class='ocrx_word' id='word_1_4' title='bbox 869 190 1140 238; x_wconf 85' lang='lat' dir='ltr'><strong>EPISTOLA</strong></span> <span class='ocrx_word' id='word_1_5' title='bbox 1175 191 1245 239; x_wconf 82' lang='lat' dir='ltr'><strong>AD</strong></span> <span class='ocrx_word' id='word_1_6' title='bbox 1282 192 1558 242; x_wconf 84' lang='lat' dir='ltr'><strong>ROMANOS.</strong></span> <span class='ocrx_word' id='word_1_7' title='bbox 1604 195 1654 240; x_wconf 89' lang='grc' dir='ltr'><strong>Χ.</strong></span> 
     </span>
    </p>
   </div>
   <div class='ocr_carea' id='block_1_2' title="bbox 171 304 2152 408">
    <p class='ocr_par' dir='ltr' id='par_1_2' title="bbox 171 304 2152 408">
     <span class='ocr_line' id='line_1_2' title="bbox 171 304 2152 408; baseline -0.001 -34"><span class='ocrx_word' id='word_1_8' title='bbox 171 321 313 374; x_wconf 81' lang='grc' dir='ltr'><strong><em>ὄντα·</em></strong></span> <span class='ocrx_word' id='word_1_9' title='bbox 351 340 527 380; x_wconf 80' lang='grc' dir='ltr'><strong><em>παντες</em></strong></span> <span class='ocrx_word' id='word_1_10' title='bbox 560 316 649 387; x_wconf 80' lang='grc' dir='ltr'><strong>γὰρ</strong></span> <span class='ocrx_word' id='word_1_11' title='bbox 680 320 800 372; x_wconf 82' lang='grc' dir='ltr'><strong><em>εἰσὶν</em></strong></span> <span class='ocrx_word' id='word_1_12' title='bbox 835 317 962 382; x_wconf 80' lang='grc' dir='ltr'><strong><em>αξιοι</em></strong></span> <span class='ocrx_word' id='word_1_13' title='bbox 1001 323 1128 373; x_wconf 85' lang='grc' dir='ltr'>Θεοῦ</span> <span class='ocrx_word' id='word_1_14' title='bbox 1161 323 1244 375; x_wconf 81' lang='grc' dir='ltr'><strong>καὶ</strong></span> <span class='ocrx_word' id='word_1_15' title='bbox 1279 321 1441 390; x_wconf 71' lang='grc' dir='ltr'><strong><em>ὑμῶν·</em></strong></span> <span class='ocrx_word' id='word_1_16' title='bbox 1479 345 1566 384; x_wconf 83' lang='grc' dir='ltr'><strong>ους</strong></span> <span class='ocrx_word' id='word_1_17' title='bbox 1598 321 1781 408; x_wconf 81' lang='grc' dir='ltr'><strong><em>πρέπον</em></strong></span> <span class='ocrx_word' id='word_1_18' title='bbox 1828 322 1955 373; x_wconf 78' lang='grc' dir='ltr'><strong><em>ἐστὶν</em></strong></span> <span class='ocrx_word' id='word_1_19' title='bbox 1999 319 2115 388; x_wconf 76' lang='grc' dir='ltr'><strong><em>ὑμῖν</em></strong></span> <span class='ocrx_word' id='word_1_20' title='bbox 2147 304 2152 308; x_wconf 29' lang='lat'>⁸</span> 
     </span>
    </p>
   </div>
   <div class='ocr_carea' id='block_1_3' title="bbox 171 385 2116 531">
    <p class='ocr_par' dir='ltr' id='par_1_3' title="bbox 171 385 2115 527">
     <span class='ocr_line' id='line_1_3' title="bbox 171 385 2115 463; baseline -0.001 -21"><span class='ocrx_word' id='word_1_21' title='bbox 171 388 291 442; x_wconf 78' lang='grc' dir='ltr'>κατὰ</span> <span class='ocrx_word' id='word_1_22' title='bbox 325 387 483 440; x_wconf 78' lang='grc' dir='ltr'><strong><em>πάντα</em></strong></span> <span class='ocrx_word' id='word_1_23' title='bbox 519 385 807 439; x_wconf 77' lang='grc' dir='ltr'><strong><em>ἀναπαῦσαι.</em></strong></span> <span class='ocrx_word' id='word_1_24' title='bbox 862 386 989 458; x_wconf 64' lang='lat' dir='ltr'><em>’&#39;9Ey</em></span> <span class='ocrx_word' id='word_1_25' title='bbox 991 403 1100 455; x_wconf 82' lang='grc' dir='ltr'><strong><em>αψοι</em></strong></span> <span class='ocrx_word' id='word_1_26' title='bbox 1134 390 1186 443; x_wconf 77' lang='grc' dir='ltr'><strong>δὲ</strong></span> <span class='ocrx_word' id='word_1_27' title='bbox 1219 389 1332 459; x_wconf 81' lang='grc' dir='ltr'><strong><em>ὖμῒν</em></strong></span> <span class='ocrx_word' id='word_1_28' title='bbox 1363 413 1512 445; x_wconf 84' lang='grc' dir='ltr'><strong><em>ταυτα</em></strong></span> <span class='ocrx_word' id='word_1_29' title='bbox 1547 398 1605 463; x_wconf 84' lang='grc' dir='ltr'><strong>τῇ</strong></span> <span class='ocrx_word' id='word_1_30' title='bbox 1640 389 1733 455; x_wconf 80' lang='grc' dir='ltr'><strong>πρὸ</strong></span> <span class='ocrx_word' id='word_1_31' title='bbox 1772 390 1877 442; x_wconf 74' lang='grc' dir='ltr'><strong>ἔνι’</strong></span> <span class='ocrx_word' id='word_1_32' title='bbox 1843 411 1910 441; x_wconf 85' lang='grc' dir='ltr'><strong>εοι</strong></span> <span class='ocrx_word' id='word_1_33' title='bbox 1943 395 2115 441; x_wconf 78' lang='grc' dir='ltr'><strong><em>καλαν-</em></strong></span> 
     </span>
     <span class='ocr_line' id='line_1_4' title="bbox 171 454 2116 531; baseline 0 -22"><span class='ocrx_word' id='word_1_34' title='bbox 171 461 270 509; x_wconf 81' lang='grc' dir='ltr'><strong>δῶν</strong></span> <span class='ocrx_word' id='word_1_35' title='bbox 306 458 657 525; x_wconf 80' lang='grc' dir='ltr'><strong><em>Σεπτεμβρίων.</em></strong></span> <span class='ocrx_word' id='word_1_36' title='bbox 713 454 976 525; x_wconf 74' lang='grc' dir='ltr'><strong><em>’Έρῤωσθε</em></strong></span> <span class='ocrx_word' id='word_1_37' title='bbox 1012 460 1081 520; x_wconf 85' lang='grc' dir='ltr'><strong>εἰς</strong></span> <span class='ocrx_word' id='word_1_38' title='bbox 1115 459 1290 522; x_wconf 69' lang='grc' dir='ltr'><strong>τέλος,8</strong></span> <span class='ocrx_word' id='word_1_39' title='bbox 1327 464 1378 515; x_wconf 78' lang='grc' dir='ltr'><strong>ἐν</strong></span> <span class='ocrx_word' id='word_1_40' title='bbox 1427 459 1649 531; x_wconf 71' lang='grc' dir='ltr'><strong><em>ὑπομονῇ</em></strong></span> <span class='ocrx_word' id='word_1_41' title='bbox 1688 458 1849 526; x_wconf 80' lang='grc' dir='ltr'>Ἰησοῦ</span> <span class='ocrx_word' id='word_1_42' title='bbox 1888 463 2116 526; x_wconf 78' lang='grc' dir='ltr'><strong><em>Χριστοῦ.</em></strong></span> 
     </span>
    </p>
   </div>
   <div class='ocr_carea' id='block_1_4' title="bbox 168 588 2114 786">
    <p class='ocr_par' dir='ltr' id='par_1_4' title="bbox 168 588 2114 786">
     <span class='ocr_line' id='line_1_5' title="bbox 170 588 2114 652; baseline 0.001 -19"><span class='ocrx_word' id='word_1_43' title='bbox 170 589 330 633; x_wconf 86' lang='lat' dir='ltr'><strong>Omnes</strong></span> <span class='ocrx_word' id='word_1_44' title='bbox 370 588 488 633; x_wconf 90' lang='lat' dir='ltr'><strong>enim</strong></span> <span class='ocrx_word' id='word_1_45' title='bbox 525 588 647 647; x_wconf 85' lang='lat' dir='ltr'>digni</span> <span class='ocrx_word' id='word_1_46' title='bbox 684 594 788 634; x_wconf 90' lang='lat' dir='ltr'><strong>sunt</strong></span> <span class='ocrx_word' id='word_1_47' title='bbox 821 588 941 635; x_wconf 92' lang='lat' dir='ltr'><strong>Deo.</strong></span> <span class='ocrx_word' id='word_1_48' title='bbox 989 596 1033 636; x_wconf 89' lang='lat' dir='ltr'><strong>et</strong></span> <span class='ocrx_word' id='word_1_49' title='bbox 1078 592 1196 652; x_wconf 91' lang='lat' dir='ltr'><strong>apud</strong></span> <span class='ocrx_word' id='word_1_50' title='bbox 1242 605 1322 637; x_wconf 92' lang='lat' dir='ltr'><strong>vos</strong></span> <span class='ocrx_word' id='word_1_51' title='bbox 1372 606 1442 637; x_wconf 90' lang='lat' dir='ltr'><strong>me</strong></span> <span class='ocrx_word' id='word_1_52' title='bbox 1491 597 1672 650; x_wconf 80' lang='lat' dir='ltr'><strong>oportet</strong></span> <span class='ocrx_word' id='word_1_53' title='bbox 1720 591 1761 635; x_wconf 92' lang='lat' dir='ltr'><strong>in</strong></span> <span class='ocrx_word' id='word_1_54' title='bbox 1801 588 2009 635; x_wconf 91' lang='lat' dir='ltr'><strong>omnibus</strong></span> <span class='ocrx_word' id='word_1_55' title='bbox 2047 603 2114 634; x_wconf 89' lang='lat' dir='ltr'><strong>re-</strong></span> 
     </span>
     <span class='ocr_line' id='line_1_6' title="bbox 168 652 2114 718; baseline 0.002 -18"><span class='ocrx_word' id='word_1_56' title='bbox 168 657 421 715; x_wconf 85' lang='lat' dir='ltr'><strong>quiescere.</strong></span> <span class='ocrx_word' id='word_1_57' title='bbox 494 654 666 716; x_wconf 82' lang='lat' dir='ltr'><strong>Scripsi</strong></span> <span class='ocrx_word' id='word_1_58' title='bbox 715 655 842 702; x_wconf 91' lang='lat' dir='ltr'><strong>vobis</strong></span> <span class='ocrx_word' id='word_1_59' title='bbox 893 657 1003 704; x_wconf 88' lang='lat' dir='ltr'><strong>haec</strong></span> <span class='ocrx_word' id='word_1_60' title='bbox 1049 652 1190 705; x_wconf 80' lang='lat' dir='ltr'><strong>nono³</strong></span> <span class='ocrx_word' id='word_1_61' title='bbox 1228 659 1445 705; x_wconf 86' lang='lat' dir='ltr'><strong>Calendas</strong></span> <span class='ocrx_word' id='word_1_62' title='bbox 1495 658 1788 718; x_wconf 77' lang='lat' dir='ltr'><strong>Septembris.</strong></span> <span class='ocrx_word' id='word_1_63' title='bbox 1860 656 2114 704; x_wconf 82' lang='lat' dir='ltr'><strong>Incolumes</strong></span> 
     </span>
     <span class='ocr_line' id='line_1_7' title="bbox 169 719 1681 786; baseline 0.004 -18"><span class='ocrx_word' id='word_1_64' title='bbox 169 730 315 770; x_wconf 85' lang='lat' dir='ltr'><strong>estote</strong></span> <span class='ocrx_word' id='word_1_65' title='bbox 351 737 496 783; x_wconf 88' lang='lat' dir='ltr'><strong>usque</strong></span> <span class='ocrx_word' id='word_1_66' title='bbox 534 724 577 768; x_wconf 90' lang='lat' dir='ltr'><strong>in</strong></span> <span class='ocrx_word' id='word_1_67' title='bbox 616 723 749 770; x_wconf 85' lang='lat' dir='ltr'><strong>linem</strong></span> <span class='ocrx_word' id='word_1_68' title='bbox 787 725 831 770; x_wconf 89' lang='lat' dir='ltr'><strong>in</strong></span> <span class='ocrx_word' id='word_1_69' title='bbox 867 727 1079 786; x_wconf 89' lang='lat' dir='ltr'><strong>patientia</strong></span> <span class='ocrx_word' id='word_1_70' title='bbox 1115 727 1217 774; x_wconf 88' lang='lat' dir='ltr'><strong>lesu</strong></span> <span class='ocrx_word' id='word_1_71' title='bbox 1253 727 1431 773; x_wconf 77' lang='lat' dir='ltr'><strong>Christi.</strong></span> <span class='ocrx_word' id='word_1_72' title='bbox 1503 719 1681 774; x_wconf 74' lang='grc' dir='ltr'><strong>Αῐιιοῐι.4</strong></span> 
     </span>
    </p>
   </div>
   <div class='ocr_carea' id='block_1_5' title="bbox 169 854 2120 1409">
    <p class='ocr_par' dir='ltr' id='par_1_5' title="bbox 169 854 2120 1353">
     <span class='ocr_line' id='line_1_8' title="bbox 257 854 2120 912; baseline 0 -14"><span class='ocrx_word' id='word_1_73' title='bbox 257 856 302 908; x_wconf 91' lang='lat'><strong>3)</strong></span> <span class='ocrx_word' id='word_1_74' title='bbox 335 854 570 912; x_wconf 82' lang='grc' dir='ltr'><strong><em>ἀγαπητοὶ</em></strong></span> <span class='ocrx_word' id='word_1_75' title='bbox 598 856 688 898; x_wconf 92' lang='lat' dir='ltr'><strong>add.</strong></span> <span class='ocrx_word' id='word_1_76' title='bbox 725 857 755 897; x_wconf 95' lang='grc' dir='ltr'><strong>Ο</strong></span> <span class='ocrx_word' id='word_1_77' title='bbox 788 858 837 898; x_wconf 90' lang='lat' dir='ltr'><strong>ad</strong></span> <span class='ocrx_word' id='word_1_78' title='bbox 870 870 997 900; x_wconf 90' lang='lat' dir='ltr'><strong>oram.</strong></span> <span class='ocrx_word' id='word_1_79' title='bbox 1261 859 1305 911; x_wconf 87' lang='lat'><strong>4)</strong></span> <span class='ocrx_word' id='word_1_80' title='bbox 1335 859 1451 899; x_wconf 83' lang='lat' dir='ltr'><strong>Amen</strong></span> <span class='ocrx_word' id='word_1_81' title='bbox 1484 870 1559 898; x_wconf 90' lang='lat' dir='ltr'><strong>om.</strong></span> <span class='ocrx_word' id='word_1_82' title='bbox 1591 857 1672 897; x_wconf 90' lang='lat' dir='ltr'><strong>Pal.</strong></span> <span class='ocrx_word' id='word_1_83' title='bbox 1703 857 1796 908; x_wconf 85' lang='lat' dir='ltr'><strong>Reg.</strong></span> <span class='ocrx_word' id='word_1_84' title='bbox 1848 857 2120 898; x_wconf 89' lang='lat' dir='ltr'><strong>Subscrihitur</strong></span> 
     </span>
     <span class='ocr_line' id='line_1_9' title="bbox 256 912 2116 966; baseline 0.001 -13"><span class='ocrx_word' id='word_1_85' title='bbox 256 913 483 965; x_wconf 85' lang='lat' dir='ltr'><strong>Epigraphe</strong></span> <span class='ocrx_word' id='word_1_86' title='bbox 525 912 652 959; x_wconf 78' lang='grc' dir='ltr'><strong><em>τέλος</em></strong></span> <span class='ocrx_word' id='word_1_87' title='bbox 688 913 726 953; x_wconf 90' lang='lat' dir='ltr'><strong>in</strong></span> <span class='ocrx_word' id='word_1_88' title='bbox 756 913 809 964; x_wconf 87' lang='lat' dir='ltr'><strong>B,</strong></span> <span class='ocrx_word' id='word_1_89' title='bbox 857 914 984 962; x_wconf 81' lang='grc' dir='ltr'><em>τέλος</em></span> <span class='ocrx_word' id='word_1_90' title='bbox 1025 916 1120 958; x_wconf 80' lang='grc' dir='ltr'><strong>τῶν</strong></span> <span class='ocrx_word' id='word_1_91' title='bbox 1175 915 1403 966; x_wconf 70' lang='lat' dir='ltr'><strong>Expliciunt</strong></span> <span class='ocrx_word' id='word_1_92' title='bbox 1449 915 1613 966; x_wconf 82' lang='lat' dir='ltr'><strong>epistole</strong></span> <span class='ocrx_word' id='word_1_93' title='bbox 1640 915 1768 954; x_wconf 61' lang='lat' dir='ltr'><strong>‘sancti</strong></span> <span class='ocrx_word' id='word_1_94' title='bbox 1797 915 1938 964; x_wconf 63' lang='lat' dir='ltr'><strong>ignatii</strong></span> <span class='ocrx_word' id='word_1_95' title='bbox 1969 918 2116 965; x_wconf 79' lang='lat' dir='ltr'><strong>marty-</strong></span> 
     </span>
     <span class='ocr_line' id='line_1_10' title="bbox 171 945 2118 1037; baseline 0 -28"><span class='ocrx_word' id='word_1_96' title='bbox 171 966 435 1010; x_wconf 70' lang='grc' dir='ltr'><strong><em>ἐπιστολῶν</em></strong></span> <span class='ocrx_word' id='word_1_97' title='bbox 483 970 564 1011; x_wconf 83' lang='grc' dir='ltr'><strong>τοῦ</strong></span> <span class='ocrx_word' id='word_1_98' title='bbox 607 965 742 1035; x_wconf 80' lang='grc' dir='ltr'><strong><em>ἁγίου</em></strong></span> <span class='ocrx_word' id='word_1_99' title='bbox 788 945 1119 1037; x_wconf 61' lang='grc' dir='ltr'><strong><em>ἐερομᾶρτυρος</em></strong></span> <span class='ocrx_word' id='word_1_100' title='bbox 1175 972 1230 1009; x_wconf 78' lang='lat' dir='ltr'><strong>ris</strong></span> <span class='ocrx_word' id='word_1_101' title='bbox 1262 972 1447 1021; x_wconf 78' lang='lat' dir='ltr'><strong>discipuli</strong></span> <span class='ocrx_word' id='word_1_102' title='bbox 1480 970 1665 1009; x_wconf 78' lang='lat' dir='ltr'><strong>iohannis</strong></span> <span class='ocrx_word' id='word_1_103' title='bbox 1696 971 1929 1020; x_wconf 73' lang='lat' dir='ltr'><strong>evanyeliste</strong></span> <span class='ocrx_word' id='word_1_104' title='bbox 1968 974 2004 1009; x_wconf 86' lang='lat' dir='ltr'><strong>et</strong></span> <span class='ocrx_word' id='word_1_105' title='bbox 2034 971 2118 1020; x_wconf 80' lang='lat' dir='ltr'><strong>epi-</strong></span> 
     </span>
     <span class='ocr_line' id='line_1_11' title="bbox 173 1021 2117 1093; baseline 0 -29"><span class='ocrx_word' id='word_1_106' title='bbox 173 1025 382 1090; x_wconf 73' lang='grc' dir='ltr'><strong><em>ἲγνοιτίου</em></strong></span> <span class='ocrx_word' id='word_1_107' title='bbox 426 1025 508 1065; x_wconf 84' lang='grc' dir='ltr'><strong>τοῦ</strong></span> <span class='ocrx_word' id='word_1_108' title='bbox 531 1021 780 1093; x_wconf 54' lang='lat' dir='ltr'><strong>Jeofpdqov</strong></span> <span class='ocrx_word' id='word_1_109' title='bbox 829 1021 1119 1092; x_wconf 79' lang='grc' dir='ltr'><strong><em>πατριάρχου</em></strong></span> <span class='ocrx_word' id='word_1_110' title='bbox 1176 1029 1282 1076; x_wconf 82' lang='lat' dir='ltr'><strong>scopi</strong></span> <span class='ocrx_word' id='word_1_111' title='bbox 1310 1038 1329 1064; x_wconf 84' lang='lat' dir='ltr'><strong>e</strong></span> <span class='ocrx_word' id='word_1_112' title='bbox 1360 1026 1467 1076; x_wconf 89' lang='lat' dir='ltr'><strong>(cum</strong></span> <span class='ocrx_word' id='word_1_113' title='bbox 1487 1025 1698 1076; x_wconf 90' lang='lat' dir='ltr'><strong>supposito</strong></span> <span class='ocrx_word' id='word_1_114' title='bbox 1717 1024 1886 1076; x_wconf 86' lang='lat' dir='ltr'><strong>puncto)</strong></span> <span class='ocrx_word' id='word_1_115' title='bbox 1912 1026 2117 1066; x_wconf 79' lang='lat' dir='ltr'><strong>antiochie.</strong></span> 
     </span>
     <span class='ocr_line' id='line_1_12' title="bbox 171 1075 2118 1149; baseline 0.001 -29.004"><span class='ocrx_word' id='word_1_116' title='bbox 171 1075 470 1126; x_wconf 59' lang='lat' dir='ltr'><strong>aeovndzewc</strong></span> <span class='ocrx_word' id='word_1_117' title='bbox 482 1081 579 1145; x_wconf 84' lang='grc' dir='ltr'><strong>τῆς</strong></span> <span class='ocrx_word' id='word_1_118' title='bbox 609 1078 871 1149; x_wconf 68' lang='grc' dir='ltr'><strong><em>ἀντίοχείας</em></strong></span> <span class='ocrx_word' id='word_1_119' title='bbox 899 1081 1000 1131; x_wconf 87' lang='lat' dir='ltr'><strong>inO,</strong></span> <span class='ocrx_word' id='word_1_120' title='bbox 1033 1083 1114 1123; x_wconf 86' lang='grc' dir='ltr'><strong>τοῦ</strong></span> <span class='ocrx_word' id='word_1_121' title='bbox 1176 1081 1318 1131; x_wconf 79' lang='lat' dir='ltr'><strong>Incipit</strong></span> <span class='ocrx_word' id='word_1_122' title='bbox 1347 1082 1433 1119; x_wconf 83' lang='lat' dir='ltr'><strong>laus</strong></span> <span class='ocrx_word' id='word_1_123' title='bbox 1463 1082 1624 1131; x_wconf 80' lang='lat' dir='ltr'><strong>hyronis</strong></span> <span class='ocrx_word' id='word_1_124' title='bbox 1648 1081 1930 1131; x_wconf 66' lang='lat' dir='ltr'><strong>discipuli-eius</strong></span> <span class='ocrx_word' id='word_1_125' title='bbox 1953 1083 1994 1121; x_wconf 84' lang='lat' dir='ltr'><strong>in</strong></span> <span class='ocrx_word' id='word_1_126' title='bbox 2008 1093 2118 1121; x_wconf 80' lang='lat' dir='ltr'><strong>eum:</strong></span> 
     </span>
     <span class='ocr_line' id='line_1_13' title="bbox 169 1129 2116 1202; baseline 0 -26"><span class='ocrx_word' id='word_1_127' title='bbox 169 1133 302 1202; x_wconf 80' lang='grc' dir='ltr'><strong><em>ἁγίου</em></strong></span> <span class='ocrx_word' id='word_1_128' title='bbox 329 1129 662 1202; x_wconf 76' lang='grc' dir='ltr'><strong><em>ἱερομάρτυρος</em></strong></span> <span class='ocrx_word' id='word_1_129' title='bbox 685 1134 917 1190; x_wconf 80' lang='grc' dir='ltr'><strong><em>Ἰγνατίου</em></strong></span> <span class='ocrx_word' id='word_1_130' title='bbox 947 1149 1111 1192; x_wconf 79' lang='grc' dir='ltr'><strong><em>πατρι-</em></strong></span> <span class='ocrx_word' id='word_1_131' title='bbox 1174 1136 1243 1186; x_wconf 81' lang='lat' dir='ltr'><strong>qui</strong></span> <span class='ocrx_word' id='word_1_132' title='bbox 1272 1137 1307 1174; x_wconf 81' lang='lat' dir='ltr'><strong>ei</strong></span> <span class='ocrx_word' id='word_1_133' title='bbox 1342 1141 1582 1175; x_wconf 82' lang='lat' dir='ltr'><strong>successerat</strong></span> <span class='ocrx_word' id='word_1_134' title='bbox 1619 1136 1662 1174; x_wconf 80' lang='lat' dir='ltr'><strong>in</strong></span> <span class='ocrx_word' id='word_1_135' title='bbox 1692 1137 1919 1188; x_wconf 80' lang='lat' dir='ltr'><strong>episcopatu</strong></span> <span class='ocrx_word' id='word_1_136' title='bbox 1949 1136 1990 1176; x_wconf 91' lang='lat' dir='ltr'><strong>in</strong></span> <span class='ocrx_word' id='word_1_137' title='bbox 2020 1137 2116 1186; x_wconf 66' lang='lat' dir='ltr'><strong>Pal„</strong></span> 
     </span>
     <span class='ocr_line' id='line_1_14' title="bbox 169 1186 2118 1259; baseline 0 -28"><span class='ocrx_word' id='word_1_138' title='bbox 169 1190 311 1259; x_wconf 74' lang='grc' dir='ltr'><strong><em>ἄρχου</em></strong></span> <span class='ocrx_word' id='word_1_139' title='bbox 332 1193 451 1232; x_wconf 70' lang='grc' dir='ltr'><strong><em>θεοῦ</em></strong></span> <span class='ocrx_word' id='word_1_140' title='bbox 492 1186 671 1238; x_wconf 85' lang='grc' dir='ltr'><strong><em>πόλεως</em></strong></span> <span class='ocrx_word' id='word_1_141' title='bbox 709 1191 970 1258; x_wconf 82' lang='grc' dir='ltr'><strong><em>ἀντιοχείας</em></strong></span> <span class='ocrx_word' id='word_1_142' title='bbox 1009 1190 1113 1233; x_wconf 80' lang='grc' dir='ltr'><strong><em>ἐπι·</em></strong></span> <span class='ocrx_word' id='word_1_143' title='bbox 1170 1189 1395 1240; x_wconf 70' lang='lat' dir='ltr'><strong>Expliciunt</strong></span> <span class='ocrx_word' id='word_1_144' title='bbox 1438 1190 1514 1229; x_wconf 86' lang='lat' dir='ltr'><strong>XII</strong></span> <span class='ocrx_word' id='word_1_145' title='bbox 1563 1190 1733 1241; x_wconf 81' lang='lat' dir='ltr'><strong>Epistole</strong></span> <span class='ocrx_word' id='word_1_146' title='bbox 1794 1193 1920 1232; x_wconf 83' lang='lat' dir='ltr'><strong>sancti</strong></span> <span class='ocrx_word' id='word_1_147' title='bbox 1970 1193 2118 1243; x_wconf 76' lang='lat' dir='ltr'><strong>anatii</strong></span> 
     </span>
     <span class='ocr_line' id='line_1_15' title="bbox 171 1243 2117 1341; baseline -0.001 -53"><span class='ocrx_word' id='word_1_148' title='bbox 171 1243 307 1299; x_wconf 82' lang='grc' dir='ltr'><strong><em>στολὴ</em></strong></span> <span class='ocrx_word' id='word_1_149' title='bbox 339 1244 456 1303; x_wconf 82' lang='grc' dir='ltr'><em>πρὸς</em></span> <span class='ocrx_word' id='word_1_150' title='bbox 485 1245 720 1304; x_wconf 82' lang='grc' dir='ltr'><strong><em>ρωμαίους</em></strong></span> <span class='ocrx_word' id='word_1_151' title='bbox 748 1243 815 1300; x_wconf 82' lang='grc' dir='ltr'><strong>ιβ’</strong></span> <span class='ocrx_word' id='word_1_152' title='bbox 846 1247 885 1286; x_wconf 91' lang='lat' dir='ltr'><strong>in</strong></span> <span class='ocrx_word' id='word_1_153' title='bbox 915 1247 957 1288; x_wconf 89' lang='lat' dir='ltr'><strong>V.</strong></span> <span class='ocrx_word' id='word_1_154' title='bbox 1168 1247 1354 1341; x_wconf 28' lang='lat' dir='ltr'><strong>Ztartflyrils</strong></span> <span class='ocrx_word' id='word_1_155' title='bbox 1382 1246 1634 1340; x_wconf 57' lang='lat' dir='ltr'><strong>antiocetnsis.</strong></span> <span class='ocrx_word' id='word_1_156' title='bbox 1675 1245 1816 1297; x_wconf 75' lang='lat' dir='ltr'><strong>Incipit</strong></span> <span class='ocrx_word' id='word_1_157' title='bbox 1844 1248 1932 1310; x_wconf 65' lang='lat' dir='ltr'><strong>laus</strong></span> <span class='ocrx_word' id='word_1_158' title='bbox 1948 1247 2117 1311; x_wconf 49' lang='lat' dir='ltr'><strong>{lyronis</strong></span> 
     </span>
     <span class='ocr_line' id='line_1_16' title="bbox 1196 1312 2118 1353; baseline 0.002 -13.002"><span class='ocrx_word' id='word_1_159' title='bbox 1196 1313 1355 1352; x_wconf 75' lang='grc' dir='ltr'><strong><em>ιεοψαι</em></strong></span> <span class='ocrx_word' id='word_1_160' title='bbox 1397 1314 1460 1341; x_wconf 76' lang='lat' dir='ltr'><strong>sm</strong></span> <span class='ocrx_word' id='word_1_161' title='bbox 1501 1312 1614 1353; x_wconf 84' lang='lat' dir='ltr'><strong>aque</strong></span> <span class='ocrx_word' id='word_1_162' title='bbox 1663 1313 1903 1343; x_wconf 82' lang='lat' dir='ltr'><strong>successons</strong></span> <span class='ocrx_word' id='word_1_163' title='bbox 1948 1314 1991 1342; x_wconf 80' lang='lat' dir='ltr'><strong>m</strong></span> <span class='ocrx_word' id='word_1_164' title='bbox 2030 1315 2118 1343; x_wconf 82' lang='lat' dir='ltr'><strong>eum</strong></span> 
     </span>
    </p>

    <p class='ocr_par' dir='ltr' id='par_1_6' title="bbox 259 1355 1352 1409">
     <span class='ocr_line' id='line_1_17' title="bbox 259 1355 1352 1409; baseline -0.002 -11"><span class='ocrx_word' id='word_1_165' title='bbox 259 1355 304 1409; x_wconf 89' lang='lat'><strong>3)</strong></span> <span class='ocrx_word' id='word_1_166' title='bbox 334 1357 384 1398; x_wconf 86' lang='lat' dir='ltr'><strong>IX</strong></span> <span class='ocrx_word' id='word_1_167' title='bbox 413 1357 508 1407; x_wconf 64' lang='lat' dir='ltr'><strong>Pal„</strong></span> <span class='ocrx_word' id='word_1_168' title='bbox 539 1357 638 1397; x_wconf 87' lang='lat' dir='ltr'><strong>VIIII</strong></span> <span class='ocrx_word' id='word_1_169' title='bbox 671 1357 762 1408; x_wconf 85' lang='lat' dir='ltr'><strong>Reg.</strong></span> <span class='ocrx_word' id='word_1_170' title='bbox 1169 1356 1209 1395; x_wconf 89' lang='lat' dir='ltr'><strong>in</strong></span> <span class='ocrx_word' id='word_1_171' title='bbox 1239 1357 1352 1406; x_wconf 64' lang='lat' dir='ltr'><strong>Reg„</strong></span> 
     </span>
    </p>
   </div>
   <div class='ocr_carea' id='block_1_6' title="bbox 922 1527 1361 1536">
    <p class='ocr_par' dir='ltr' id='par_1_7' title="bbox 922 1527 1361 1536">
     <span class='ocr_line' id='line_1_18' title="bbox 922 1527 1361 1536; baseline -0.007 2"><span class='ocrx_word' id='word_1_172' title='bbox 922 1529 1072 1536; x_wconf 74' lang='lat'><strong>——-—</strong></span> <span class='ocrx_word' id='word_1_173' title='bbox 1077 1527 1361 1536; x_wconf 45' lang='grc' dir='ltr'><strong>η--ο-...ύη-ο-</strong></span> 
     </span>
    </p>
   </div>
   <div class='ocr_carea' id='block_1_7' title="bbox 625 1711 1670 1854">
    <p class='ocr_par' dir='ltr' id='par_1_8' title="bbox 625 1711 1670 1854">
     <span class='ocr_line' id='line_1_19' title="bbox 625 1711 1670 1781; baseline 0.001 -17"><span class='ocrx_word' id='word_1_174' title='bbox 625 1711 696 1781; x_wconf 87' lang='grc' dir='ltr'><strong>[Β.</strong></span> <span class='ocrx_word' id='word_1_175' title='bbox 747 1719 1020 1768; x_wconf 87' lang='lat' dir='ltr'><strong>IGNATII</strong></span> <span class='ocrx_word' id='word_1_176' title='bbox 1070 1719 1151 1765; x_wconf 88' lang='lat' dir='ltr'><strong>AD</strong></span> <span class='ocrx_word' id='word_1_177' title='bbox 1201 1720 1245 1765; x_wconf 89' lang='lat' dir='ltr'><strong>S.</strong></span> <span class='ocrx_word' id='word_1_178' title='bbox 1292 1718 1670 1777; x_wconf 87' lang='lat' dir='ltr'><strong>IOHANNEM,</strong></span> 
     </span>
     <span class='ocr_line' id='line_1_20' title="bbox 646 1808 1654 1854; baseline 0.003 -11"><span class='ocrx_word' id='word_1_179' title='bbox 646 1808 919 1846; x_wconf 74' lang='lat' dir='ltr'><strong>Arosromm</strong></span> <span class='ocrx_word' id='word_1_180' title='bbox 942 1811 1001 1845; x_wconf 80' lang='lat' dir='ltr'><strong>nr</strong></span> <span class='ocrx_word' id='word_1_181' title='bbox 1027 1809 1396 1854; x_wconf 77' lang='lat' dir='ltr'><strong>EVANGELISTAM‚</strong></span> <span class='ocrx_word' id='word_1_182' title='bbox 1421 1810 1654 1848; x_wconf 70' lang='lat' dir='ltr'><strong>nrisrom.</strong></span> 
     </span>
    </p>
   </div>
   <div class='ocr_carea' id='block_1_8' title="bbox 129 1895 2070 1964">
    <p class='ocr_par' dir='ltr' id='par_1_9' title="bbox 129 1895 2070 1964">
     <span class='ocr_line' id='line_1_21' title="bbox 129 1895 2070 1964; baseline -0.001 -25"><span class='ocrx_word' id='word_1_183' title='bbox 129 1954 141 1964; x_wconf 39' lang='lat'>⁸</span> <span class='ocrx_word' id='word_1_184' title='bbox 218 1897 424 1939; x_wconf 85' lang='lat' dir='ltr'><strong>IOHANNI</strong></span> <span class='ocrx_word' id='word_1_185' title='bbox 460 1895 655 1936; x_wconf 81' lang='lat' dir='ltr'><strong>SANCTO</strong></span> <span class='ocrx_word' id='word_1_186' title='bbox 688 1896 902 1946; x_wconf 78' lang='lat' dir='ltr'>SEN10R1‚</span> <span class='ocrx_word' id='word_1_187' title='bbox 940 1897 1187 1947; x_wconf 90' lang='lat' dir='ltr'><strong>lGNATIUS,</strong></span> <span class='ocrx_word' id='word_1_188' title='bbox 1219 1898 1283 1938; x_wconf 91' lang='lat' dir='ltr'><strong>ET</strong></span> <span class='ocrx_word' id='word_1_189' title='bbox 1320 1899 1403 1946; x_wconf 88' lang='lat' dir='ltr'><strong>QUI</strong></span> <span class='ocrx_word' id='word_1_190' title='bbox 1436 1898 1537 1939; x_wconf 87' lang='lat' dir='ltr'><strong>CUM</strong></span> <span class='ocrx_word' id='word_1_191' title='bbox 1569 1897 1635 1938; x_wconf 88' lang='lat' dir='ltr'><strong>EO</strong></span> <span class='ocrx_word' id='word_1_192' title='bbox 1669 1899 1799 1940; x_wconf 88' lang='lat' dir='ltr'>SUNT</span> <span class='ocrx_word' id='word_1_193' title='bbox 1831 1899 2070 1939; x_wconf 84' lang='lat' dir='ltr'><strong>FRATRES.</strong></span> 
     </span>
    </p>
   </div>
   <div class='ocr_carea' id='block_1_9' title="bbox 170 2004 2126 3022">
    <p class='ocr_par' dir='ltr' id='par_1_10' title="bbox 170 2004 2126 3022">
     <span class='ocr_line' id='line_1_22' title="bbox 309 2004 2121 2064; baseline 0.002 -15"><span class='ocrx_word' id='word_1_194' title='bbox 309 2005 370 2051; x_wconf 88' lang='lat' dir='ltr'><strong>De</strong></span> <span class='ocrx_word' id='word_1_195' title='bbox 406 2011 481 2050; x_wconf 89' lang='lat' dir='ltr'><strong>tua</strong></span> <span class='ocrx_word' id='word_1_196' title='bbox 517 2018 644 2050; x_wconf 87' lang='lat' dir='ltr'><strong>mora</strong></span> <span class='ocrx_word' id='word_1_197' title='bbox 681 2004 886 2050; x_wconf 90' lang='lat' dir='ltr'><strong>dolemus</strong></span> <span class='ocrx_word' id='word_1_198' title='bbox 914 2005 1120 2064; x_wconf 88' lang='lat' dir='ltr'><strong>graviter,</strong></span> <span class='ocrx_word' id='word_1_199' title='bbox 1155 2004 1501 2050; x_wconf 75' lang='lat' dir='ltr'><strong>allocutionibus</strong></span> <span class='ocrx_word' id='word_1_200' title='bbox 1539 2011 1583 2051; x_wconf 86' lang='lat' dir='ltr'><strong>et</strong></span> <span class='ocrx_word' id='word_1_201' title='bbox 1607 2006 1994 2053; x_wconf 84' lang='lat' dir='ltr'><strong>consolationibus</strong></span> <span class='ocrx_word' id='word_1_202' title='bbox 2032 2009 2121 2053; x_wconf 90' lang='lat' dir='ltr'><strong>tuis</strong></span> 
     </span>
     <span class='ocr_line' id='line_1_23' title="bbox 171 2072 2123 2134; baseline 0.001 -14"><span class='ocrx_word' id='word_1_203' title='bbox 171 2074 429 2120; x_wconf 88' lang='lat' dir='ltr'><strong>roborandi.</strong></span> <span class='ocrx_word' id='word_1_204' title='bbox 506 2072 552 2117; x_wconf 91' lang='lat' dir='ltr'><strong>Si</strong></span> <span class='ocrx_word' id='word_1_205' title='bbox 602 2080 676 2118; x_wconf 90' lang='lat' dir='ltr'><strong>tua</strong></span> <span class='ocrx_word' id='word_1_206' title='bbox 728 2073 931 2119; x_wconf 87' lang='lat' dir='ltr'><strong>absentia</strong></span> <span class='ocrx_word' id='word_1_207' title='bbox 978 2074 1300 2134; x_wconf 82' lang='lat' dir='ltr'><strong>protendatur,</strong></span> <span class='ocrx_word' id='word_1_208' title='bbox 1349 2073 1518 2119; x_wconf 91' lang='lat' dir='ltr'><strong>multos</strong></span> <span class='ocrx_word' id='word_1_209' title='bbox 1570 2074 1624 2119; x_wconf 93' lang='lat' dir='ltr'><strong>de</strong></span> <span class='ocrx_word' id='word_1_210' title='bbox 1676 2075 1846 2121; x_wconf 80' lang='lat' dir='ltr'><strong>nostris</strong></span> <span class='ocrx_word' id='word_1_211' title='bbox 1897 2076 2123 2122; x_wconf 84' lang='lat' dir='ltr'><strong>destituet.</strong></span> 
     </span>
     <span class='ocr_line' id='line_1_24' title="bbox 170 2142 2123 2204; baseline 0.001 -15"><span class='ocrx_word' id='word_1_212' title='bbox 170 2144 396 2204; x_wconf 88' lang='lat' dir='ltr'><strong>Properes</strong></span> <span class='ocrx_word' id='word_1_213' title='bbox 433 2143 570 2202; x_wconf 86' lang='lat' dir='ltr'><strong>igitur</strong></span> <span class='ocrx_word' id='word_1_214' title='bbox 607 2142 782 2188; x_wconf 88' lang='lat' dir='ltr'><strong>venire:</strong></span> <span class='ocrx_word' id='word_1_215' title='bbox 822 2143 925 2201; x_wconf 88' lang='lat' dir='ltr'><strong>quia</strong></span> <span class='ocrx_word' id='word_1_216' title='bbox 962 2143 1188 2188; x_wconf 90' lang='lat' dir='ltr'><strong>credimus</strong></span> <span class='ocrx_word' id='word_1_217' title='bbox 1226 2142 1453 2202; x_wconf 88' lang='lat' dir='ltr'><strong>expedire.</strong></span> <span class='ocrx_word' id='word_1_218' title='bbox 1526 2142 1640 2188; x_wconf 90' lang='lat' dir='ltr'><strong>Sunt</strong></span> <span class='ocrx_word' id='word_1_219' title='bbox 1677 2149 1723 2188; x_wconf 90' lang='lat' dir='ltr'><strong>et</strong></span> <span class='ocrx_word' id='word_1_220' title='bbox 1757 2143 1830 2188; x_wconf 88' lang='lat' dir='ltr'><strong>hic</strong></span> <span class='ocrx_word' id='word_1_221' title='bbox 1863 2143 2028 2191; x_wconf 89' lang='lat' dir='ltr'><strong>multae</strong></span> <span class='ocrx_word' id='word_1_222' title='bbox 2067 2146 2123 2190; x_wconf 89' lang='lat' dir='ltr'><strong>de</strong></span> 
     </span>
     <span class='ocr_line' id='line_1_25' title="bbox 170 2209 2126 2271; baseline 0.001 -14"><span class='ocrx_word' id='word_1_223' title='bbox 170 2211 340 2257; x_wconf 90' lang='lat' dir='ltr'><strong>nostris</strong></span> <span class='ocrx_word' id='word_1_224' title='bbox 376 2210 656 2266; x_wconf 76' lang='lat' dir='ltr'><strong>mulierihUS,</strong></span> <span class='ocrx_word' id='word_1_225' title='bbox 696 2209 875 2256; x_wconf 89' lang='lat' dir='ltr'><strong>Mariam</strong></span> <span class='ocrx_word' id='word_1_226' title='bbox 914 2210 1016 2257; x_wconf 92' lang='lat' dir='ltr'><strong>lesu</strong></span> <span class='ocrx_word' id='word_1_227' title='bbox 1049 2211 1203 2257; x_wconf 90' lang='lat' dir='ltr'><strong>videre</strong></span> <span class='ocrx_word' id='word_1_228' title='bbox 1242 2212 1491 2271; x_wconf 84' lang='lat' dir='ltr'><strong>cupienteS,</strong></span> <span class='ocrx_word' id='word_1_229' title='bbox 1529 2218 1574 2257; x_wconf 89' lang='lat' dir='ltr'><strong>et</strong></span> <span class='ocrx_word' id='word_1_230' title='bbox 1609 2211 1810 2270; x_wconf 88' lang='lat' dir='ltr'><strong>quotidie</strong></span> <span class='ocrx_word' id='word_1_231' title='bbox 1847 2225 1871 2257; x_wconf 88' lang='lat' dir='ltr'><strong>a</strong></span> <span class='ocrx_word' id='word_1_232' title='bbox 1902 2212 2034 2258; x_wconf 90' lang='lat' dir='ltr'><strong>nobis</strong></span> <span class='ocrx_word' id='word_1_233' title='bbox 2070 2214 2126 2259; x_wconf 90' lang='lat' dir='ltr'><strong>ad</strong></span> 
     </span>
     <span class='ocr_line' id='line_1_26' title="bbox 171 2279 2122 2341; baseline 0.002 -17"><span class='ocrx_word' id='word_1_234' title='bbox 171 2293 251 2326; x_wconf 92' lang='lat' dir='ltr'><strong>vos</strong></span> <span class='ocrx_word' id='word_1_235' title='bbox 291 2279 552 2326; x_wconf 88' lang='lat' dir='ltr'><strong>discurrere</strong></span> <span class='ocrx_word' id='word_1_236' title='bbox 587 2279 814 2335; x_wconf 84' lang='lat' dir='ltr'><strong>volentes3</strong></span> <span class='ocrx_word' id='word_1_237' title='bbox 854 2286 904 2324; x_wconf 90' lang='lat' dir='ltr'><strong>ut</strong></span> <span class='ocrx_word' id='word_1_238' title='bbox 941 2294 1038 2325; x_wconf 88' lang='lat' dir='ltr'><strong>eam</strong></span> <span class='ocrx_word' id='word_1_239' title='bbox 1077 2280 1355 2338; x_wconf 88' lang='lat' dir='ltr'><strong>contingant,</strong></span> <span class='ocrx_word' id='word_1_240' title='bbox 1394 2287 1438 2325; x_wconf 90' lang='lat' dir='ltr'><strong>et</strong></span> <span class='ocrx_word' id='word_1_241' title='bbox 1459 2279 1599 2325; x_wconf 87' lang='lat' dir='ltr'><strong>ubera</strong></span> <span class='ocrx_word' id='word_1_242' title='bbox 1638 2280 1735 2325; x_wconf 91' lang='lat' dir='ltr'><strong>eius</strong></span> <span class='ocrx_word' id='word_1_243' title='bbox 1758 2286 1968 2337; x_wconf 84' lang='lat' dir='ltr'><strong>tractent,</strong></span> <span class='ocrx_word' id='word_1_244' title='bbox 2007 2295 2122 2341; x_wconf 88' lang='lat' dir='ltr'><strong>quae</strong></span> 
     </span>
     <span class='ocr_line' id='line_1_27' title="bbox 173 2347 2125 2410; baseline 0.001 -18"><span class='ocrx_word' id='word_1_245' title='bbox 173 2349 407 2392; x_wconf 90' lang='lat' dir='ltr'><strong>Dominum</strong></span> <span class='ocrx_word' id='word_1_246' title='bbox 429 2347 573 2393; x_wconf 88' lang='lat' dir='ltr'><strong>Iesum</strong></span> <span class='ocrx_word' id='word_1_247' title='bbox 599 2347 820 2403; x_wconf 85' lang='lat' dir='ltr'><strong>aluerunt,</strong></span> <span class='ocrx_word' id='word_1_248' title='bbox 863 2355 908 2393; x_wconf 87' lang='lat' dir='ltr'><strong>et</strong></span> <span class='ocrx_word' id='word_1_249' title='bbox 933 2348 1152 2407; x_wconf 85' lang='lat' dir='ltr'><strong>quaedam</strong></span> <span class='ocrx_word' id='word_1_250' title='bbox 1179 2348 1428 2393; x_wconf 88' lang='lat' dir='ltr'><strong>secretiora</strong></span> <span class='ocrx_word' id='word_1_251' title='bbox 1456 2349 1552 2393; x_wconf 91' lang='lat' dir='ltr'><strong>eius</strong></span> <span class='ocrx_word' id='word_1_252' title='bbox 1591 2355 1946 2408; x_wconf 75' lang='lat' dir='ltr'><strong>percunctentur</strong></span> <span class='ocrx_word' id='word_1_253' title='bbox 1968 2350 2125 2410; x_wconf 88' lang='lat' dir='ltr'><strong>ipsam.</strong></span> 
     </span>
     <span class='ocr_line' id='line_1_28' title="bbox 174 2415 2124 2476; baseline 0.001 -15"><span class='ocrx_word' id='word_1_254' title='bbox 174 2416 261 2461; x_wconf 90' lang='lat' dir='ltr'><strong>Sed</strong></span> <span class='ocrx_word' id='word_1_255' title='bbox 300 2422 345 2460; x_wconf 90' lang='lat' dir='ltr'><strong>et</strong></span> <span class='ocrx_word' id='word_1_256' title='bbox 382 2415 558 2460; x_wconf 89' lang='lat' dir='ltr'><strong>Salome</strong></span> <span class='ocrx_word' id='word_1_257' title='bbox 596 2430 726 2474; x_wconf 88' lang='lat' dir='ltr'><strong>quam</strong></span> <span class='ocrx_word' id='word_1_258' title='bbox 767 2416 929 2475; x_wconf 80' lang='lat' dir='ltr'><strong>diligis,</strong></span> <span class='ocrx_word' id='word_1_259' title='bbox 969 2415 1058 2461; x_wconf 85' lang='lat' dir='ltr'><strong>filia</strong></span> <span class='ocrx_word' id='word_1_260' title='bbox 1095 2418 1260 2471; x_wconf 87' lang='lat' dir='ltr'><strong>Annae,</strong></span> <span class='ocrx_word' id='word_1_261' title='bbox 1297 2416 1625 2476; x_wconf 83' lang='lat' dir='ltr'><strong>Hierosolymis</strong></span> <span class='ocrx_word' id='word_1_262' title='bbox 1657 2417 1854 2476; x_wconf 88' lang='lat' dir='ltr'><strong>quinque</strong></span> <span class='ocrx_word' id='word_1_263' title='bbox 1891 2418 2124 2464; x_wconf 89' lang='lat' dir='ltr'><strong>mensibus</strong></span> 
     </span>
     <span class='ocr_line' id='line_1_29' title="bbox 174 2484 2124 2546; baseline 0.001 -18"><span class='ocrx_word' id='word_1_264' title='bbox 174 2484 289 2544; x_wconf 84' lang='lat' dir='ltr'><strong>apud</strong></span> <span class='ocrx_word' id='word_1_265' title='bbox 329 2497 425 2528; x_wconf 87' lang='lat' dir='ltr'><strong>eam</strong></span> <span class='ocrx_word' id='word_1_266' title='bbox 465 2497 772 2539; x_wconf 81' lang='lat' dir='ltr'><strong>commoranS,</strong></span> <span class='ocrx_word' id='word_1_267' title='bbox 822 2491 866 2528; x_wconf 87' lang='lat' dir='ltr'><strong>ct</strong></span> <span class='ocrx_word' id='word_1_268' title='bbox 915 2484 1091 2543; x_wconf 88' lang='lat' dir='ltr'><strong>quidam</strong></span> <span class='ocrx_word' id='word_1_269' title='bbox 1131 2484 1204 2529; x_wconf 91' lang='lat' dir='ltr'><strong>alii</strong></span> <span class='ocrx_word' id='word_1_270' title='bbox 1241 2484 1335 2529; x_wconf 86' lang='lat' dir='ltr'><strong>noti</strong></span> <span class='ocrx_word' id='word_1_271' title='bbox 1375 2484 1580 2529; x_wconf 86' lang='lat' dir='ltr'><strong>referunt</strong></span> <span class='ocrx_word' id='word_1_272' title='bbox 1615 2498 1712 2530; x_wconf 87' lang='lat' dir='ltr'><strong>eam</strong></span> <span class='ocrx_word' id='word_1_273' title='bbox 1751 2485 1950 2530; x_wconf 88' lang='lat' dir='ltr'><strong>omnium</strong></span> <span class='ocrx_word' id='word_1_274' title='bbox 1988 2486 2124 2546; x_wconf 90' lang='lat' dir='ltr'><strong>grati-</strong></span> 
     </span>
     <span class='ocr_line' id='line_1_30' title="bbox 174 2551 2124 2614; baseline 0.002 -17"><span class='ocrx_word' id='word_1_275' title='bbox 174 2566 298 2597; x_wconf 90' lang='lat' dir='ltr'><strong>arum</strong></span> <span class='ocrx_word' id='word_1_276' title='bbox 332 2551 578 2606; x_wconf 87' lang='lat' dir='ltr'><strong>abundam‚</strong></span> <span class='ocrx_word' id='word_1_277' title='bbox 629 2558 674 2596; x_wconf 91' lang='lat' dir='ltr'><strong>et</strong></span> <span class='ocrx_word' id='word_1_278' title='bbox 710 2553 907 2596; x_wconf 90' lang='lat' dir='ltr'><strong>omnium</strong></span> <span class='ocrx_word' id='word_1_279' title='bbox 947 2552 1173 2607; x_wconf 89' lang='lat' dir='ltr'><strong>virtutum,</strong></span> <span class='ocrx_word' id='word_1_280' title='bbox 1212 2565 1339 2597; x_wconf 87' lang='lat' dir='ltr'><strong>more</strong></span> <span class='ocrx_word' id='word_1_281' title='bbox 1375 2552 1587 2611; x_wconf 88' lang='lat' dir='ltr'><strong>virginis,</strong></span> <span class='ocrx_word' id='word_1_282' title='bbox 1638 2553 1812 2598; x_wconf 87' lang='lat' dir='ltr'><strong>virtutis</strong></span> <span class='ocrx_word' id='word_1_283' title='bbox 1862 2560 1908 2598; x_wconf 91' lang='lat' dir='ltr'><strong>et</strong></span> <span class='ocrx_word' id='word_1_284' title='bbox 1955 2555 2124 2614; x_wconf 86' lang='lat' dir='ltr'><strong>gratiae</strong></span> 
     </span>
     <span class='ocr_line' id='line_1_31' title="bbox 173 2619 2123 2679; baseline 0.001 -13"><span class='ocrx_word' id='word_1_285' title='bbox 173 2619 456 2666; x_wconf 86' lang='lat' dir='ltr'><strong>foecundam.</strong></span> <span class='ocrx_word' id='word_1_286' title='bbox 527 2620 593 2675; x_wconf 90' lang='lat' dir='ltr'><strong>Et,</strong></span> <span class='ocrx_word' id='word_1_287' title='bbox 630 2626 680 2664; x_wconf 89' lang='lat' dir='ltr'><strong>ut</strong></span> <span class='ocrx_word' id='word_1_288' title='bbox 707 2619 873 2675; x_wconf 88' lang='lat' dir='ltr'><strong>dicunt,</strong></span> <span class='ocrx_word' id='word_1_289' title='bbox 911 2620 955 2664; x_wconf 93' lang='lat' dir='ltr'><strong>in</strong></span> <span class='ocrx_word' id='word_1_290' title='bbox 992 2619 1387 2679; x_wconf 87' lang='lat' dir='ltr'><strong>persecutionibus</strong></span> <span class='ocrx_word' id='word_1_291' title='bbox 1413 2627 1456 2665; x_wconf 92' lang='lat' dir='ltr'><strong>et</strong></span> <span class='ocrx_word' id='word_1_292' title='bbox 1483 2619 1806 2666; x_wconf 79' lang='lat' dir='ltr'><strong>afflictionibus</strong></span> <span class='ocrx_word' id='word_1_293' title='bbox 1847 2627 1917 2667; x_wconf 89' lang='lat' dir='ltr'><strong>est</strong></span> <span class='ocrx_word' id='word_1_294' title='bbox 1941 2622 2123 2679; x_wconf 89' lang='lat' dir='ltr'><strong>hilaris;</strong></span> 
     </span>
     <span class='ocr_line' id='line_1_32' title="bbox 172 2687 2124 2749; baseline 0.001 -15"><span class='ocrx_word' id='word_1_295' title='bbox 172 2689 217 2734; x_wconf 89' lang='lat' dir='ltr'><strong>in</strong></span> <span class='ocrx_word' id='word_1_296' title='bbox 254 2688 456 2748; x_wconf 89' lang='lat' dir='ltr'><strong>penuriis</strong></span> <span class='ocrx_word' id='word_1_297' title='bbox 494 2694 539 2733; x_wconf 89' lang='lat' dir='ltr'><strong>et</strong></span> <span class='ocrx_word' id='word_1_298' title='bbox 573 2687 830 2747; x_wconf 83' lang='lat' dir='ltr'><strong>indigentiis</strong></span> <span class='ocrx_word' id='word_1_299' title='bbox 876 2701 965 2732; x_wconf 92' lang='lat' dir='ltr'><strong>non</strong></span> <span class='ocrx_word' id='word_1_300' title='bbox 1013 2687 1226 2747; x_wconf 86' lang='lat' dir='ltr'><strong>querula:</strong></span> <span class='ocrx_word' id='word_1_301' title='bbox 1278 2687 1592 2734; x_wconf 89' lang='lat' dir='ltr'><strong>iniuriantibus</strong></span> <span class='ocrx_word' id='word_1_302' title='bbox 1631 2695 1778 2749; x_wconf 87' lang='lat' dir='ltr'><strong>grata,</strong></span> <span class='ocrx_word' id='word_1_303' title='bbox 1825 2690 1880 2735; x_wconf 88' lang='lat' dir='ltr'><strong>ad</strong></span> <span class='ocrx_word' id='word_1_304' title='bbox 1933 2690 2124 2737; x_wconf 89' lang='lat' dir='ltr'><strong>molesta</strong></span> 
     </span>
     <span class='ocr_line' id='line_1_33' title="bbox 171 2755 2123 2819; baseline 0.002 -17"><span class='ocrx_word' id='word_1_305' title='bbox 171 2757 387 2802; x_wconf 88' lang='lat' dir='ltr'><strong>laetatur:</strong></span> <span class='ocrx_word' id='word_1_306' title='bbox 425 2756 600 2801; x_wconf 92' lang='lat' dir='ltr'><strong>miseris</strong></span> <span class='ocrx_word' id='word_1_307' title='bbox 637 2762 681 2800; x_wconf 89' lang='lat' dir='ltr'><strong>et</strong></span> <span class='ocrx_word' id='word_1_308' title='bbox 716 2755 896 2801; x_wconf 82' lang='lat' dir='ltr'><strong>afflictis</strong></span> <span class='ocrx_word' id='word_1_309' title='bbox 935 2756 1162 2802; x_wconf 80' lang='lat' dir='ltr'><strong>coafflicta</strong></span> <span class='ocrx_word' id='word_1_310' title='bbox 1196 2756 1420 2812; x_wconf 90' lang='lat' dir='ltr'><strong>condolet,</strong></span> <span class='ocrx_word' id='word_1_311' title='bbox 1458 2763 1503 2801; x_wconf 91' lang='lat' dir='ltr'><strong>et</strong></span> <span class='ocrx_word' id='word_1_312' title='bbox 1520 2757 1759 2802; x_wconf 87' lang='lat' dir='ltr'><strong>subvenire</strong></span> <span class='ocrx_word' id='word_1_313' title='bbox 1785 2771 1874 2802; x_wconf 92' lang='lat' dir='ltr'><strong>non</strong></span> <span class='ocrx_word' id='word_1_314' title='bbox 1893 2759 2123 2819; x_wconf 84' lang='lat' dir='ltr'><strong>pigrescit.</strong></span> 
     </span>
     <span class='ocr_line' id='line_1_34' title="bbox 175 2823 2122 2886; baseline 0.002 -17"><span class='ocrx_word' id='word_1_315' title='bbox 175 2824 338 2870; x_wconf 86' lang='lat' dir='ltr'><strong>Contra</strong></span> <span class='ocrx_word' id='word_1_316' title='bbox 374 2824 582 2869; x_wconf 89' lang='lat' dir='ltr'><strong>vitiorum</strong></span> <span class='ocrx_word' id='word_1_317' title='bbox 620 2829 767 2869; x_wconf 87' lang='lat' dir='ltr'><strong>autem</strong></span> <span class='ocrx_word' id='word_1_318' title='bbox 804 2823 1044 2884; x_wconf 80' lang='lat' dir='ltr'><strong>pestiferos</strong></span> <span class='ocrx_word' id='word_1_319' title='bbox 1084 2824 1324 2870; x_wconf 83' lang='lat' dir='ltr'><strong>conflictus</strong></span> <span class='ocrx_word' id='word_1_320' title='bbox 1355 2825 1398 2869; x_wconf 91' lang='lat' dir='ltr'><strong>in</strong></span> <span class='ocrx_word' id='word_1_321' title='bbox 1424 2838 1574 2885; x_wconf 87' lang='lat' dir='ltr'><strong>pugna</strong></span> <span class='ocrx_word' id='word_1_322' title='bbox 1611 2825 1714 2871; x_wconf 90' lang='lat' dir='ltr'><strong>fidei</strong></span> <span class='ocrx_word' id='word_1_323' title='bbox 1736 2826 1994 2886; x_wconf 88' lang='lat' dir='ltr'><strong>disceptans</strong></span> <span class='ocrx_word' id='word_1_324' title='bbox 2031 2828 2122 2873; x_wconf 90' lang='lat' dir='ltr'><strong>eni-</strong></span> 
     </span>
     <span class='ocr_line' id='line_1_35' title="bbox 174 2891 2124 2956; baseline 0.002 -18"><span class='ocrx_word' id='word_1_325' title='bbox 174 2894 317 2939; x_wconf 85' lang='lat' dir='ltr'><strong>tescit.</strong></span> <span class='ocrx_word' id='word_1_326' title='bbox 391 2892 583 2938; x_wconf 86' lang='lat' dir='ltr'><strong>Nostrae</strong></span> <span class='ocrx_word' id='word_1_327' title='bbox 620 2906 760 2938; x_wconf 89' lang='lat' dir='ltr'><strong>novae</strong></span> <span class='ocrx_word' id='word_1_328' title='bbox 795 2891 1026 2951; x_wconf 84' lang='lat' dir='ltr'><strong>religionis</strong></span> <span class='ocrx_word' id='word_1_329' title='bbox 1089 2899 1134 2938; x_wconf 88' lang='lat' dir='ltr'><strong>et</strong></span> <span class='ocrx_word' id='word_1_330' title='bbox 1183 2891 1481 2953; x_wconf 87' lang='lat' dir='ltr'><strong>poenitentiae</strong></span> <span class='ocrx_word' id='word_1_331' title='bbox 1521 2900 1590 2939; x_wconf 88' lang='lat' dir='ltr'><strong>est</strong></span> <span class='ocrx_word' id='word_1_332' title='bbox 1634 2894 1872 2954; x_wconf 89' lang='lat' dir='ltr'><strong>magistra,</strong></span> <span class='ocrx_word' id='word_1_333' title='bbox 1923 2902 1968 2941; x_wconf 92' lang='lat' dir='ltr'><strong>et</strong></span> <span class='ocrx_word' id='word_1_334' title='bbox 2003 2896 2124 2956; x_wconf 90' lang='lat' dir='ltr'><strong>apud</strong></span> 
     </span>
     <span class='ocr_line' id='line_1_36' title="bbox 175 2960 2122 3022; baseline 0.002 -16"><span class='ocrx_word' id='word_1_335' title='bbox 175 2961 332 3008; x_wconf 89' lang='lat' dir='ltr'><strong>fideles</strong></span> <span class='ocrx_word' id='word_1_336' title='bbox 371 2961 567 3007; x_wconf 90' lang='lat' dir='ltr'><strong>omnium</strong></span> <span class='ocrx_word' id='word_1_337' title='bbox 603 2974 793 3021; x_wconf 89' lang='lat' dir='ltr'><strong>operum</strong></span> <span class='ocrx_word' id='word_1_338' title='bbox 830 2960 1004 3020; x_wconf 78' lang='lat' dir='ltr'><strong>pietatis</strong></span> <span class='ocrx_word' id='word_1_339' title='bbox 1037 2961 1253 3007; x_wconf 89' lang='lat' dir='ltr'><strong>ministra.</strong></span> <span class='ocrx_word' id='word_1_340' title='bbox 1323 2961 1575 3007; x_wconf 89' lang='lat' dir='ltr'><strong>Humilibus</strong></span> <span class='ocrx_word' id='word_1_341' title='bbox 1613 2962 1797 3022; x_wconf 88' lang='lat' dir='ltr'><strong>quidem</strong></span> <span class='ocrx_word' id='word_1_342' title='bbox 1844 2969 1914 3008; x_wconf 90' lang='lat' dir='ltr'><strong>est</strong></span> <span class='ocrx_word' id='word_1_343' title='bbox 1949 2964 2122 3021; x_wconf 89' lang='lat' dir='ltr'><strong>devota,</strong></span> 
     </span>
    </p>
   </div>
   <div class='ocr_carea' id='block_1_10' title="bbox 173 3028 2193 3090">
    <p class='ocr_par' dir='ltr' id='par_1_11' title="bbox 173 3028 2193 3090">
     <span class='ocr_line' id='line_1_37' title="bbox 173 3028 2193 3090; baseline 0.001 -14"><span class='ocrx_word' id='word_1_344' title='bbox 173 3036 219 3076; x_wconf 90' lang='lat' dir='ltr'><strong>et</strong></span> <span class='ocrx_word' id='word_1_345' title='bbox 256 3029 427 3076; x_wconf 91' lang='lat' dir='ltr'><strong>devotis</strong></span> <span class='ocrx_word' id='word_1_346' title='bbox 465 3029 670 3075; x_wconf 88' lang='lat' dir='ltr'><strong>devotius</strong></span> <span class='ocrx_word' id='word_1_347' title='bbox 706 3029 988 3074; x_wconf 85' lang='lat' dir='ltr'><strong>humiliatur:</strong></span> <span class='ocrx_word' id='word_1_348' title='bbox 1026 3036 1070 3075; x_wconf 90' lang='lat' dir='ltr'><strong>et</strong></span> <span class='ocrx_word' id='word_1_349' title='bbox 1105 3030 1269 3074; x_wconf 88' lang='lat' dir='ltr'><strong>mirum</strong></span> <span class='ocrx_word' id='word_1_350' title='bbox 1307 3028 1361 3074; x_wconf 90' lang='lat' dir='ltr'><strong>ab</strong></span> <span class='ocrx_word' id='word_1_351' title='bbox 1399 3029 1608 3076; x_wconf 90' lang='lat' dir='ltr'><strong>omnibus</strong></span> <span class='ocrx_word' id='word_1_352' title='bbox 1643 3029 1983 3090; x_wconf 87' lang='lat' dir='ltr'><strong>magnificatur,</strong></span> <span class='ocrx_word' id='word_1_353' title='bbox 2022 3046 2122 3078; x_wconf 89' lang='lat' dir='ltr'><strong>cnm</strong></span> <span class='ocrx_word' id='word_1_354' title='bbox 2189 3055 2193 3058; x_wconf 92' lang='lat'>·</span> 
     </span>
    </p>
   </div>
   <div class='ocr_carea' id='block_1_11' title="bbox 172 3097 2124 3571">
    <p class='ocr_par' dir='ltr' id='par_1_12' title="bbox 172 3097 2124 3571">
     <span class='ocr_line' id='line_1_38' title="bbox 173 3097 2124 3146; baseline 0.002 -3"><span class='ocrx_word' id='word_1_355' title='bbox 173 3113 198 3143; x_wconf 91' lang='lat' dir='ltr'><strong>a</strong></span> <span class='ocrx_word' id='word_1_356' title='bbox 235 3098 403 3144; x_wconf 88' lang='lat' dir='ltr'><strong>Scribis</strong></span> <span class='ocrx_word' id='word_1_357' title='bbox 441 3104 486 3143; x_wconf 90' lang='lat' dir='ltr'><strong>et</strong></span> <span class='ocrx_word' id='word_1_358' title='bbox 520 3097 775 3143; x_wconf 88' lang='lat' dir='ltr'><strong>Pharisaeis</strong></span> <span class='ocrx_word' id='word_1_359' title='bbox 813 3098 1163 3143; x_wconf 87' lang='lat' dir='ltr'><strong>eidetrahatur.</strong></span> <span class='ocrx_word' id='word_1_360' title='bbox 1234 3097 1473 3144; x_wconf 90' lang='lat' dir='ltr'><strong>Praeterea</strong></span> <span class='ocrx_word' id='word_1_361' title='bbox 1520 3099 1647 3144; x_wconf 91' lang='lat' dir='ltr'><strong>multi</strong></span> <span class='ocrx_word' id='word_1_362' title='bbox 1697 3099 1836 3145; x_wconf 89' lang='lat' dir='ltr'><strong>multa</strong></span> <span class='ocrx_word' id='word_1_363' title='bbox 1885 3100 1969 3146; x_wconf 88' lang='lat' dir='ltr'><strong>alia</strong></span> <span class='ocrx_word' id='word_1_364' title='bbox 2007 3100 2124 3146; x_wconf 75' lang='lat' dir='ltr'><strong>refe-</strong></span> 
     </span>
     <span class='ocr_line' id='line_1_39' title="bbox 174 3165 2120 3226; baseline 0.002 -14"><span class='ocrx_word' id='word_1_365' title='bbox 174 3167 371 3213; x_wconf 69' lang='lat' dir='ltr'><strong>runt.de</strong></span> <span class='ocrx_word' id='word_1_366' title='bbox 410 3166 592 3212; x_wconf 87' lang='lat' dir='ltr'><strong>eadem:</strong></span> <span class='ocrx_word' id='word_1_367' title='bbox 641 3172 790 3212; x_wconf 90' lang='lat' dir='ltr'><strong>tamen</strong></span> <span class='ocrx_word' id='word_1_368' title='bbox 828 3165 1035 3211; x_wconf 89' lang='lat' dir='ltr'><strong>omnibus</strong></span> <span class='ocrx_word' id='word_1_369' title='bbox 1087 3180 1171 3226; x_wconf 89' lang='lat' dir='ltr'><strong>per</strong></span> <span class='ocrx_word' id='word_1_370' title='bbox 1218 3166 1368 3212; x_wconf 90' lang='lat' dir='ltr'><strong>omnia</strong></span> <span class='ocrx_word' id='word_1_371' title='bbox 1404 3180 1497 3211; x_wconf 91' lang='lat' dir='ltr'><strong>non</strong></span> <span class='ocrx_word' id='word_1_372' title='bbox 1532 3168 1750 3213; x_wconf 89' lang='lat' dir='ltr'><strong>audemus</strong></span> <span class='ocrx_word' id='word_1_373' title='bbox 1787 3167 1923 3213; x_wconf 88' lang='lat' dir='ltr'><strong>fidem</strong></span> <span class='ocrx_word' id='word_1_374' title='bbox 1961 3182 2120 3215; x_wconf 89' lang='lat' dir='ltr'><strong>conce-</strong></span> 
     </span>
     <span class='ocr_line' id='line_1_40' title="bbox 175 3233 2123 3295; baseline 0.001 -15"><span class='ocrx_word' id='word_1_375' title='bbox 175 3235 296 3291; x_wconf 88' lang='lat' dir='ltr'><strong>dere,</strong></span> <span class='ocrx_word' id='word_1_376' title='bbox 334 3248 419 3281; x_wconf 91' lang='lat' dir='ltr'><strong>nec</strong></span> <span class='ocrx_word' id='word_1_377' title='bbox 455 3234 533 3281; x_wconf 88' lang='lat' dir='ltr'><strong>tibi</strong></span> <span class='ocrx_word' id='word_1_378' title='bbox 571 3233 761 3280; x_wconf 85' lang='lat' dir='ltr'><strong>referre.</strong></span> <span class='ocrx_word' id='word_1_379' title='bbox 833 3233 938 3286; x_wconf 89' lang='lat' dir='ltr'><strong>Sed,</strong></span> <span class='ocrx_word' id='word_1_380' title='bbox 977 3234 1098 3280; x_wconf 90' lang='lat' dir='ltr'><strong>sicut</strong></span> <span class='ocrx_word' id='word_1_381' title='bbox 1132 3233 1266 3279; x_wconf 90' lang='lat' dir='ltr'><strong>nobis</strong></span> <span class='ocrx_word' id='word_1_382' title='bbox 1303 3249 1328 3279; x_wconf 92' lang='lat' dir='ltr'><strong>a</strong></span> <span class='ocrx_word' id='word_1_383' title='bbox 1364 3234 1453 3280; x_wconf 89' lang='lat' dir='ltr'><strong>fide</strong></span> <span class='ocrx_word' id='word_1_384' title='bbox 1474 3235 1619 3295; x_wconf 85' lang='lat' dir='ltr'><strong>dignis</strong></span> <span class='ocrx_word' id='word_1_385' title='bbox 1656 3236 1962 3290; x_wconf 87' lang='lat' dir='ltr'><strong>narratur,·in</strong></span> <span class='ocrx_word' id='word_1_386' title='bbox 1985 3236 2123 3283; x_wconf 88' lang='lat' dir='ltr'><strong>Maria</strong></span> 
     </span>
     <span class='ocr_line' id='line_1_41' title="bbox 172 3302 2123 3363; baseline 0.002 -15"><span class='ocrx_word' id='word_1_387' title='bbox 172 3308 312 3348; x_wconf 85' lang='lat' dir='ltr'><strong>matre</strong></span> <span class='ocrx_word' id='word_1_388' title='bbox 350 3303 476 3359; x_wconf 89' lang='lat' dir='ltr'><strong>Iesu,</strong></span> <span class='ocrx_word' id='word_1_389' title='bbox 527 3304 748 3349; x_wconf 89' lang='lat' dir='ltr'><strong>humanae</strong></span> <span class='ocrx_word' id='word_1_390' title='bbox 792 3309 981 3349; x_wconf 87' lang='lat' dir='ltr'><strong>naturae</strong></span> <span class='ocrx_word' id='word_1_391' title='bbox 1030 3309 1188 3348; x_wconf 88' lang='lat' dir='ltr'><strong>natura</strong></span> <span class='ocrx_word' id='word_1_392' title='bbox 1237 3303 1482 3349; x_wconf 86' lang='lat' dir='ltr'><strong>sanctitatis</strong></span> <span class='ocrx_word' id='word_1_393' title='bbox 1520 3302 1748 3363; x_wconf 87' lang='lat' dir='ltr'><strong>angelicae</strong></span> <span class='ocrx_word' id='word_1_394' title='bbox 1785 3303 1998 3349; x_wconf 89' lang='lat' dir='ltr'><strong>sociatur.</strong></span> <span class='ocrx_word' id='word_1_395' title='bbox 2070 3306 2123 3351; x_wconf 87' lang='lat' dir='ltr'><strong>Et</strong></span> 
     </span>
     <span class='ocr_line' id='line_1_42' title="bbox 172 3370 2119 3433; baseline 0.002 -18"><span class='ocrx_word' id='word_1_396' title='bbox 172 3371 285 3415; x_wconf 87' lang='lat' dir='ltr'><strong>haec</strong></span> <span class='ocrx_word' id='word_1_397' title='bbox 322 3371 424 3416; x_wconf 88' lang='lat' dir='ltr'><strong>talia</strong></span> <span class='ocrx_word' id='word_1_398' title='bbox 460 3371 763 3418; x_wconf 83' lang='lat' dir='ltr'><strong>excitaverunt</strong></span> <span class='ocrx_word' id='word_1_399' title='bbox 798 3372 972 3417; x_wconf 88' lang='lat' dir='ltr'><strong>viscera</strong></span> <span class='ocrx_word' id='word_1_400' title='bbox 1007 3376 1185 3416; x_wconf 89' lang='lat' dir='ltr'><strong>nostra:</strong></span> <span class='ocrx_word' id='word_1_401' title='bbox 1223 3376 1269 3414; x_wconf 89' lang='lat' dir='ltr'><strong>et</strong></span> <span class='ocrx_word' id='word_1_402' title='bbox 1306 3377 1474 3430; x_wconf 89' lang='lat' dir='ltr'><strong>cogunt</strong></span> <span class='ocrx_word' id='word_1_403' title='bbox 1507 3370 1632 3416; x_wconf 89' lang='lat' dir='ltr'><strong>valde</strong></span> <span class='ocrx_word' id='word_1_404' title='bbox 1664 3371 1924 3416; x_wconf 89' lang='lat' dir='ltr'><strong>desiderare</strong></span> <span class='ocrx_word' id='word_1_405' title='bbox 1961 3372 2119 3433; x_wconf 87' lang='lat' dir='ltr'><strong>adspe-</strong></span> 
     </span>
     <span class='ocr_line' id='line_1_43' title="bbox 174 3437 2120 3498; baseline 0.002 -15"><span class='ocrx_word' id='word_1_406' title='bbox 174 3444 295 3484; x_wconf 90' lang='lat' dir='ltr'><strong>ctum</strong></span> <span class='ocrx_word' id='word_1_407' title='bbox 330 3439 465 3485; x_wconf 90' lang='lat' dir='ltr'><strong>huius</strong></span> <span class='ocrx_word' id='word_1_408' title='bbox 503 3437 565 3496; x_wconf 88' lang='lat' dir='ltr'><strong>(si</strong></span> <span class='ocrx_word' id='word_1_409' title='bbox 599 3440 666 3486; x_wconf 89' lang='lat' dir='ltr'><strong>fas</strong></span> <span class='ocrx_word' id='word_1_410' title='bbox 706 3440 764 3486; x_wconf 89' lang='lat' dir='ltr'><strong>sit</strong></span> <span class='ocrx_word' id='word_1_411' title='bbox 799 3437 908 3496; x_wconf 79' lang='lat' dir='ltr'><strong>fari)</strong></span> <span class='ocrx_word' id='word_1_412' title='bbox 949 3437 1160 3485; x_wconf 88' lang='lat' dir='ltr'><strong>coelestis</strong></span> <span class='ocrx_word' id='word_1_413' title='bbox 1209 3438 1430 3498; x_wconf 90' lang='lat' dir='ltr'><strong>prodigii,</strong></span> <span class='ocrx_word' id='word_1_414' title='bbox 1478 3445 1523 3484; x_wconf 89' lang='lat' dir='ltr'><strong>et</strong></span> <span class='ocrx_word' id='word_1_415' title='bbox 1576 3438 1867 3484; x_wconf 87' lang='lat' dir='ltr'><strong>sacratissimi</strong></span> <span class='ocrx_word' id='word_1_416' title='bbox 1914 3442 2120 3487; x_wconf 89' lang='lat' dir='ltr'><strong>monstri.</strong></span> 
     </span>
     <span class='ocr_line' id='line_1_44' title="bbox 175 3501 2119 3571; baseline 0.002 -20"><span class='ocrx_word' id='word_1_417' title='bbox 175 3506 241 3552; x_wconf 86' lang='lat' dir='ltr'><strong>Tu</strong></span> <span class='ocrx_word' id='word_1_418' title='bbox 260 3513 406 3553; x_wconf 89' lang='lat' dir='ltr'><strong>autem</strong></span> <span class='ocrx_word' id='word_1_419' title='bbox 435 3507 631 3567; x_wconf 87' lang='lat' dir='ltr'><strong>diligenti</strong></span> <span class='ocrx_word' id='word_1_420' title='bbox 655 3508 789 3555; x_wconf 92' lang='lat' dir='ltr'><strong>modo</strong></span> <span class='ocrx_word' id='word_1_421' title='bbox 814 3507 1041 3568; x_wconf 88' lang='lat' dir='ltr'><strong>disponas,</strong></span> <span class='ocrx_word' id='word_1_422' title='bbox 1081 3519 1182 3550; x_wconf 90' lang='lat' dir='ltr'><strong>cum</strong></span> <span class='ocrx_word' id='word_1_423' title='bbox 1205 3504 1432 3552; x_wconf 91' lang='lat' dir='ltr'><strong>desiderio</strong></span> <span class='ocrx_word' id='word_1_424' title='bbox 1464 3513 1637 3562; x_wconf 88' lang='lat' dir='ltr'><strong>nostr0,</strong></span> <span class='ocrx_word' id='word_1_425' title='bbox 1678 3513 1721 3553; x_wconf 81' lang='lat' dir='ltr'><strong>et</strong></span> <span class='ocrx_word' id='word_1_426' title='bbox 1744 3507 1903 3554; x_wconf 89' lang='lat' dir='ltr'><strong>valeas.</strong></span> <span class='ocrx_word' id='word_1_427' title='bbox 1937 3501 2119 3571; x_wconf 74' lang='lat' dir='ltr'><strong>Amen]</strong></span> 
     </span>
    </p>
   </div>
   <div class='ocr_carea' id='block_1_12' title="bbox 978 3624 1320 3636">
    <p class='ocr_par' dir='ltr' id='par_1_13' title="bbox 978 3624 1320 3636">
     <span class='ocr_line' id='line_1_45' title="bbox 978 3624 1320 3636; baseline 0 264"><span class='ocrx_word' id='word_1_428' title='bbox 978 3624 1320 3636; x_wconf 95' lang='lat' dir='ltr'><strong> </strong></span> 
     </span>
    </p>
   </div>
   <div class='ocr_carea' id='block_1_13' title="bbox 2276 525 2340 3900">
    <p class='ocr_par' dir='ltr' id='par_1_14' title="bbox 2276 525 2340 3900">
     <span class='ocr_line' id='line_1_46' title="bbox 2276 525 2340 3900; baseline 0 -496"><span class='ocrx_word' id='word_1_429' title='bbox 2276 525 2340 3900; x_wconf 95' lang='lat' dir='ltr'><strong>     </strong></span> 
     </span>
    </p>
   </div>
   <div class='ocr_carea' id='block_1_14' title="bbox 2285 3489 2313 3585">
    <p class='ocr_par' dir='ltr' id='par_1_15' title="bbox 2285 3489 2313 3585">
     <span class='ocr_line' id='line_1_47' title="bbox 2288 3489 2312 3540; baseline 0 -6"><span class='ocrx_word' id='word_1_430' title='bbox 2288 3489 2312 3540; x_wconf 55' lang='grc' dir='ltr'><strong>ἵ.)</strong></span> 
     </span>
     <span class='ocr_line' id='line_1_48' title="bbox 2285 3528 2313 3585; baseline 0 0"><span class='ocrx_word' id='word_1_431' title='bbox 2285 3528 2313 3585; x_wconf 59' lang='lat' dir='ltr'><strong>a</strong></span> 
     </span>
    </p>
   </div>
   <div class='ocr_carea' id='block_1_15' title="bbox 2275 3569 2311 3900">
    <p class='ocr_par' dir='ltr' id='par_1_16' title="bbox 2275 3569 2311 3900">
     <span class='ocr_line' id='line_1_49' title="bbox 2275 3569 2311 3900; baseline 0 -181"><span class='ocrx_word' id='word_1_432' title='bbox 2275 3569 2311 3900; x_wconf 57' lang='grc' dir='ltr'><strong>ἔ</strong></span> 
     </span>
    </p>
   </div>
  </div>
 </body>
</html>
