2340 3900
560 148 574 154 χ’
620 157 955 208 mTYlutm
991 158 1037 206 S.
1072 160 1401 209 POLYCARPI.
1452 160 1562 209 xxl.
1597 160 1725 208 xxll.
2054 158 2157 209 407

864 321 975 368 xxi.
1046 323 1267 384 Martyrii
1300 331 1489 388 tempus.
1542 286 1544 290 Ι

329 422 591 484 Martyrium
642 424 791 464 autem
846 432 1013 479 passus
1062 427 1134 466 est
1182 420 1343 468 heatus
1389 422 1669 483 Polycarpus
1718 421 1928 469 Xanthioi
1980 422 2155 470 mensis

190 492 388 540 ineuntis
426 490 501 536 die
535 487 767 544 secundo,
817 493 922 533 ante
967 494 1208 548 septimum
1260 490 1481 537 Calendas
1526 491 1686 546 Maias,
1734 504 1899 552 magno
1948 490 2152 547 sabbato,

190 563 304 608 hora
337 565 506 627 octava.
576 555 742 617 Captus
777 561 851 603 est
883 562 1034 602 autem
1070 556 1127 603 ab
1166 555 1365 614 Herode,
1401 557 1488 604 sub
1527 558 1745 619 pontifice
1782 559 1994 621 Philippo
2031 559 2152 606 Tral-

187 631 322 684 liano,
353 623 635 689 proconsule
673 622 816 671 Statio
852 624 1095 682 Quadrato,
1131 634 1350 687 regnante
1387 634 1538 673 autem
1575 628 1621 673 in
1645 628 1801 675 secula
1825 628 1929 675 lesu
1955 627 2152 685 Christo,

186 698 260 744 cui
296 697 356 743 sit
389 695 562 757 gloria,
597 693 778 750 honor,
814 694 1054 750 maiestas,
1107 694 1300 741 thronus
1338 696 1672 756 sempiternus,
1708 711 1733 743 a
1769 698 2063 758 generatione
2099 697 2146 743 in

185 765 540 827 generationem.
609 759 775 810 Amen!

579 886 712 933 xxn.
781 883 1034 936 solidatio.
1102 882 1344 948 Epi-stolae
1379 889 1770 949 trans-scriptores.

323 985 569 1048 Optamus,
606 984 795 1041 fratres,
829 997 911 1030 vos
958 983 1109 1031 valere
1157 998 1212 1031 ac
1261 984 1476 1031 incedere
1527 985 1572 1030 in
1622 984 1887 1045 evangelico
1940 999 2155 1034 sermone

183 1055 287 1102 lesu
322 1055 516 1111 Christi3
552 1068 655 1101 cum
702 1067 794 1115 quo
830 1052 977 1115 gloria
1027 1053 1087 1100 sit
1132 1053 1253 1110 Deo,
1291 1058 1337 1101 et
1371 1053 1493 1099 Patri
1541 1059 1587 1099 et
1633 1053 1821 1114 Spiritui
1873 1061 2054 1111 sancto,
2093 1054 2152 1102 ob

182 1131 445 1172 sanctorum
481 1123 731 1171 electorum
767 1122 988 1181 salutem3
1024 1121 1410 1184 quemadmodum
1442 1121 1602 1169 beatus
1651 1122 1934 1184 Polycarpus
1990 1130 2154 1185 marty·

180 1194 299 1241 rium
333 1192 535 1255 pertulit,
573 1192 631 1239 ad
665 1192 797 1240 ouius
830 1191 1021 1253 vestigia
1053 1189 1226 1238 utinam
1261 1189 1548 1251 inveniamur
1583 1191 1629 1237 in
1656 1205 1799 1252 regno
1826 1191 1931 1238 lesu
1959 1191 2152 1238 Christi!

318 1265 467 1324 Atque
502 1262 619 1308 haec
653 1275 709 1308 ex
741 1259 901 1307 codice
938 1259 1131 1315 lrenaei‚
1168 1260 1381 1322 discipuli
1416 1259 1682 1322 polycarpi,
1721 1260 1966 1321 descripsit
2003 1261 2151 1316 CaiuS,

182 1331 262 1393 qui
297 1338 345 1378 et
378 1331 479 1393 ipse
517 1344 620 1377 cum
668 1329 860 1376 Irenaeo
897 1336 1192 1376 conversatus
1229 1336 1314 1376 est.
1385 1328 1480 1390 Ego
1530 1342 1639 1375 vero
1678 1327 1895 1375 Socrates
1947 1328 2153 1375 Corinthi

181 1415 239 1448 ex
273 1400 367 1447 Caii
403 1398 646 1461 exemplari
682 1398 796 1445 haec
833 1397 1075 1459 descripsi.
1148 1398 1300 1444 Gratia
1337 1397 1397 1443 sit
1430 1411 1536 1443 cum
1574 1395 1800 1443 omnibus.

323 1468 380 1516 Et
413 1467 637 1530 posthaec
670 1481 759 1528 ego
806 1464 995 1512 Pionius
1043 1479 1099 1512 ex
1133 1466 1460 1526 suprascriptis
1510 1464 1625 1510 haec
1660 1463 1864 1520 exaravi,
1913 1470 2156 1525 postquam

186 1538 260 1584 illa
294 1537 680 1614 perquisivissem,
716 1542 764 1582 et
798 1533 957 1581 beatus
994 1534 1276 1596 Polycarpus
1312 1547 1369 1579 ea
1403 1546 1489 1593 per
1523 1531 1845 1579 revelationem
1883 1532 1994 1578 mihi
2017 1533 2155 1579 mani-

184 1606 425 1662 festasset,
475 1613 526 1652 ut
573 1605 620 1651 in
670 1603 972 1665 sequentihus
1021 1601 1280 1651 declarabo.
1364 1601 1535 1662 Collegi
1583 1615 1657 1657 ea,
1712 1601 2050 1678 propemodum
2103 1616 2158 1648 ex

186 1675 407 1736 temporis
466 1674 762 1721 diuturnitate
811 1671 1095 1729 fatiscentia,
1143 1677 1198 1719 ut
1241 1680 1315 1717 me
1369 1684 1552 1732 quoque
1606 1684 1708 1717 cum
1757 1669 1918 1717 electis
1968 1671 2063 1716 suis
2113 1671 2159 1716 in

183 1757 377 1807 regnum
420 1757 553 1790 suum
591 1742 792 1791 coeleste
838 1741 1021 1804 colligat
1065 1741 1279 1788 Dominus
1327 1739 1457 1787 lesus
1510 1739 1747 1797 ChristuS,
1787 1740 1859 1786 cui
1905 1739 1966 1786 sit
2011 1739 2157 1801 gloria

184 1824 289 1860 cum
322 1812 458 1860 Patre
493 1818 542 1860 et
570 1810 746 1874 Spiritu
781 1816 955 1869 sancto,
991 1811 1039 1858 in
1074 1806 1227 1858 secula
1262 1807 1538 1857 seculorum.
1610 1807 1780 1855 Amen!

269 1999 321 2054 ⁴)
350 2001 381 2043 1.
409 2013 446 2043 e.
475 2006 568 2042 ante
592 1996 828 2050 meridiatur,
857 2010 940 2040 non
957 1997 1062 2040 enim
1086 1996 1137 2039 de
1194 1996 1286 2039 nael
1326 1994 1606 2048 Lugdunensis
1647 1995 1842 2049 Episcopi
1882 1994 2156 2048 discipulum,‘

188 2060 389 2106 amna,
428 2057 504 2098 sed
532 2057 586 2098 de
613 2056 787 2098 Asiatica
817 2055 939 2097 horas
969 2066 1140 2107 compn-
1197 2065 1277 2095 non
1322 2060 1431 2094 recte
1478 2053 1573 2093 hinc
1625 2052 1791 2103 collegit
1833 2052 1875 2094 P.
1916 2051 2155 2094 llalloixins.

189 2115 301 2157 tuda
328 2114 486 2156 ratio-e
520 2113 587 2155 hic
614 2118 679 2154 est
704 2123 855 2161 sermo,
884 2111 1026 2153 eodem
1052 2111 1140 2151 sci-
1197 2111 1295 2152 Nam
1327 2109 1438 2150 aliud
1468 2108 1566 2150 nihil
1581 2109 1674 2150 hinc
1691 2108 1838 2150 deduci
1856 2112 2004 2161 potest,
2034 2119 2154 2162 qnam

219 2178 406 2223 oegqn
435 2181 512 2211 nos
542 2168 666 2210 hodie
694 2168 855 2209 utimur.
890 2167 968 2209 100.
1199 2179 1245 2207 ex
1283 2165 1434 2207 lrcnaei
1478 2164 1772 2217 exemplaribus
1811 2164 1974 2214 Gaium,
2022 2171 2066 2205 ut
2104 2177 2154 2206 ex

275 2220 405 2269 ὅδὲ
435 2237 482 2267 cx
511 2223 639 2266 Paris.
668 2221 786 2265 addit
813 2221 894 2265 lac.
1200 2222 1285 2262 Gaii
1317 2219 1609 2274 exemplaribus
1642 2222 1852 2261 Socratem
1888 2217 2153 2271 Corinthium,

354 2280 430 2331 Qui
462 2281 575 2335 prius
592 2278 649 2332 (c.
666 2274 1005 2335 ndatndpvuc,
1033 2291 1141 2320 nnnc
1200 2284 1453 2330 praesentem
1499 2276 1602 2317 hanc
1649 2275 1903 2328 smyrnensis
1943 2272 2153 2317 Ecclesiae

189 2334 560 2396 &antesin-appe
452 2335 697 2391 appe-lim
725 2336 857 2378 Uener.
1197 2333 1424 2387 Epistolam
1454 2331 1773 2384 transcripsisse.
1803 2331 1934 2372 Urs-er.

275 2395 322 2447 7)
302 2394 588 2452 )Στριτίου
613 2392 679 2434 od.
696 2391 907 2434 etia-lac.
930 2404 977 2433 ex
994 2391 1138 2441 eodd„
1281 2389 1326 2441 2)
1356 2389 1476 2430 Voce.
1494 2389 1578 2431 τοῦ
1590 2387 1828 2452 μακαρίου
1848 2386 2154 2429 eCodd.Pa1is.

188 2450 299 2505 qnod
328 2462 421 2492 an
449 2456 524 2492 vet.
554 2448 629 2491 tm.
668 2448 711 2491 in
740 2448 862 2490 Sauli
892 2448 1138 2544 mutalndnm.
1195 2452 1235 2487 et
1265 2445 1432 2487 Barocc.
1463 2443 1503 2484 in
1533 2450 1679 2512 textum
1712 2443 1900 2485 admissa.

271 2505 370 2560 Cap.
398 2504 515 2548 ΠΗ.
576 2504 619 2558 1)
646 2504 774 2547 Vitam
790 2502 992 2569 Polycarp
1279 2500 1327 2554 3)
1356 2497 1485 2542 Verba
1515 2499 1584 2548 εἰς
1614 2497 1699 2554 τὴν
1717 2496 1939 2542 -αὐτοῠ
1970 2504 2153 2553 praeter-

187 2571 296 2606 m
322 2573 468 2616 graece
497 2559 793 2614 conscripsisse
815 2515 967 2611 Caium,
998 2560 1039 2602 S
1037 2516 1138 2603 fre·
1193 2557 1359 2599 miserat
1388 2556 1589 2598 Usserius.
1630 2553 1711 2599 lac.
