2340 3900
545 148 756 202 mmm
791 148 1065 196 EPISTOLA
1099 150 1170 196 AD
1205 148 1615 198 MAGNESIANOS.
1665 148 1741 197 111.
1772 149 1842 197 lV.
2061 148 2162 200 245

202 309 308 357 ego.
375 289 591 341 Salonam
638 298 825 349 quoqne
873 291 921 333 et
953 285 1097 334 losias
1143 288 1187 334 in
1239 287 1469 336 iuventute
1518 284 1699 336 mirifici
1745 292 1794 335 et
1841 287 2072 350 sapientes
2118 288 2163 335 in

204 361 424 426 operibns
470 358 568 406 snis
624 361 949 418 apparuerunt.
1022 354 1236 402 Salomon
1286 356 1468 418 quidem
1525 357 1798 406 duodecimo
1846 356 2008 406 aetatis
2053 370 2163 407 suae

202 424 358 479 annon
384 439 578 489 regnare
602 425 844 487 incipiens,
869 424 1055 471 arduam
1080 431 1126 471 et
1149 419 1626 486 ininterpretabilem¹'
1661 426 1903 475 mulierum
1939 440 2026 490 pro
2059 441 2161 491 par-

200 499 316 547 vulis
349 496 665 559 quaestionem
701 493 894 541 terribili
931 493 1102 540 iudicio
1141 493 1361 554 dissolvit.
1434 489 1616 543 losias¹³
1652 510 1760 544 vero
1798 503 1903 544 octo
1941 509 2164 544 annorum

201 569 413 623 existens,
449 578 552 612 aras
588 570 636 611 et
668 568 963 611 monumenta
997 562 1267 609 subvertere
1305 564 1472 624 coepit,
1509 564 1643 613 lucos
1681 566 1892 614 excidere
1929 571 1976 615 et
1995 565 2164 630 templa

198 634 422 692 deiicere,
473 647 591 695 quae
626 647 721 680 non
756 632 875 687 Deo,
924 631 1007 679 sed
1058 630 1357 678 daemonibus
1403 632 1585 680 ruerant
1622 642 1903 683 consecrata.
1971 634 2083 683 Nam
2118 641 2166 683 et

196 702 680 769 pseudo-sacerdotes
703 701 950 757 interfecit,
986 708 1039 748 ut
1063 706 1360 762 corruptores
1398 709 1446 748 et
1481 703 1752 751 seductores
1786 704 2034 763 hominum,
2069 717 2162 753 non

197 774 440 830 divinitati,
488 771 573 819 sed
608 771 792 819 diabolo
828 770 1098 819 servientes.
1171 769 1367 831 Propter
1403 770 1528 832 quod
1565 786 1658 819 non
1694 780 1767 820 est
1799 773 2161 836 contempnenda

196 844 422 899 inventus,
458 855 562 889 eum
594 840 689 888 Deo
710 840 978 895 adiacuerit,
1014 839 1100 887 sed
1119 838 1194 886 illa
1215 845 1363 893 aetas,
1388 853 1504 900 quae
1531 842 1782 890 sententiae
1805 849 1957 900 nocet,
1992 835 2163 891 etiam¹⁴

195 914 237 961 si
270 913 518 960 inveterata
550 910 688 958 fuerit
722 910 899 957 dierum
933 909 1174 956 malorum.
1246 908 1423 955 Iuvenis
1458 908 1545 956 suit
1567 917 1613 957 et
1640 905 1991 960 Christoferus¹⁶
2013 910 2162 960 Timo·

196 982 355 1030 theus:
387 981 471 1028 sed
506 980 672 1038 audite,
710 978 860 1042 qualia
894 980 938 1027 ei
974 978 1162 1041 scripsit
1194 978 1423 1040 magister.
1493 979 1650 1037 Nemo,
1683 981 1845 1042 iuquit,
1885 982 2160 1029 iuventutem

196 1058 318 1099 tuam
353 1056 672 1112 contempnat:
709 1049 794 1097 sed
828 1048 975 1096 forma
1010 1053 1110 1096 esto
1149 1047 1354 1095 fidelium
1405 1049 1450 1094 in
1487 1047 1652 1106 verbo,
1701 1049 1747 1095 in
1798 1050 2161 1099 conversatione.

192 1120 389 1182 Dignum
434 1126 509 1167 est
551 1133 664 1181 ergo
699 1133 782 1166 vos
819 1118 1010 1166 obedire
1048 1116 1276 1179 Episcopo
1316 1124 1494 1175 vestro,
1543 1124 1588 1165 et
1630 1118 1676 1164 in
1722 1118 1846 1166 nullo
1894 1121 1935 1167 ei
1984 1126 2161 1168 contra·

192 1190 363 1239 dicere.
433 1188 657 1236 Terribile
705 1195 778 1236 est
819 1189 942 1236 enim
977 1186 1054 1234 tali
1100 1186 1428 1234 contradicere.
1498 1187 1598 1234 Non
1649 1188 1770 1236 enim
1821 1189 1959 1236 istum
2008 1188 2161 1236 visibi-

193 1259 280 1308 lem
314 1258 420 1321 quis
455 1258 656 1320 spernit3
702 1258 786 1305 sed
821 1250 987 1305 illum¹⁶
1021 1248 1297 1303 invisibilem
1333 1257 1377 1303 in
1415 1270 1470 1304 eo
1506 1259 1801 1320 contempnit,
1837 1259 1916 1319 qui
1952 1271 2044 1306 non
2081 1273 2163 1320 po·

193 1335 287 1378 test
316 1327 374 1376 ab
410 1327 564 1390 aliquo
601 1328 879 1390 contempni.
951 1325 1034 1374 Hic
1069 1332 1218 1373 autem
1253 1340 1347 1373 non
1386 1325 1440 1373 ab
1479 1327 1675 1382 homine,
1712 1327 1797 1374 sed
1831 1340 1857 1372 a
1895 1327 1987 1374 Deo
2023 1326 2164 1374 habet

194 1399 539 1461 promotionem.
611 1397 730 1444 Dicit
770 1398 892 1444 enim
929 1396 1049 1444 Deus
1079 1389 1313 1443 Samueli¹'¹
1351 1396 1407 1443 de
1441 1396 1847 1458 comtemptoribus
1881 1396 2011 1443 eius:
2060 1395 2160 1442 Non

194 1474 239 1516 te
275 1483 298 1515 s
334 1474 558 1525 reverunt,
594 1467 677 1514 sed
712 1481 800 1514 me.
872 1466 981 1512 Nam
1018 1473 1065 1513 et
1099 1465 1280 1527 Moyses
1317 1465 1488 1527 populo
1525 1466 1745 1513 adversus
1783 1478 1835 1512 se
1856 1465 2159 1512 murmuranti

192 1538 279 1585 ait:
351 1537 451 1585 Non
474 1537 596 1585 enim
617 1536 837 1584 adversus
863 1550 950 1583 nos
975 1535 1307 1590 murmurastiS,
1333 1527 1453 1581 sed¹⁹
1479 1536 1699 1582 adversus
1729 1534 1969 1582 Dominum
1995 1535 2154 1582 Deum.

192 1606 334 1654 Nemo
369 1607 491 1654 enim
527 1606 697 1676 injultus
747 1606 987 1663 remansit,
1035 1606 1114 1667 qui
1162 1618 1212 1651 se
1257 1610 1416 1651 contra
1453 1606 1657 1667 potiores
1706 1603 1881 1651 extulit.
1950 1603 2156 1666 Denique

191 1676 238 1723 in
272 1675 401 1738 lege,
438 1667 655 1723 Dathan’⁸
689 1683 737 1724 et
769 1667 983 1723 Abiron¹¹
1018 1674 1162 1737 Moysi
1204 1674 1499 1731 resistenteS,
1537 1674 1622 1721 vivi
1660 1673 1715 1720 ad
1750 1673 1923 1720 inferos
1959 1673 2157 1736 depositi

191 1752 313 1792 sunt.
381 1743 475 1793 Sed
510 1752 557 1792 et
591 1745 742 1792 Chore
778 1734 826 1792 et
862 1745 941 1806 qui
977 1745 1356 1806 conspiraverunt
1391 1758 1494 1791 cum
1542 1757 1599 1791 eo
1637 1743 1856 1789 adversus
1893 1743 2043 1790 Aaron
2080 1743 2159 1790 du-

190 1815 313 1862 centi
348 1806 757 1877 qninquaginta,²'
803 1815 910 1876 igne
957 1814 1184 1862 consumti
1220 1819 1343 1859 sunt.
1414 1813 1616 1861 Absalon
1667 1812 1802 1859 etiam
1818 1803 1878 1870 ‚⁵¹⁸
1931 1813 2159 1874 parricida

189 1884 406 1941 existens,
443 1884 595 1931 divino
630 1884 801 1932 iudicio
834 1882 989 1931 arbori
1023 1896 1254 1946 appensus
1291 1889 1385 1939 est3
1423 1883 1506 1930 sed
1542 1888 1589 1929 et
1623 1895 1707 1928 cor
1742 1881 1860 1938 eiuS‚
1896 1881 2021 1942 quod
2043 1882 2158 1929 mala

191 1953 478 2013 cogitaverat,
515 1953 692 2014 sagittis
730 1951 916 2000 infixum
951 1959 1037 2000 est.
1108 1952 1217 1998 Nam
1254 1958 1302 1998 et
1335 1944 1535 1998 Achab⁹⁴
1571 1957 1618 1998 et
1654 1950 1803 1996 Dadan
1831 1950 2155 1998 nichilominus

190 2028 385 2083 propter
429 2021 624 2068 similem
674 2014 900 2069 cansam²⁸
937 2022 1085 2083 capite
1123 2020 1283 2082 plexus
1333 2027 1418 2067 est.
1489 2011 1668 2066 Ozias⁹⁰
1709 2032 1895 2080 quoque
1942 2018 2157 2081 leprosus

192 2090 340 2137 factus
374 2097 462 2143 est.
487 2091 567 2151 qui
592 2096 753 2137 eontra
773 2089 1042 2137 sacerdotes
1062 2090 1371 2136 sacerdotium
1393 2089 1597 2150 arripere
1635 2102 1773 2135 ausus
1801 2079 1934 2135 est.²⁷
2006 2081 2158 2136 Saul²⁸

191 2159 327 2205 etiam
360 2159 621 2206 sacrifiea-e
656 2172 969 2221 praesumens,
1007 2158 1149 2221 regali
1177 2158 1395 2219 dignitate
1423 2158 1734 2205 dehonoratus
1772 2164 1858 2214 est,
1896 2170 1988 2204 non
2024 2171 2155 2220 expe·

191 2234 320 2275 σου
366 2228 622 2290 principem
669 2228 960 2276 sacerdotum
998 2225 1270 2275 Samuelem.
1342 2227 1535 2288 Oportet
1579 2240 1691 2288 ergo
1747 2232 1796 2273 et
1831 2239 1916 2273 nos
1954 2227 2156 2275 revereri

190 2296 412 2359 potiores.

262 2434 331 2481 lv.
400 2433 455 2482 Et
489 2434 675 2498 dignum
711 2442 783 2483 est
817 2448 911 2483 non
948 2433 1098 2482 solum
1135 2435 1289 2482 vocari
1325 2447 1411 2481 nos
1432 2433 1727 2491 ChristianoS,
1766 2433 1847 2481 sed
1869 2434 2004 2482 etiam
2041 2449 2160 2483 esse.

190 2504 294 2553 Non
322 2504 443 2551 enim
477 2498 603 2563 dici,¹
637 2505 722 2553 sed
754 2518 860 2552 esse
898 2503 1007 2552 facit
1039 2497 1262 2551 beatum?
1333 2502 1522 2562 Quidam
1558 2508 1707 2550 autem
1745 2502 2023 2567 Episcopum
2059 2507 2155 2568 qui·

191 2574 297 2623 dem
331 2579 519 2632 vocent,
558 2580 604 2622 et
635 2579 824 2638 praeter
858 2573 1009 2637 ipsum
1046 2573 1197 2621 omnia
1235 2572 1419 2621 faciunt.
1489 2571 1674 2620 Talibus
1712 2565 2018 2638 ergo³retiam
2054 2575 2154 2638 ipsc

193 2643 403 2692 Christus
439 2642 574 2702 dicit,
624 2643 703 2707 qni
736 2650 783 2692 et
831 2657 967 2691 verns
1016 2650 1062 2691 et
1105 2644 1282 2707 primus
1337 2649 1410 2690 est
1444 2642 1702 2705 Episcopus
1753 2648 1799 2689 et
1833 2642 1959 2691 solus
1995 2651 2157 2692 natura

190 2711 424 2761 Pontifex:
492 2712 609 2771 Quid
645 2726 719 2762 me
757 2714 931 2762 vocatis
956 2713 1159 2771 Domine,
1198 2713 1399 2770 Domine,
1437 2719 1484 2759 et
1520 2726 1612 2759 non
1647 2711 1796 2759 facitis
1835 2726 1953 2774 quae
1998 2713 2102 2762 dico
2116 2707 2158 2760 2⁴

798 2846 828 2865 δ

280 2902 352 2957 12)
380 2902 751 2958 meabile-⁸
789 2914 823 2943 e.
854 2900 939 2943 Pal.
969 2902 1062 2954 fleg.
1105 2909 1145 2944 et
1290 2904 1345 2947 20
1395 2905 1529 2946 datam
1560 2902 1642 2945 Pal.
1685 2902 1869 2944 Ceterum
1888 2902 1939 2943 cs.
1959 2902 2074 2944 Num.
2093 2901 2157 2946 16.

193 2959 340 3002 vna·
371 2958 498 3010 me,
526 2958 857 3013 inamabilem
883 2958 1068 3008 Vossius,
1106 2966 1146 3001 et
1289 2903 1363 3013 213
1391 2961 1447 3003 Ea
1477 2960 1680 3013 scriptura
1710 2960 1748 3000 in
1781 2958 1863 3000 Pal.
1893 2958 1988 3011 Reg.

195 3029 233 3058 c.
260 3015 352 3058 aliis
381 3014 486 3067 nug.
514 3021 557 3057 et
588 3012 828 3057 camon-s.
1286 3017 1339 3059 22
1394 3016 1484 3057 CC'i
1510 3017 1582 3057 Lm
1610 3017 1703 3067 neg.

286 3071 360 3127 1³)
391 3071 437 3112 tv
457 3070 552 3122 Bes.
582 3070 650 3112 23.
1289 3073 1342 3115 23
1391 3073 1424 3114 11
1447 3073 1555 3114 Sam.
1589 3071 1654 3114 18.

281 3128 355 3172 14)
378 3124 1144 3177 etetmral.cew=net.nan.13‚52
1287 3128 1343 3171 24
1392 3130 1466 3171 aab
1498 3128 1595 3179 Pal„
1630 3128 1729 3169 ahab
1762 3127 1856 3177 Reg.

282 3184 354 3239 15)
380 3186 462 3236 luit
492 3187 611 3225 αι’.
642 3181 903 3235 &inurens
937 3182 1035 3233 rat„
1064 3185 1144 3234 suit
1285 3183 1340 3227 25
1392 3197 1554 3226 caueam
1587 3196 1664 3225 om.
1698 3183 1780 3224 Pal.

194 3242 315 3282 elica
345 3239 599 3292 &risula-ru
617 3238 711 3292 Bag.
743 3237 928 3281 ceum
946 3239 1021 3281 cm
1043 3239 1144 3280 Tim.
1288 3239 1343 3283 26
1390 3240 1581 3283 2Chron.
1612 3241 1679 3282 26.

194 3298 237 3348 4,
268 3296 336 3341 12.
1285 3295 1338 3339 27
1395 3309 1518 3339 ausus
1545 3303 1601 3337 ent
1631 3297 1803 3350 arripere
1836 3294 1930 3348 Reg.

282 3350 354 3407 1⁸)
384 3352 483 3394 iuna
514 3358 601 3394 erat
631 3351 672 3393 in
703 3350 788 3393 1²11.
1286 3351 1341 3395 28
1389 3353 1536 3395 ISam.
1570 3353 1635 3395 13.

281 3408 333 3452 17
388 3407 534 3451 18η.
563 3407 604 3458 8,
634 3407 674 3450 7.
1259 3408 1357 3462 Cap.
1384 3409 1446 3451 lv.
1510 3407 1554 3463 1)
1584 3408 1732 3462 Recepi
1773 3408 1855 3450 dici
1883 3418 1930 3450 ex
1964 3407 2060 3463 Reg.
2092 3409 2154 3451 sa-

284 3463 303 3507 1
382 3463 510 3507 Exod.
542 3464 607 3515 16,
640 3463 680 3506 8.
1204 3471 1317 3507 vente
1347 3471 1453 3507 texm
1485 3477 1558 3516 gr..
1590 3466 1719 3507 dicere
1750 3464 1833 3506 Pal.
1863 3463 1970 3518 vulg.

284 3519 337 3563 19
384 3519 506 3564 Voce..
543 3533 587 3563 σε
633 3522 893 3564 manli
932 3522 1014 3562 ait:
1059 3519 1146 3562 Non
1289 3522 1333 3575 2)
1364 3523 1498 3562 beatos
1528 3521 1611 3561 Pal.

197 3577 304 3617 enin
329 3576 515 3620 σδκηιο
544 3589 615 3621 soe
642 3580 933 3628 mutis,
973 3578 1043 3619 sed
1065 3590 1143 3618 non
1289 3578 1336 3633 3)
1371 3579 1491 3629 initur
1523 3576 1620 3627 Pal„
1652 3576 1767 3622 deest
1797 3589 1889 3632 erqo
1918 3576 1959 3620 in
1989 3577 2082 3631 Reg.

198 3631 275 3684 leg.
304 3630 346 3674 in
375 3630 460 3675 1⁹21.
1288 3635 1335 3688 4)
1367 3634 1462 3675 Luc.
1495 3633 1535 3684 6,
1566 3633 1634 3676 46.
