2340 3900
434 172 766 230 RARTYRIUM
804 179 850 227 S.
886 180 1108 229 IGNATII.
1155 181 1305 230 xvln.
1341 181 1451 230 XIX.
1490 180 1578 230 XX.
1614 179 1724 229 XXI.
1760 178 1890 228 XXII.
2048 174 2149 226 363

317 346 469 396 xvlu.
514 346 735 408 Princeps
770 345 906 392 huius
945 346 1088 394 seculi
1125 362 1197 395 me
1234 348 1329 396 vult
1366 349 1565 411 diripere
1602 354 1648 395 et
1684 360 1984 409 corrumpere
2007 359 2153 392 meam

178 421 223 466 in
263 418 403 466 Deum
440 416 727 464 sententiam.
798 415 940 462 Nemo
980 430 1092 477 ergo
1132 432 1187 463 ex
1224 419 1306 474 iis,
1366 420 1445 479 qui
1481 419 1672 475 adsunt,
1729 418 1794 464 illi
1842 431 1975 480 opem
2010 415 2152 472 ferat3

180 495 328 536 estote
358 487 449 534 mei
484 486 653 547 potius,
691 485 783 532 hoc
821 491 894 531 est
927 485 1019 532 Dei.
1090 486 1154 532 Ne
1176 486 1442 548 'loquamini
1478 489 1627 534 lesum
1651 487 1896 544 Christum,
1933 486 2151 533 mundum

178 572 287 605 vero
326 555 613 603 desideretis.
683 553 749 601 Ne
781 555 955 601 habitet
991 555 1036 600 in
1073 555 1203 601 vobis
1242 557 1435 614 invidia;
1472 571 1557 603 nec
1597 558 1635 603 si
1672 572 1759 618 ego
1799 557 1983 618 quidem
2021 570 2150 617 prae-

181 640 289 674 sens
326 639 407 672 vos
442 638 616 686 rogem,
646 630 804 687 parete
839 624 980 680 mihi3
1019 624 1074 670 iis
1112 631 1261 671 autem
1297 632 1455 686 parete
1491 626 1660 687 potius,
1698 640 1814 688 quae
1853 640 1937 688 ego
1979 626 2035 673 ad
2070 640 2151 672 vos

177 692 348 743 scribo.
419 692 487 741 Ex
518 694 573 740 iis
611 693 748 752 enim,
787 708 904 755 quae
942 693 1098 740 scribo
1135 694 1192 740 ad
1228 709 1323 750 vos,
1360 695 1478 741 mori
1517 696 1670 756 cupio.
1742 695 1869 742 Meus
1907 710 2035 742 amor
2085 702 2156 742 est
2230 722 2232 725 ·

178 765 307 812 cruci
342 763 525 811 affixus:
563 770 610 810 et
646 777 740 810 non
777 771 849 810 est
884 764 931 809 in
959 778 1032 809 me
1064 764 1182 824 ignis
1212 778 1368 810 amans
1394 764 1639 822 materiae3
1680 779 1797 826 aqua
1814 771 1964 812 autem
2001 765 2154 826 potius

175 835 275 881 viva
311 840 358 880 et
392 833 438 879 in
473 847 546 880 me
583 832 798 894 loquens,
835 847 952 894 quae
988 833 1110 879 intus
1147 833 1259 879 mihi
1295 833 1429 879 dicit:
1468 832 1578 879 Veni
1603 833 1658 880 ad
1695 841 1886 896 patrem.
1956 835 2054 881 Non
2081 835 2154 881 dc·

176 905 325 951 lector
359 902 637 951 nutrimento
676 902 1013 964 corruptionis,
1057 916 1209 964 neque
1245 902 1554 964 voluptatibus
1601 904 1735 950 huius
1784 903 1916 952 vita-e.
1988 905 2156 951 Panem

177 972 258 1020 Dei
293 972 423 1030 volo,
470 986 632 1034 panem
670 972 937 1029 caelestem,
972 986 1138 1033 panem
1175 972 1315 1027 vitae,
1355 972 1433 1032 qui
1471 978 1542 1018 est
1578 986 1687 1019 caro
1726 972 1830 1018 lesu
1871 974 2038 1020 Christi
2077 972 2159 1020 filii

178 1041 284 1100 Dei,
331 1043 410 1103 qui
455 1048 620 1104 postea
673 1047 807 1089 natus
853 1047 924 1088 est
969 1055 1023 1088 ex
1069 1042 1243 1088 semine
1279 1041 1457 1088 Davidis
1496 1047 1542 1087 et
1577 1042 1849 1099 Abrahami3
1905 1057 1957 1090 ac
1996 1050 2155 1104 potum

177 1110 259 1162 Dei
292 1112 412 1170 volo,
451 1112 550 1159 eius
587 1112 870 1173 sanguinem,
909 1111 988 1172 qui
1025 1118 1097 1158 est
1131 1111 1296 1158 caritas
1334 1112 1601 1172 incorrupta
1638 1119 1683 1174 et
1725 1113 1812 1158 vita
1852 1115 2087 1174 perennis.

317 1234 427 1286 XIX.
497 1236 597 1284 Non
635 1235 828 1298 amplius
862 1236 967 1283 volo
1002 1237 1150 1284 vivere
1190 1238 1310 1284 sicut
1343 1236 1587 1294 homines;
1636 1237 1727 1284 hoc
1765 1244 1914 1285 autem
1951 1241 2068 1296 erit,
2118 1240 2158 1286 si

177 1321 258 1356 vos
297 1306 545 1354 volueritis.
618 1305 774 1353 Velitis
807 1321 937 1368 erg0‚
974 1313 1025 1354 ut
1059 1322 1142 1354 vos
1181 1321 1367 1368 quoque
1408 1306 1529 1353 Deus
1566 1306 1689 1353 velit.
1762 1307 1983 1356 Brevibus
2011 1309 2158 1355 literis

180 1384 287 1440 peto
333 1390 360 1422 a
401 1374 557 1432 vobis3
607 1376 717 1422 mibi
765 1376 955 1422 credite.
1028 1376 1158 1423 lesus
1206 1390 1316 1423 vero
1369 1376 1575 1422 Christus
1626 1375 1756 1422 vobis
1810 1377 1925 1424 haec
1971 1379 2160 1439 aperiet,

182 1446 261 1508 qui
296 1452 368 1494 est
402 1459 454 1492 os
490 1459 586 1492 non
619 1446 827 1502 mendax,
866 1445 988 1506 qnod
1028 1459 1136 1492 vera
1174 1445 1293 1492 dico.
1367 1445 1512 1491 Petite
1550 1459 1635 1505 pro
1673 1459 1761 1501 me,
1797 1452 1849 1492 ut
1886 1460 2163 1508 consequar.

179 1514 280 1563 Non
318 1515 570 1563 secundum
606 1528 790 1562 carnem
827 1514 959 1561 vobis
999 1515 1191 1576 scripsi,
1239 1514 1323 1561 sed
1362 1513 1615 1561 secundum
1658 1513 1736 1573 Dei
1774 1516 2072 1573 sententiam,
2123 1517 2161 1563 si

181 1586 340 1647 patiar.
424 1612 427 1615 -
1427 1593 1430 1596 ’

317 1693 408 1740 XX.
480 1693 756 1742 Mementote
793 1693 839 1740 in
877 1695 1083 1742 oratione
1120 1702 1272 1742 vestra
1310 1695 1534 1743 ecclesiae
1572 1695 1754 1758 Syriae,
1796 1689 1929 1758 ⁴'quae
1967 1711 2056 1758 pro
2090 1711 2164 1745 me

177 1766 320 1813 utitur
366 1771 554 1827 pastore
590 1765 698 1812 Deo.
773 1762 909 1811 Solus
958 1766 1104 1827 ipsam
1138 1766 1265 1813 Iesus
1302 1766 1512 1813 Christus
1558 1767 1762 1814 visitabit
1812 1781 1865 1813 ac
1914 1767 2010 1815 vice
2060 1768 2163 1828 Epi-

178 1836 310 1897 scopi
359 1841 515 1896 reget,
568 1839 615 1881 et
665 1841 818 1882 vestra
855 1835 1037 1882 caritas.
1125 1835 1299 1882 Salutat
1349 1849 1429 1882 vos
1489 1850 1620 1883 meus
1668 1837 1857 1898 spiritus
1896 1843 1941 1884 et
1997 1838 2160 1883 caritas

179 1905 495 1962 ecclesiarum,
535 1918 651 1966 quae
688 1918 762 1950 me
799 1910 1104 1966 susceperunt
1141 1906 1188 1951 in
1222 1900 1407 1952 nomine
1445 1906 1550 1952 Iesu
1580 1905 1762 1962 Christi,
1801 1920 1894 1951 non
1934 1912 2158 1967 tamquam

181 1980 510 2021 transeuntem.
581 1973 759 2021 Etenim
795 1987 912 2034 quae
948 1988 1021 2020 me
1059 1988 1153 2021 nou
1192 1981 1503 2021 convenerunt
1539 1975 1584 2021 in
1621 1975 1705 2032 via,
1743 1989 1860 2036 quae
1901 1981 1972 2021 est
2001 1989 2162 2023 secun-

183 2043 291 2091 dum
328 2057 526 2100 carnem,
562 2057 635 2089 me
673 2042 957 2089 deduxerunt
993 2044 1038 2090 in
1070 2043 1340 2090 civitatibus

320 2168 428 2214 xxi.
499 2167 676 2230 Scripsi
711 2174 862 2214 autem
898 2167 1013 2214 haec
1050 2168 1107 2214 ad
1143 2180 1223 2215 vos
1262 2166 1456 2231 Smyrna
1489 2183 1575 2232 per
1596 2169 1822 2231 Ephesios
1859 2170 2023 2218 merito
2061 2170 2164 2218 bea-

185 2247 273 2287 tos.
347 2240 428 2285 Est
464 2249 571 2285 vero
605 2251 785 2285 mecum
823 2251 926 2284 cum
965 2237 1119 2285 multis
1156 2238 1256 2285 aliis
1295 2238 1470 2285 Crocus
1519 2254 1730 2300 quoque,
1778 2253 1947 2287 nomen
1985 2241 2164 2288 deside·

184 2309 366 2366 rabile,
395 2321 557 2355 eorum
594 2309 673 2369 qui
707 2321 887 2355 mecum
923 2314 1147 2354 venerunt
1183 2322 1208 2354 e
1247 2308 1378 2370 Syria
1416 2309 1473 2354 ad
1511 2310 1702 2370 gloriam
1739 2308 1834 2356 Dei.
1907 2309 1998 2355 Ista
2035 2310 2163 2357 vobis

185 2379 349 2441 scripsi
386 2390 510 2425 nono
546 2377 734 2425 Kalend.
773 2376 1071 2438 Septembris.
1144 2377 1298 2424 Valete
1336 2385 1588 2439 perpetuo,
1627 2378 1807 2435 dilecti,
1844 2378 1887 2424 in
1925 2379 2167 2427 tolerantia

184 2449 288 2495 Iesu
323 2448 505 2494 Christi.
575 2447 736 2496 Amen.

323 2570 458 2621 XXll.
540 2570 634 2620 Sed
682 2576 754 2619 est
806 2572 920 2619 haec
971 2571 1156 2633 quidem
1218 2571 1426 2634 epistola.
1513 2573 1618 2635 Ipse
1678 2580 1827 2622 autem
1874 2574 2010 2635 paulo
2061 2581 2168 2637 post

185 2642 379 2705 Smyrna
415 2638 640 2689 deductus
677 2655 703 2688 a
729 2641 946 2688 militibus
986 2657 1087 2689 cum
1121 2642 1374 2704 appulisset
1397 2644 1621 2690 Troadam
1662 2651 1708 2691 et
1729 2643 1979 2706 Neapolim,
2018 2651 2167 2692 trans-

185 2713 237 2760 iit
285 2711 430 2775 pedes
478 2723 565 2773 per
612 2711 851 2773 Philippos
889 2718 935 2758 et
970 2712 1298 2770 Macedoniam,
1333 2726 1410 2759 eas
1450 2728 1565 2774 quae
1605 2720 1712 2760 sunt
1761 2715 1807 2760 in
1857 2714 1925 2760 via
1970 2713 2167 2762 invisens

186 2780 427 2838 ecclesias,
464 2787 599 2842 atque
634 2781 681 2827 in
720 2782 788 2828 eis
817 2781 1006 2838 docem,
1046 2783 1307 2839 exhortanS,
1350 2783 1600 2841 disserens,
1640 2783 1828 2831 fratrum
1856 2784 2161 2845 simpliciores

187 2866 241 2899 ac
276 2849 601 2897 imbecilliores
645 2850 923 2898 confirmans
959 2858 1006 2899 et
1039 2851 1273 2909 efficienS,
1322 2859 1372 2899 ut
1421 2867 1580 2899 omnes
1630 2853 1867 2914 vigilarent
1915 2859 2163 2914 essentque

188 2919 347 2967 sobrii.
418 2918 529 2966 Cum
565 2932 674 2967 vero
720 2921 1006 2979 pervenisset
1044 2920 1282 2983 Epidamni
1321 2919 1506 2984 Epirum
1557 2935 1608 2968 ac
1657 2937 1781 2968 mare
1835 2921 2167 2968 transmisisset

187 2987 466 3035 Adriaticum
503 2992 551 3034 et
574 2986 875 3050 Tyrrhenum,
913 2990 1102 3051 appellit
1124 2991 1431 3038 Romanorum
1460 2991 1694 3038 Puteolos,
1767 2990 1975 3051 Hospitio
2014 2997 2164 3037 autem

191 3064 411 3119 exceptus
449 3055 585 3103 simul
622 3069 725 3102 cum
761 3056 981 3105 militibus
1016 3059 1071 3113 ab
1114 3059 1183 3116 iis,
1226 3061 1304 3120 qui
1343 3061 1434 3107 illic
1473 3067 1604 3108 erant
1642 3059 1867 3116 fidelibuS,
1908 3060 2164 3120 traditaque

189 3126 281 3173 illic
303 3139 491 3187 quoque
518 3124 789 3172 salutatione
814 3126 860 3171 in
887 3126 1092 3183 Domino,
1114 3130 1235 3175 venit
1259 3129 1460 3186 Romam
1487 3136 1534 3177 et
1561 3130 1736 3176 sistitur
1753 3134 1854 3175 ante
1879 3127 2166 3176 Praefectum

190 3195 340 3243 Urbis.
410 3194 453 3241 ls
491 3208 604 3256 ergo
642 3194 969 3256 Theophorum
995 3195 1198 3254 intuitus,
1223 3197 1481 3260 litterisque
1506 3199 1799 3261 Imperatoris
1823 3198 2036 3259 acceptis,
2064 3212 2167 3245 cum

278 3328 375 3385 Cap.
405 3328 484 3373 XX.
546 3328 589 3384 1)
619 3327 675 3371 lta
705 3329 846 3383 AEN,
889 3323 998 3371 ἀντ’
1031 3324 1147 3388 ἐμοῦ
1292 3329 1516 3384 Cap.XX11.
1564 3327 1604 3432 12
1637 3328 1723 3399 1⁸12
1751 3325 2003 3387 ἔπιδάμνω
2031 3326 2170 3384 ἤπει-

1207 3386 1346 3443 ρονΕ,
1378 3384 1463 3440 τὴν
1496 3383 1548 3430 ἐν
1603 3401 1657 3429 πι
1695 3399 1830 3443 αμνω
1859 3383 2059 3445 ἤπειρον
2090 3387 2135 3428 Ν.

279 3499 362 3552 Cap
550 3500 569 3542 ι
625 3497 841 3552 “0190va
874 3500 904 3540 Ν
927 3500 954 3540 Α
1002 3499 1039 3539 in
1071 3498 1149 3539 hoc
1292 3456 1339 3508 2)
1373 3453 1480 3503 τοὺς
1510 3457 1666 3498 restitui
1694 3468 1739 3496 cx
1761 3458 1819 3521 Αἱ·
1838 3453 1921 3506 τὰς
1948 3456 2027 3498 ΕΝ
2063 3457 2166 3509 vulg.

195 3555 357 3608 quidem
387 3558 562 3599 ποθειν
590 3566 620 3599 ν
650 3556 839 3597 secundis
871 3555 991 3596 curis.
1293 3521 1341 3579 3)
1372 3525 1430 3567 ΑΙ·
1462 3522 1684 3607 ἆπῗδοὺς”
1720 3526 1799 3568 σοι·

196 3609 331 3708 Coum
360 3610 640 3671 σεπῖεβρέου
667 3613 698 3653 Ε
728 3618 768 3653 et
797 3625 879 3654 var.
912 3612 1005 3653 lect.
1042 3610 1147 3664 apud
1291 3595 1339 3716 ‘g
1369 3592 1597 3706 3(ῐῖἷίηέ
1616 3595 1674 3637 ΑΙ·
1705 3596 1814 3648 al’u‘¹
1846 3596 1934 3638 (3⁰²-

192 3385 323 3495 nugi)
433 3440 566 3491 ιστὸς
593 3442 708 3484 deest
737 3443 776 3483 in
811 3443 868 3483 ΑΙ.
905 3443 985 3483 Cot.
