2340 3900
180 189 275 241 168

177 323 242 395 μὴ
280 321 442 375 εύνοια
477 319 675 384 άκαιρος
708 317 917 386 γένησθέ
952 339 1046 385 μοι.

178 395 246 445 ὠν
282 394 460 444 ε’νεστιν
500 391 627 439 Θεοῦ
672 387 921 454 ἐπιτυχεῖν.

180 465 296 530 ρίων
333 457 615 543 άλήθωμαι,
655 456 739 508 ἕνα
774 455 994 526 καθαρὸς
1029 455 1170 544 άρτος
1219 456 1406 548 εὑρεθῶ
1455 464 1540 510 τοῦ
1583 462 1810 546 Χριστοῦ.

584 187 792 235 lGNATlI
828 187 1094 234 EPISTOLA
1133 188 1200 234 AD
1235 188 1510 236 ROMANOS.
1552 189 1619 236 IV.
1657 190 1703 235 V.

1102 316 1282 385 ’Ἀφετέ
1315 340 1372 388 με
1420 321 1611 388 θηρίων
1656 314 1780 370 εἶναι
1819 315 1994 403 βορὰν,
2041 319 2090 368 δι

994 385 1155 450 ΣῖτόςῙ
1191 391 1284 476 εἶμι
1326 392 1474 453 Θεοῦ,
1522 389 1604 440 καὶ
1651 385 1717 439 δι’
1769 384 1983 438 ὀδόντων
2022 393 2118 452 θη-

1885 455 2116 506 Μᾶλλον*

177 526 492 582 κολακεύσατε
520 524 578 578 τὰ
613 527 780 615 θηρία,
817 527 900 578 ι’να
934 547 1016 594 μοι
1049 525 1203 594 τάφος
1236 529 1488 616 γένωνται,
1527 529 1609 578 καὶ
1643 524 1792 592 μηδὲν
1826 525 2118 576 καταλίπωσι

177 605 263 651 τοῦ
301 596 519 663 σώματός
554 615 660 662 μου,
698 596 780 646 ι’να
814 594 878 663 μὴ
911 598 1165 665 κοιμηθεις
1193 597 1346 664 βαρύς
1378 618 1470 649 τινι
1503 596 1751 682 γένωμαι.

1800 591 1918 645 Τότε
1952 593 2119 659 ἔσομαι

180 664 405 735 μαθητης
435 665 633 749 άληθῶς
667 670 755 716 τοῦ
794 671 1030 754 Χριστοῦ,
1067 688 1148 720 οτε
1183 666 1297 719 οὐδὲ
1331 665 1384 718 τὸ
1423 664 1559 732 σῶμά
1595 685 1687 731 μου
1724 660 1751 714 ὁ
1786 659 1967 728 κόσμος
2001 660 2118 727 dwe-

178 758 267 789 ται.

177 807 292 858 των3
330 807 484 857 θυσία
502 801 724 888 εὑρεθῶ.

339 732 665 787 Λιτανεύσατε
698 732 785 787 τὸν
823 734 1033 824 Χριστὸν
1067 735 1188 804 ὑπὲρ
1223 738 1355 804 ἐμοῦ,
1396 737 1477 787 ἵνα
1513 732 1593 785 διὰ
1625 738 1720 785 τῶν
1757 729 1978 819 ὀργάνων
2011 728 2119 783 τού-

801 803 901 894 Οὐχ
936 827 1001 867 ως
1038 806 1225 875 Πέτρος
1258 807 1339 858 καὶ
1380 803 1598 864 Παῦλος4
1646 800 1957 867 διατάσσομαι
1987 798 2116 867 ὑμῖν,

171 874 382 927 Ἐκεῖνοι
417 871 702 938 ἀπόστολοι,
740 873 831 942 ἐγὼ
864 874 1170 964 κατάκριτος·
1208 876 1381 927 ἐκεῖνοι
1417 871 1688 941 ἐλεύθεροι,
1693 872 1711 898 ⁵
1750 868 1842 958 ἐγω
1892 869 1944 922 δὲ
1961 870 2119 955 μέχρι

177 951 269 997 νῦν
306 947 492 1005 δοῦλος.

180 1016 232 1067 ἐν
268 1012 399 1085 αὐτῷ
436 1010 707 1082 ἐλεύθερος.

556 939 684 995 ”Αλλ
726 943 810 997 ἐὰν
844 943 1017 1009 πάθω,
1055 942 1401 1032 ἀπελεύθερος6
1431 942 1618 1010 Ἰησοῦ,
1665 942 1748 994 καὶ
1794 937 2121 1007 ἆναστήσομαι

783 1019 896 1067 Νῦν
928 1013 1166 1082 μανθάνω
1204 1014 1452 1081 δεδεμένος
1488 1011 1638 1080 μηδὲν
1670 1010 1961 1077 έπιθυμεῖνέ

934 1202 982 1247 V.
1052 1202 1174 1251 Mori
1212 1203 1358 1262 cupio.

1353 1337 1375 1347 ιν

313 1331 437 1387 Ἀπὸ
471 1334 673 1401 Συρίας1
709 1333 842 1400 μέχρι
874 1330 1057 1400 Ῥώμης
1092 1340 1403 1401 θηριομαχω,
1409 1332 1427 1358 ²
1467 1328 1548 1382 δια
1567 1336 1688 1427 3γῆς
1733 1330 1816 1382 καὶ
1861 1327 2123 1398 θαλάσσης,

181 1402 358 1465 νυκτὸς
407 1405 490 1455 καὶ
533 1402 736 1493 ἡμέρας,
787 1403 1039 1488 δεδεμένος
1093 1403 1207 1454 δέκα
1256 1399 1585 1491 λεοπάρδοις,3

178 1472 363 1562 τάγμα·
395 1475 443 1524 οἱ
475 1474 558 1525 καὶ
595 1470 998 1542 ετ’)εργετούμενοι4
1031 1474 1219 1559 χείρους
1252 1473 1479 1539 γίνονται.

1633 1400 1662 1452 6
1697 1400 1795 1452 ἐστι
1830 1405 2130 1488 στρατιωτῶν

1543 1469 1634 1521 Ἐν
1670 1469 1722 1520 δὲ
1756 1476 1856 1531 τοῖς
1896 1467 2130 1537 ἀδικήμα-

183 1560 259 1594 σιν
306 1542 466 1594 αὐτῶν
512 1548 692 1610 μᾶλλον
737 1543 1101 1609 μαθητεύομαι,
1152 1539 1298 1605 ,cmm
1349 1539 1407 1592 οὗ
1442 1538 1573 1608 παρὰ
1607 1545 1748 1591 τοῦτο
1763 1542 2132 1626 δεδικαίωμαι(

173 1611 433 1679 Ὀναίμην6
480 1617 577 1664 τῶν
624 1615 816 1701 θηρίων
868 1617 964 1663 τῶν
997 1612 1118 1696 ἐμοὶ
1162 1608 1547 1677 ητοιμασμένων,
1595 1610 1678 1661 καὶ
1722 1606 1918 1677 εὔχομαι
1966 1606 2133 1676 ετοιμά

181 1703 262 1748 μοι
299 1680 585 1748 ευρεθηναι·
625 1703 656 1732 α
689 1682 769 1733 καὶ
806 1678 1093 1745 κολακεύσω,
1132 1678 1379 1747 συντόμως
1413 1701 1470 1746 με
1502 1686 1812 1768 καταφαγεῖν,
1849 1678 1937 1747 οὐχ
1974 1680 2132 1766 ὥσπερ

180 1773 324 1803 τινων
376 1748 707 1817 δειλαινόμενα
755 1749 841 1817 οὐχ
887 1750 1096 1817 ἥψαντο.

182 1819 298 1905 εγὼ
320 1818 711 1906 προσβιάσομαι]

180 1887 415 1958 γινώσκω.

796 1818 1098 1906 Συγγνώμην
1156 1840 1238 1886 μοι
1287 1820 1452 1887 ε’χετε·8

493 1893 607 1940 Νῦν
643 1887 867 1978 άρχομαι
883 1887 1109 1956 μαθητὴς
1144 1885 1303 1940 εἶναι.9

181 1965 277 2011 τῶν
324 1960 406 2011 καὶ
453 1955 698 2043 ἀοράτων,
746 1959 829 2009 ι’να
854 1955 1016 2024 Ἰησοῦ
1057 1963 1271 2025 Χριστοῦ
1319 1956 1539 2024 ἐπιτύχω

182 2030 374 2115 θηρίων
407 2047 457 2078 τε
493 2025 761 2090 συστάσεις,
799 2024 1064 2093 ανατομαὶ,
1101 2027 1384 2112 διαιρέσεις,

1171 1748 1281 1802 Κᾶν
1324 1748 1447 1803 αὐτὰ
1496 1748 1548 1800 δὲ
1595 1746 1774 1801 άκοντα
1819 1748 1884 1816 μὴ
1929 1747 2132 1837 θελήσῃ,

1503 1821 1549 1870 τί
1601 1839 1683 1885 μοι
1729 1819 1991 1907 συμφέρει,
2035 1802 2133 1906 ἐγω

1377 1888 1558 1954 Μηδέν
1592 1908 1649 1954 με
1685 1887 1868 1955 ζηλωση
1903 1891 1999 1940 τῶν
2021 1887 2133 1976 ὁρα-

1622 1962 1735 2025 Πῦρ
1780 1941 1864 2009 καὶ
1911 1957 2133 2027 σταυρὸς,

1385 2029 1421 2053 ¹⁰
1459 2028 1745 2111 σκορπισμοι
1781 2026 1984 2090 ὀστέων,
2021 2045 2133 2114 συγ-

181 2095 309 2185 κοπὴ
348 2101 518 2164 μελῶν,
558 2093 762 2163 ἆλησμοὶ
797 2095 915 2148 όλου
951 2102 1039 2149 τοῦ
1077 2094 1310 2163 σώματος,
1345 2096 1492 2148 κακαὶ
1526 2093 1745 2157 κολάσεις
1778 2102 1866 2150 τοῦ
1902 2069 2135 2165 διάβόλου

183 2165 261 2219 ἐπ’
303 2167 383 2234 ἐμὲ
421 2166 751 2234 ἑρχέσθωσαν,
792 2164 943 2233 μόνον
979 2188 1060 2219 ινα
1087 2164 1250 2234 Ἰησοῦ
1293 2170 1506 2235 Χριστοῦ
1545 2163 1770 2234 ἐπιτύχω.

269 2418 364 2470 Cap.
412 2419 472 2460 IV.
541 2417 582 2468 1)
626 2418 861 2459 Praeclarae
909 2418 1128 2459 sententiae

185 2476 234 2516 ab
265 2474 417 2525 Ignatio
446 2474 669 2526 scripturae
699 2488 805 2515 nunc
844 2481 883 2515 et
925 2475 966 2514 in
1002 2487 1129 2525 agone

183 2537 326 2584 postea
358 2542 428 2570 ore
461 2530 590 2570 editae
622 2530 751 2570 varias
783 2530 1005 2580 lectiones,
1038 2530 1131 2570 abs-

185 2600 261 2641 que
292 2599 433 2627 sensus
465 2586 706 2635 diversitate,
738 2586 904 2637 colliges
935 2598 980 2626 ex
1004 2587 1131 2625 Inter-

183 2643 384 2696 polatore,
413 2641 724 2693 Interpretibus,
753 2642 860 2682 Actis
890 2642 1051 2693 Ignatii,
1086 2654 1132 2681 ac

186 2700 350 2740 Menaeo
386 2698 643 2745 Graecorum,
674 2710 748 2738 nec
777 2711 858 2737 non
889 2710 935 2738 ex
966 2698 1130 2738 Irenaeo

184 2756 226 2795 V.
261 2754 326 2795 28.
364 2753 562 2803 Eusebio,
602 2754 650 2793 H.
681 2754 726 2794 E.
754 2754 828 2802 ΙΙΙ,
858 2754 924 2795 36.
990 2754 1131 2793 Rufino

186 2810 348 2850 ibidem.
407 2809 693 2861 Hieronymus:
733 2808 924 2863 ,Cumque
953 2810 1031 2850 iam
1062 2810 1134 2849 da-

184 2871 341 2907 mnatus
372 2870 478 2906 esset
509 2865 560 2904 ad
578 2865 740 2915 bestias,
770 2866 915 2907 ardore
943 2865 1133 2917 patiendi,

186 2935 274 2962 cum
303 2921 506 2972 rugientes
536 2920 692 2961 audiret
722 2921 884 2972 leones,
928 2922 1000 2962 ait:
1033 2922 1134 2961 Fru-

183 2984 358 3018 mentum
390 2977 536 3018 Christi
566 2989 672 3027 sum,
704 2977 887 3018 dentibus
916 2977 1134 3017 bestiarum

185 3034 339 3083 molar,
369 3038 414 3073 ut
438 3033 554 3084 panis
587 3034 758 3074 mundus
788 3033 994 3074 inveniar!
1057 3034 1131 3082 tDe

184 3090 262 3130 Vir.
300 3089 426 3129 Illust.
467 3102 500 3128 c.
535 3089 597 3130 16.
648 3089 751 3142 Opp.
774 3089 811 3129 2.
855 3102 895 3142 Ρ.
934 3089 1028 3131 843.
1071 3089 1132 3129 ed.

183 3146 370 3194 Vallars.)
420 3144 536 3185 Cotel.

268 3202 378 3257 2)μ
383 3200 520 3242 ἄλλον
548 3197 602 3242 δὲ
631 3199 729 3241 Cod.
758 3201 981 3252 Angelicus.
1012 3200 1090 3252 (A).

273 3257 318 3305 3)
340 3215 619 3297 Gallicciolli.
649 3269 724 3309 per
758 3258 827 3297 tali
860 3258 995 3298 mezzi.
1035 3258 1134 3298 Gra-

184 3313 311 3353 ziani:
343 3324 418 3364 per
444 3325 580 3353 mezzo
615 3313 655 3352 di
685 3314 814 3365 questi
841 3315 1061 3354 sti-omenti.

269 3368 314 3412 4)
344 3368 518 3419 ignatius
567 3368 673 3409 Petri
733 3375 773 3410 et
815 3369 927 3410 Pauli
978 3369 1131 3411 idcirco

186 3424 377 3474 meminit,
409 3424 518 3477 quod
544 3424 649 3465 inter
678 3437 814 3466 omnes
847 3425 993 3466 Christi
1013 3426 1134 3467 disci-

184 3480 304 3532 pulos
341 3485 380 3520 et
412 3486 631 3521 sectatores
674 3481 751 3533 ipsi
782 3481 986 3533 evangelio
1016 3495 1136 3534 prae-

188 3535 359 3576 dicando
395 3542 433 3576 et
465 3536 648 3577 docendo
679 3537 923 3588 eminebant,
963 3538 1137 3591 ideoque

186 3591 422 3631 auctoritate
490 3592 660 3644 quadam
727 3593 903 3645 insigniti
971 3595 1138 3647 reliquis

185 3648 455 3698 praestabant.
515 3648 626 3688 Unde
656 3648 805 3701 miror,
855 3649 964 3704 quod
998 3651 1139 3691 Iacob-

1186 2430 1309 2459 sonus
1342 2431 1480 2460 eorum
1510 2419 1703 2470 Ignatium
1722 2420 1948 2462 meminisse
1977 2422 2130 2472 scribit,

1188 2475 1337 2527 quippe
1360 2475 1427 2527 qui
1453 2487 1498 2515 ex
1521 2475 1668 2515 sanctis
1684 2475 1889 2527 Apostolis
1907 2478 2006 2519 solis
2019 2478 2138 2519 Chri-

1188 2531 1326 2570 stianis
1357 2530 1544 2571 Romanis
1577 2530 1842 2573 interfuerint.

1276 2587 1319 2633 5)
1348 2587 1376 2626 1.
1409 2599 1443 2626 e.
1473 2586 1623 2627 saeculi
1654 2587 1924 2630 infirmitatum
1967 2590 2136 2633 vinculis

1190 2642 1375 2694 expediti.

1276 2699 1321 2750 6)
1354 2697 1594 2738 Cfr.1Cor.
1654 2699 1761 2749 ,22

1272 2755 1316 2804 7)
1348 2751 1604 2811 ἐπιθυμεῖν
1631 2753 1859 2812 κοσμικόν
1890 2750 1918 2809 ἢ
1931 2755 2138 2822 μοίταιον

1190 2811 1260 2851 Ms
1300 2810 1476 2852 Colbert.
1522 2817 1561 2851 et
1601 2812 1791 2864 Interpol.
1834 2811 1991 2880 (etiam
2008 2813 2136 2855 Codd.

1190 2866 1377 2917 BFOV).
1434 2867 1552 2907 Vocc.
1595 2866 1821 2925 κοσμικὸν
1864 2864 1892 2922 ἢ
1931 2866 2138 2926 μάταιον

1191 2922 1436 2963 excludenda
1454 2923 1690 2965 videbantur
1712 2938 1744 2965 c.
1764 2931 1839 2965 vet.
1864 2926 1950 2976 Int.,
1972 2927 2059 2979 Syr.
2088 2927 2137 2977 1.,

1188 2979 1292 3019 Arm.
1330 2978 1350 3019 1
1385 2985 1423 3019 et
1444 2979 1482 3020 2.
1539 2981 1702 3021 Rectum
1734 2980 1813 3021 iam
1846 2981 1945 3022 vidit
1975 2982 2137 3023 Vossius

1220 3065 1372 3142 Cap.
1401 3091 1444 3131 V.
1487 3090 1527 3140 1)
1549 3090 1702 3132 Cltatur
1714 3093 1868 3145 integra
1890 3094 1990 3134 haec
2009 3093 2135 3134 sectio

1190 3146 1238 3186 ab
1269 3147 1455 3198 Eusebio,
1486 3148 1533 3188 H.
1563 3149 1607 3188 E.
1638 3149 1702 3198 ΙΙΙ,
1732 3149 1799 3190 36.
1831 3155 1870 3190 et
1891 3149 2135 3202 Hieronymo

1189 3202 1229 3242 in
1281 3203 1426 3255 Script.
1479 3204 1589 3244 Eccl.
1649 3203 1866 3256 Catalogo:
1927 3216 1973 3244 ex
2024 3204 2135 3245 cuius

1190 3258 1451 3300 translatione
1479 3260 1619 3300 Latina
1648 3273 1791 3300 novam
1815 3260 2006 3301 Graecam
2037 3273 2136 3301 con-

1191 3315 1363 3354 cinnavit
1419 3316 1619 3367 interpres
1679 3316 1811 3368 >ipsius
1871 3316 2136 3368 Sophronius.

1189 3371 1470 3412 Producuntur
1516 3372 1593 3411 ista
1634 3384 1656 3411 a
1702 3372 1818 3412 Gilda
1864 3385 2045 3424 quoque,
2094 3373 2136 3413 in

1189 3426 1371 3478 Epistola
1402 3440 1479 3480 qua
1511 3427 1677 3478 castigat
1705 3427 1863 3468 Clerum
1898 3428 2136 3479 Britanniae,

1190 3482 1263 3523 sed
1295 3495 1339 3522 ex
1362 3483 1568 3523 Rufiniana
1589 3483 1751 3524 Eusebii
1781 3484 1974 3524 versione.
2008 3485 2135 3526 Usser.

1191 3538 1368 3579 Imitatus
1389 3545 1449 3579 est
1478 3539 1583 3579 hunc
1604 3538 1736 3580 locum
1758 3546 1897 3580 auctor
1911 3540 1952 3580 in
1970 3540 2134 3582 exordio

1191 3594 1300 3634 illius
1315 3594 1532 3647 Epistolae,
1563 3595 1691 3647 qualis
1721 3596 1795 3636 sub
1816 3596 1955 3647 Ignatii
1975 3596 2134 3637 nomine

1195 3651 1246 3691 ad
1276 3651 1494 3692 Tarsenses
1527 3650 1678 3703 scripta
1711 3652 1999 3694 circumfertur.
