2340 3900
452 185 663 234 chTn
698 185 969 232 EPlSTOLA
1002 188 1072 233 An
1104 187 1391 236 EPHESIOS.
1438 187 1551 236 VIII.
1586 188 1659 236 lx.
1696 189 1747 235 Χ.
1962 185 2060 238 129

95 323 375 373 credulitatis
394 329 516 379 sunt,
551 336 640 371 nec
662 323 970 382 incredulitas,
1009 339 1125 386 quae
1153 325 1273 375 fidei.
1326 328 1450 387 Quae
1472 304 1582 376 vero
1617 335 1664 376 et
1682 327 1935 376 secundum
1961 342 2056 380 car-

93 407 197 441 nem
231 394 379 456 agitis,
414 406 470 440 ea
505 392 759 454 spiritualia
794 399 927 451 sunt3
964 393 1011 440 in
1045 394 1150 443 lesu
1187 396 1369 445 Christo
1407 399 1529 446 enim
1566 399 1716 447 omnia
1750 398 1897 462 agitis.

101 546 452 604 incredulitatis,
487 560 576 594 nec
610 547 924 605 incredulitas,
961 562 1078 609 quae
1115 556 1222 596 sunt
1257 550 1377 598 fidei.
1447 551 1570 608 Quae
1617 559 1767 599 autem
1815 554 1947 601 etiam
1990 566 2059 601 se·

88 616 288 734 ¹cundum
326 630 508 664 carnem
541 616 714 677 facitis,
747 631 799 665 ea
834 617 1087 681 spiritualia
1122 625 1255 677 sunt3
1312 621 1461 668 omnia
1499 622 1618 669 enim
1654 622 1700 669 in
1738 621 1921 671 Christo
1959 622 2064 672 Iesu

108 686 251 733 acitis.

215 881 286 928 IX.
362 882 522 930 Falsis
556 883 822 930 doctoribus
855 897 950 929 non
978 883 1263 944 praebuistis
1297 897 1453 937 aures,
1488 899 1584 940 vos,
1622 888 1790 948 templa
1824 888 1929 936 Dei.

227 1007 341 1055 Novi
374 1015 539 1066 autem,
576 1007 823 1055 nonnullos
857 1007 949 1054 illic
986 1007 1238 1065 transiisse,
1277 1006 1355 1068 qui
1390 1007 1561 1056 habent
1595 1025 1855 1072 perversam
1894 1013 2059 1062 doctri·

87 1091 216 1135 nam3
265 1091 383 1139 quos
418 1091 512 1125 non
545 1077 822 1140 permisistis
859 1077 1087 1125 seminare
1124 1078 1244 1125 inter
1278 1091 1384 1134 νος,
1422 1084 1468 1125 et
1504 1079 1752 1127 obturastis
1790 1096 1947 1142 aures,
2002 1098 2061 1131 ne

87 1147 356 1210 reciperetis
406 1161 524 1209 quae
582 1146 639 1194 ab
675 1147 789 1209 ipsis
826 1153 935 1195 sunt
969 1147 1286 1206 disseminata,
1338 1153 1391 1194 ut
1421 1148 1500 1209 qui
1536 1148 1711 1211 lapides
1758 1152 1856 1198 sitis
1903 1153 2061 1216 templi

92 1217 253 1276 Patris,
289 1217 546 1280 praeparati
581 1216 628 1264 in
663 1216 745 1264 nei
778 1217 927 1264 Patris
963 1216 1246 1275 aedificium,
1281 1216 1446 1264 sublati
1482 1218 1529 1264 in
1569 1219 1655 1266 alta
1689 1232 1776 1282 per
1809 1222 2063 1270 machinam

94 1286 197 1335 lesu
235 1286 418 1345 Christi,
454 1301 570 1349 quae
607 1293 679 1335 est
713 1300 839 1345 crux,
877 1286 1050 1349 Spiritu
1085 1294 1244 1335 sancto
1282 1301 1367 1350 pro
1396 1287 1506 1335 sune
1528 1295 1741 1347 utentes;
1777 1289 1893 1339 fides
1915 1298 2064 1340 autem

91 1363 240 1405 vestra
275 1371 356 1404 vos
406 1371 591 1405 sursum
625 1356 791 1413 trahit,
846 1357 1046 1404 charitas
1094 1372 1202 1404 vero
1238 1358 1309 1404 via
1345 1357 1579 1406 deducens
1626 1359 1683 1406 ad
1718 1359 1872 1407 Deum.
1942 1361 2062 1409 Estis

90 1428 231 1490 igitur
265 1433 315 1474 et
347 1428 445 1475 viae
481 1427 674 1475 comites
697 1441 873 1485 omues,
910 1426 1079 1475 Deiseri
1106 1434 1155 1475 et
1179 1427 1455 1490 Templil'eri,
1491 1427 1764 1486 Christiferi,
1803 1428 2061 1488 Sanctiferi,

86 1511 174 1561 per
208 1497 366 1544 omnia
409 1498 559 1545 ornati
599 1497 860 1560 praeceptis
905 1496 1010 1545 lesu
1047 1496 1243 1556 Christi3
1292 1505 1484 1561 propter
1537 1512 1654 1560 quos
1710 1498 1888 1557 exulto,
1940 1501 2065 1562 quod

90 1566 256 1630 dignus
290 1566 472 1615 habitus
509 1567 621 1626 sim,
671 1581 758 1630 per
791 1581 872 1625 ea,
919 1581 1036 1630 quae
1073 1567 1252 1626 scribo,
1302 1566 1505 1629 colloqui
1539 1567 1801 1627 vobiscum,
1848 1575 1895 1616 et
1930 1570 2065 1617 simul

89 1637 318 1701 gaudet-03
364 1638 485 1701 quia,
520 1638 699 1686 ratione
736 1636 926 1686 alterius
961 1637 1079 1685 vitae
1116 1637 1285 1698 habita,
1323 1638 1438 1686 nihil
1476 1637 1661 1701 diligitis
1697 1645 1883 1702 praeter
1919 1639 2066 1688 solum

90 1706 258 1757 neuim
783 1731 786 1733 Α
1525 1727 1534 1735 ·

225 1856 251 1885 *
285 1862 358 1910 tx.
424 1861 539 1910 Novi
574 1868 724 1910 autem
769 1860 1017 1909 nonnullos
1054 1860 1204 1909 obiter
1239 1862 1377 1909 isthic
1414 1863 1715 1921 divertentes,
1770 1865 1848 1925 qui
1899 1865 2068 1912 habent

93 1931 348 1981 doctrinam
383 1946 663 1995 perversam.
734 1931 878 1989 Quam
913 1938 966 1978 ut
1000 1932 1121 1978 iuter
1154 1945 1236 1978 vos
1273 1932 1599 1990 disseminent,
1634 1947 1923 1994 nequaquam
1959 1950 2061 1997 per·

93 2002 276 2059 mittite,
312 2001 582 2050 obturantes
618 2014 770 2059 aures,
806 2014 865 2047 ne
902 2000 959 2048 ab
997 2000 1110 2062 ipsis
1157 2000 1450 2048 disseminata
1485 2003 1733 2063 recipiant3
1782 2004 1950 2065 quippe
1989 2005 2066 2065 qui

93 2071 210 2119 estis
245 2070 421 2133 lapides
458 2070 614 2133 templi
649 2070 795 2118 Patris
831 2070 1090 2131 praeparati
1127 2069 1183 2116 ad
1206 2069 1568 2118 aedificationem
1595 2071 1672 2117 Dei
1698 2071 1859 2129 Patris,
1900 2072 2064 2119 sublati

95 2140 143 2187 in
177 2139 316 2188 altum
352 2154 439 2202 per
471 2140 729 2187 machinam
765 2137 869 2186 lesu
907 2139 1088 2195 Christi,
1126 2152 1243 2200 quae
1282 2146 1355 2187 est
1391 2154 1515 2197 crux,
1551 2154 1637 2201 pro
1686 2140 1888 2188 funiculo
1935 2148 2064 2189 uteu-

97 2214 167 2256 tes
213 2210 379 2272 spiritu
429 2215 608 2257 sancto.
679 2207 815 2256 Fides
851 2215 1000 2256 autem
1036 2215 1187 2255 vestra
1224 2216 1316 2266 est,
1369 2224 1485 2271 quae
1533 2223 1613 2256 vos
1646 2210 1812 2268 elevat3
1862 2211 2060 2258 charitas

95 2284 246 2327 auten
278 2279 350 2326 via
383 2292 568 2327 sursum
603 2277 661 2326 ad
698 2278 837 2326 Deum
890 2278 1163 2341 perducens.
1237 2278 1356 2325 Estis
1403 2279 1542 2340 igitur
1589 2292 1748 2326 omnes
1801 2280 1970 2327 Deileri
2019 2287 2066 2327 et

95 2347 341 2410 tempureri
392 2346 648 2395 Christiferi
700 2354 747 2395 et
793 2347 1051 2404 sanctiseri,
1098 2360 1183 2409 per
1235 2349 1386 2395 omnia
1435 2348 1582 2394 ornati
1652 2349 1912 2410 praeceptis
1957 2350 2060 2397 Iesu

96 2415 278 2464 Christi.
313 2417 370 2464 Bt
401 2417 605 2479 gaudeo,
641 2416 766 2479 quod
799 2431 884 2479 per
918 2417 1061 2472 haec,
1110 2430 1226 2476 quae
1263 2417 1444 2474 scribo,
1483 2430 1562 2463 vos
1602 2417 1770 2478 alloqui
1803 2420 2064 2476 meruerim,

93 2492 141 2533 et
176 2485 480 2550 congaudere,
520 2486 646 2549 quod
680 2486 727 2534 in
763 2485 939 2548 reliqua
973 2486 1062 2532 vita
1097 2483 1210 2532 nihil
1246 2486 1432 2549 diligitis
1464 2492 1647 2549 praeter
1682 2486 1833 2534 solum
1868 2488 2022 2536 Deum.

475 2694 528 2744 X.
608 2695 753 2745 Orate
778 2710 871 2759 pro
907 2696 1034 2751 aliis,
1069 2696 1170 2743 sitis
1204 2696 1349 2752 mites,
1385 2696 1583 2746 humiles
1619 2703 1702 2746 etc.

233 2819 326 2869 Sed
359 2828 408 2870 et
440 2835 528 2885 pro
560 2821 661 2870 aliis
696 2820 958 2870 hominibus
994 2820 1310 2874 indesinenter
1346 2829 1487 2871 orate.
1534 2823 1614 2870 Est
1650 2823 1771 2871 enim
1807 2824 1918 2885 ipsis
1956 2838 2064 2888 spes

96 2891 420 2952 poenitentiae,
454 2898 506 2940 ut
536 2891 679 2940 lleum
729 2892 1062 2939 nanciscantur.
1134 2892 1390 2940 Permittite
1427 2893 1578 2955 itaque
1617 2894 1768 2955 ipsos,
1817 2893 1975 2939 saltem
2014 2907 2067 2940 ex

98 2958 333 3022 operibus.
366 2973 393 3007 a
427 2959 556 3010 vohis
592 2960 779 3009 erudiri.
850 2960 960 3010 Sitis
994 2974 1077 3009 vos
1114 2962 1333 3010 adversus
1371 2961 1463 3011 iras
1513 2978 1673 3011 eorum
1714 2963 1871 3016 mites,
1910 2963 2064 3010 adver·

100 3042 182 3076 sus
220 3028 628 3092 magniloquentia·
663 3043 823 3086 eorum
857 3029 1066 3088 humiles,
1102 3045 1263 3079 eorum
1298 3032 1552 3081 maledictis
1591 3032 1808 3095 opponite
1844 3046 1923 3078 vos
1961 3044 2063 3093 pre-

98 3110 205 3154 ces,
250 3098 469 3147 adversus
513 3112 721 3148 errorem
765 3113 924 3148 eorum
971 3113 1053 3147 vos
1108 3099 1225 3147 firmi
1272 3110 1536 3163 permanete
1588 3103 1631 3149 in
1681 3101 1799 3158 fide,
1847 3101 2065 3148 adversus

96 3165 267 3215 efferos
318 3181 473 3217 mores
521 3167 702 3218 illorum
753 3182 835 3218 vos
885 3169 1108 3216 mansueti
1162 3169 1275 3216 sitis.
1356 3170 1455 3219 Non
1508 3174 1635 3235 ipsos
1686 3177 1844 3218 contra
1901 3170 2063 3217 imitari

231 3317 255 3344 ⁶
281 3321 334 3370 Χ.
402 3322 459 3371 Bt
492 3336 579 3386 pro
614 3322 714 3371 aliis
750 3321 1013 3371 hominibus
1050 3321 1363 3371 indesinenter
1398 3324 1555 3372 oratis.
1603 3324 1680 3370 Est
1715 3322 1834 3369 enim
1873 3321 1918 3368 in
1956 3322 2070 3384 ipsis

98 3403 208 3454 spes
242 3393 574 3455 poenitentiae,
623 3392 749 3455 quod
782 3392 921 3441 Deum
956 3392 1292 3439 nanciscentur.
1364 3393 1668 3449 Per-mittatis,
1709 3405 1847 3453 rogo,
1885 3391 1978 3449 eis,
2016 3398 2066 3438 ut

98 3460 234 3507 etiarn
268 3474 323 3509 ex
356 3461 576 3525 operibus
612 3461 824 3525 discipuli
862 3462 1002 3509 vestri
1042 3462 1163 3508 flant.
1232 3460 1459 3510 Adversus
1506 3464 1595 3509 iras
1632 3475 1789 3508 eorum
1827 3473 1906 3507 vos
1942 3474 2066 3508 man·

100 3530 235 3588 sueti,
273 3529 490 3580 adversus
525 3531 780 3581 iactantiam
806 3545 968 3580 eorum
1004 3545 1085 3578 vos
1123 3529 1317 3577 humiles
1353 3539 1515 3579 estote.
1571 3532 1735 3577 Contra
1763 3528 2064 3591 blasphemias

99 3597 302 3660 ipsorum
336 3613 420 3649 vos
453 3601 686 3650 orationes
722 3601 968 3664 opponite3
1007 3606 1164 3647 contra
1203 3612 1387 3648 errores
1426 3601 1628 3662 ipsorum
1679 3612 1759 3645 vos
1796 3597 1982 3647 stabiles
2019 3599 2065 3646 in

101 3664 208 3725 fide,
245 3675 406 3718 eontra
442 3667 622 3720 illorum
658 3670 880 3719 hiantem
915 3684 997 3718 vos
1033 3669 1282 3728 mansueti,
1335 3682 1618 3732 nequaquam
1655 3682 1738 3717 eos
1774 3674 1934 3717 contra
1970 3667 2066 3716 imi·

215 3745 370 3789 Panto
401 3758 543 3792 nost.
683 3734 694 3744 ’
1691 3745 1718 3788 9
