2340 3900
579 166 806 213 HERMAE
843 166 1072 212 PASTOR.
1142 167 1305 215 LIBER
1340 169 1373 216 Ι.

219 168 319 219 426
1446 170 1593 218 VISIO
1628 171 1702 218 111.
1739 167 1809 229 (A)

219 310 327 356 tur?
383 307 464 352 Alii
501 304 622 351 enim
656 303 834 364 priores
871 309 915 349 te
953 309 1058 350 sunt
1093 311 1138 351 et
1173 306 1383 354 meliores
1422 314 1493 362 te,
1545 308 1709 368 quibus
1759 307 2000 368 oportebat
2043 322 2167 356 reve-

219 378 299 423 lari
335 375 533 421 visiones
570 374 678 419 istas
692 365 745 428 3¹²
799 372 881 418 sed
916 378 967 418 ut
1003 373 1332 422 honorificetur
1373 391 1537 423 nomen
1561 378 1652 433 Dei,
1690 376 1771 422 tibi
1807 376 2053 423 revelatum
2079 384 2162 434 est,

219 452 263 492 et
298 443 566 490 revelabitur
599 436 829 502 *propter
878 440 1070 498 dubim,
1121 444 1198 503 qui
1235 445 1432 505 cogitant
1464 446 1510 491 in
1547 445 1762 491 cordibus
1800 444 1919 501 suiS,
1957 451 2167 493 utrumne

220 515 310 559 sint
361 513 498 568 haec,
551 525 605 556 an
656 524 746 556 non
796 502 939 558 sint.1³
1012 510 1091 557 Dic
1127 513 1242 570 illis,
1280 506 1440 573 quod¹‘²
1475 515 1586 560 haec
1623 514 1772 559 omnia
1810 519 1916 558 sunt
1949 528 2086 571 vera,
2123 521 2169 560 et

217 581 329 627 nihil
367 587 489 628 extra
526 580 761 626 veritatem
799 585 892 637 est3
942 580 1022 626 sed
1061 582 1210 627 omnia
1244 581 1373 628 firma
1409 589 1454 629 et
1479 589 1615 638 certa,
1646 574 1801 642 quae¹5
1829 582 2016 629 fundata
2038 580 2169 629 sunt.‘

356 701 482 762 (ἢν,
530 703 660 759 ,Audi
696 716 817 749 nunc
853 709 898 749 et
947 704 1002 750 de
1047 703 1285 765 lapidibus,
1331 706 1406 766 qui
1444 712 1551 752 sunt
1587 707 1632 751 in
1666 710 1905 751 structura.
1976 706 2167 767 Lapides

218 775 399 836 quidem
436 772 502 818 illi
541 772 747 832 quadrati
787 778 832 818 et
867 772 981 829 albi,
1020 775 1341 821 convenientes
1378 776 1424 820 in
1461 774 1771 820 commissuris
1808 775 1929 831 suis,
1975 768 2024 820 ii¹
2061 781 2169 821 sunt

218 842 413 905 apostoli
451 847 496 887 et
532 841 738 902 episcopi
776 847 820 887 et
856 840 1066 888 doctores
1104 850 1149 889 et
1184 843 1405 900 ministri,
1455 844 1533 903 qui
1580 842 1775 904 ingressi
1825 849 1931 888 sunt
1977 842 2024 888 in
2079 843 2166 890 cle-

216 912 382 959 mentia
419 910 522 966 Dei,
557 915 600 955 et
636 910 948 970 episcopatum
987 918 1252 972 gesserunt,
1291 918 1336 957 et
1385 911 1662 967 docuerunt,
1709 917 1753 957 et
1801 912 2168 958 ministraverunt

217 987 370 1028 sancte
406 985 452 1025 et
482 979 688 1026 modeste
729 979 885 1025 electis
923 979 1026 1033 Dei,
1066 981 1142 1040 qui
1190 980 1495 1033 dormierunt,
1546 981 1715 1041 quique
1751 980 1902 1026 adhuc
1941 986 2075 1036 sunt,
2124 987 2170 1027 et

216 1063 397 1109 semper
430 1060 532 1093 cum
568 1047 655 1093 illis
693 1055 1016 1104 convenerunt,
1054 1055 1099 1094 et
1135 1049 1179 1094 in
1216 1062 1266 1094 se
1303 1056 1461 1108 pacem
1499 1050 1771 1104 habuerunt,
1810 1054 1855 1094 et
1891 1063 1940 1096 se
1974 1048 2168 1095 invicem

216 1118 468 1165 audierunt.
540 1117 735 1176 Propter
758 1117 846 1163 hoc
883 1123 928 1162 et
962 1117 1006 1162 in
1043 1123 1318 1163 structuram
1345 1117 1485 1163 turris
1513 1118 1784 1164 conveniunt
1818 1110 2165 1164 commissurae²

216 1200 387 1234 eorum.
458 1185 543 1241 Qui
580 1199 686 1231 vero
725 1185 780 1231 de
817 1185 1044 1245 profundo
1081 1186 1354 1240 trahuntur,
1393 1192 1438 1231 et
1462 1185 1758 1246 imponuntur
1784 1187 1830 1231 in
1855 1178 2168 1243 structuram?

216 1262 260 1303 et
298 1254 569 1301 conveniunt
605 1254 930 1300 commissurae
968 1268 1126 1300 eorum
1167 1268 1266 1300 cum
1307 1255 1498 1300 caeteris
1538 1254 1777 1315 lapidibus,
1817 1256 1897 1314 qui
1930 1256 2018 1301 iam
2049 1254 2168 1301 aedi·

216 1324 336 1370 ficati
372 1329 503 1379 sunt;
555 1316 606 1367 ii4
641 1328 771 1378 sunt,
806 1323 883 1382 qui
920 1323 1007 1369 iam
1045 1323 1349 1379 dormierunt,
1389 1329 1435 1368 et
1470 1323 1592 1383 passi
1640 1329 1748 1368 sunt
1792 1336 1926 1371 causa
1970 1323 2168 1370 nominis

216 1389 420 1438 Domini.‘
492 1391 684 1445 ,Caeteri
720 1397 869 1438 autem
908 1392 1104 1452 lapides,
1145 1391 1222 1451 qui
1258 1391 1615 1451 adportabantur
1650 1405 1676 1436 a
1712 1398 1859 1449 terra,
1895 1393 1999 1440 volo
2048 1391 2168 1439 scire

219 1461 297 1522 qui
334 1465 453 1515 sunt,
492 1453 742 1505 domina2‘5
790 1461 884 1505 Ait:
930 1475 1027 1516 ,eos
1066 1460 1280 1519 quidem,
1316 1460 1393 1518 qui
1428 1460 1474 1504 in
1511 1453 1699 1506 terram⁰
1750 1461 1942 1518 vadunt,
1993 1468 2038 1508 et
2073 1475 2168 1507 non

217 1536 322 1576 sunt
364 1528 513 1590 politi,
557 1528 658 1573 illos
690 1528 807 1574 Deus
856 1528 1065 1588 probavit
1080 1522 1112 1584 ,⁷
1163 1527 1375 1588 quoniam
1424 1529 1619 1589 ingressi
1664 1535 1769 1574 sunt
1814 1530 1858 1575 in
1895 1529 2167 1590 aequitatem

216 1598 420 1653 Domini,
460 1604 504 1642 et
542 1596 804 1654 direwunt
842 1592 953 1643 vias⁸
991 1598 1035 1642 in
1072 1596 1292 1642 mandatis
1332 1597 1444 1643 eius.
1517 1597 1599 1652 Qui
1636 1603 1784 1643 autem
1818 1595 2084 1654 afferuntur,
2122 1604 2167 1644 et

215 1672 447 1728 ponuntur
484 1666 526 1711 in
565 1672 793 1711 structura
824 1666 987 1719 turris,
1025 1659 1075 1711 ii⁹
1116 1672 1222 1711 sunt
1258 1666 1421 1711 novelli
1458 1666 1503 1711 in
1541 1664 1651 1721 fide,
1701 1671 1746 1710 et
1794 1665 1968 1714 fideles·
2040 1665 2165 1712 Com-

216 1727 495 1781 monentur¹⁰
535 1739 684 1778 autem
723 1734 778 1779 ab
815 1734 985 1793 angelis
1021 1734 1076 1780 ad
1111 1733 1502 1790 benefaciendum,
1539 1739 1784 1794 propterea
1821 1735 1946 1795 quod
1979 1746 2071 1780 non
2098 1741 2168 1781 est

215 1805 395 1849 inventa
440 1802 641 1860 nequitia
687 1802 732 1846 in
784 1799 902 1846 illis.‘
973 1802 1116 1857 ,Quos
1163 1809 1310 1850 autem
1366 1801 1631 1847 reiiciebant
1680 1807 1726 1847 et
1769 1802 2000 1863 ponebant
2046 1804 2168 1850 iuxta

216 1871 400 1926 turrim,
442 1869 519 1929 qui
561 1876 667 1914 sunt
700 1866 814 1914 illiZ‘
887 1869 959 1914 Ait
994 1869 1125 1915 mihi:
1183 1869 1230 1922 ‚ii
1272 1874 1401 1926 sunt,
1437 1870 1515 1928 qui
1549 1865 1899 1928 peccaverunt,¹¹
1935 1878 1981 1916 et
2015 1871 2167 1918 volue-

216 1945 323 1987 runt
355 1937 680 1999 poenitentiam
717 1951 880 1998 agere3
935 1944 1124 1998 propter
1160 1937 1249 1983 hoc
1285 1950 1377 1982 non
1415 1943 1521 1982 sunt
1564 1937 1698 1996 longe
1734 1939 1929 1998 proiecti
1965 1953 1990 1984 a
2026 1945 2167 1997 turre,

219 2007 431 2069 quoniam
468 2005 601 2052 utiles
640 2011 774 2052 erunt
807 2006 853 2051 in
891 2012 1119 2052 structura
1133 1998 1187 2063 ,¹²
1227 2006 1265 2051 si
1300 2006 1626 2066 poenitentiam
1664 2006 1854 2067 egerint.
1925 2006 2007 2064 Qui
2058 2021 2168 2068 ergo

215 2076 539 2138 poenitentiam
579 2075 723 2121 acturi
759 2081 889 2131 sunt,
928 2076 967 2121 si
1002 2076 1177 2136 egerint
1211 2075 1558 2135 poenitentiam,
1598 2073 1738 2121 fortes
1787 2080 1921 2122 erunt
1969 2075 2016 2120 in
2065 2075 2171 2133 fide,

217 2146 258 2192 si
293 2159 414 2192 nunc
452 2143 776 2205 poenitentiam
812 2144 1011 2204 egerint,
1051 2145 1158 2190 dum
1194 2143 1458 2190 aedificatur
1507 2142 1667 2189 turris,
1739 2142 1848 2191 Nam
1886 2144 1925 2190 si
1962 2157 2170 2192 consum-

216 2220 334 2261 mata
381 2213 518 2260 suerit
562 2218 811 2269 structura,
862 2214 947 2259 iam
995 2206 1135 2273 quis¹³
1185 2227 1276 2260 non
1326 2213 1464 2259 habet
1498 2212 1672 2268 locum,
1709 2211 1789 2259 ubi
1826 2219 2050 2274 ponatur,
2088 2214 2171 2261 sed

217 2285 304 2330 erit
339 2281 594 2343 reprobus;
647 2282 934 2329 solummodo
973 2289 1122 2330 autem
1160 2283 1248 2329 hoc
1285 2280 1483 2339 habebit,
1522 2282 1599 2342 qui
1637 2274 1761 2328 iam¹⁴
1801 2283 1858 2330 ad
1892 2282 2054 2330 turrim
2089 2297 2168 2345 po-

218 2353 332 2398 situs
371 2349 467 2398 est.‘

358 2469 423 2531 (A)
446 2473 516 2518 VI.
587 2474 684 2530 ,Qui
723 2480 873 2521 autem
909 2474 1255 2530 recidebantur,
1293 2480 1339 2520 et
1383 2473 1519 2534 longe
1566 2472 1925 2536 proiiciebantur
1961 2488 1987 2521 a
2029 2481 2169 2533 turre,

221 2544 283 2590 vis
322 2535 482 2599 scire,¹
521 2542 597 2602 qui
634 2540 785 2588 suntZ‘
838 2541 1008 2599 ,Volo,‘
1044 2545 1251 2602 inquam,
1299 2539 1530 2599 ,domina.‘
1599 2535 1674 2598 ‚Ii2
1722 2548 1828 2587 sunt
1877 2542 1958 2588 filii
2005 2544 2169 2605 iniqui-

358 2635 381 2661 *
396 2628 478 2683 διὰ
512 2627 627 2692 τοὺς
661 2628 915 2698 διψύχους,
951 2628 1066 2692 τοὺς
1104 2630 1516 2700 διαλογιζομένους
1540 2631 1592 2683 ἐν
1615 2631 1722 2692 ταῖς
1740 2629 1966 2697 καρδίαις
1989 2629 2168 2698 αὐτῶν,

309 2783 386 2837 12),
405 2784 462 2824 Ita
490 2785 588 2834 Vat.,
621 2788 816 2823 annuente
836 2782 932 2833 Pal.‚
958 2783 1028 2822 has
1061 2782 1165 2833 vulg.

223 2845 331 2891 Quae
370 2847 611 2892 sequuntur:
655 2844 816 2890 propter
857 2840 995 2879 dubios
1026 2859 1085 2867 —-
1115 2851 1165 2878 au

221 2911 300 2939 uon
331 2898 433 2946 sint,
475 2908 615 2947 graece
659 2900 789 2935 extant
831 2893 871 2933 in
907 2893 1028 2934 Clem.
1058 2894 1164 2934 Alex.

227 2956 372 2994 Strom.
406 2952 434 3001 Ι,
467 2953 532 2992 29.
563 2964 603 3003 p.
634 2951 742 3000 426„
784 2956 828 2990 ut
859 2950 1132 3002 apposuimus.

311 3008 380 3061 13)
416 3013 542 3048 utrum
581 3019 625 3046 ve
657 3005 699 3057 (η
729 3005 858 3045 aliena
888 3017 992 3047 man.
1024 3004 1164 3056 supra)

226 3068 303 3106 siut
337 3077 388 3105 an
421 3077 466 3103 ne
498 3063 579 3104 Vat.
609 3063 759 3115 absque
790 3062 882 3101 haec
915 3067 953 3102 et
981 3074 1042 3113 sq.
1074 3063 1164 3102 sint.

312 3121 380 3172 14)
414 3121 600 3171 quoniam
627 3118 711 3182 yat.
741 3116 824 3156 Pal.

312 3176 384 3227 15)
414 3176 470 3214 Ita
500 3174 644 3225 scripsl
674 3187 707 3214 c.
739 3172 783 3213 G.
814 3172 896 3212 Vat.
927 3178 964 3212 et
996 3172 1089 3213 Fab.
1109 3173 1165 3212 St.

225 3234 347 3282 firma,
379 3236 550 3282 certeque
581 3230 667 3269 Cot.

310 3287 404 3338 Cap.
435 3287 477 3326 V.
539 3285 580 3336 1)
609 3285 658 3324 Hi
676 3285 773 3334 vat„
804 3284 871 3324 ubi
900 3286 1169 3336 inqrediuntur

226 3355 265 3394 p.
296 3343 468 3394 iuyressi
503 3347 607 3390 sunt,
644 3340 735 3380 dein
766 3342 912 3380 sanctis
943 3353 983 3392 p.
1016 3341 1164 3390 electis,

226 3399 299 3438 sub
334 3396 614 3438 enuntiationis
645 3398 763 3436 finem
784 3397 1012 3436 alterutrum
1044 3408 1084 3447 p.
1105 3397 1170 3435 in-

226 3455 356 3494 vicem.
417 3451 638 3493 Cotelerius
680 3451 889 3492 distinctos
921 3451 1169 3492 hierarchiae

231 3509 389 3548 ordines
422 3509 486 3548 hic
515 3514 675 3548 notatos
708 3519 795 3547 esse
830 3508 944 3548 dulce
983 3506 1168 3548 somniat.

228 3563 458 3604 Aecuratior
487 3562 566 3603 loci
597 3562 808 3615 explicatio
839 3563 1011 3615 petenda
1044 3567 1104 3603 est
1125 3572 1170 3602 ex

234 3617 326 3658 sim.
355 3619 394 3669 9,
424 3619 463 3659 3.
493 3619 532 3660 4.
570 3619 635 3662 15.
671 3618 735 3659 16.

1307 2781 1352 2835 2)
1386 2786 1602 2822 structurae
1634 2782 1721 2822 Vat.

1313 2838 1359 2889 3)
1388 2838 1445 2877 lta
1478 2838 1593 2878 Bodl.
1623 2839 1707 2879 Vat.
1740 2836 1847 2888 Cot.,
1894 2842 1929 2878 et
1959 2838 2014 2878 im
2042 2848 2169 2880 enun-

1223 2898 1284 2934 tur
1323 2896 1363 2934 in
1396 2898 1590 2934 structura
1634 2893 1763 2946 prima
1792 2891 1939 2934 Hefelii
1978 2907 1998 2934 e
2033 2925 2043 2934 .
2081 2909 2170 2937 cum

1224 2949 1448 2990 Gallandio.
1504 2948 1546 2989 In
1579 2948 1660 2990 Pal.
1691 2956 1727 2990 et
1754 2950 1883 3002 positi
1914 2952 1955 2990 in
1984 2950 2170 3002 aedifica-

1224 3009 1339 3046 tione.
1388 3004 1468 3045 Cfr.
1500 3018 1621 3057 supra
1654 3019 1687 3046 c.
1722 3006 1760 3057 2,
1793 3011 1876 3045 not.
1914 3002 1978 3047 12.

1305 3060 1350 3112 4)
1382 3062 1421 3100 hi
1450 3062 1533 3101 Vat.

1308 3115 1352 3168 5)
1381 3117 1438 3156 Ita
1468 3118 1551 3157 Vat.
1582 3122 1619 3157 et
1641 3116 1736 3157 Fab.
1767 3117 1823 3157 St.
1854 3123 2051 3159 annuente
2073 3119 2170 3170 Pal.‚

1222 3174 1288 3226 qui
1319 3174 1396 3213 sint
1426 3173 1622 3213 Domina?
1652 3171 1737 3212 Cot.
1769 3173 1817 3213 H.
1845 3179 1996 3226 puncto
2025 3173 2168 3215 distin-

1225 3228 1307 3280 guit
1337 3234 1432 3280 post
1462 3230 1626 3268 domina.

1309 3284 1355 3333 6)
1386 3283 1674 3335 Reponendum
1704 3293 1847 3323 censeo
1895 3294 1983 3324 cum
2012 3283 2094 3326 Pal.
2123 3287 2168 3325 in

1227 3339 1560 3389 aedificationem,
1610 3338 1768 3379 exclusa
1801 3338 1946 3379 Hefelii
1980 3339 2168 3391 opinione

1228 3394 1275 3433 de
1314 3394 1601 3444 fundamentis,
1632 3393 1784 3434 etiamsi
1813 3394 1917 3445 vulg.
1953 3395 2167 3437 lectionem

1225 3449 1410 3489 retineas.
1458 3449 1628 3489 indicari
1661 3448 1845 3489 videntur
1873 3450 2055 3493 homines
2073 3450 2167 3492 iusti

1227 3503 1377 3544 Veteris
1414 3502 1666 3544 Testamenti.

1311 3557 1356 3607 7)
1384 3559 1454 3599 hos
1484 3561 1579 3599 deus
1598 3560 1778 3610 probabit
1797 3556 1894 3613 Vat„
1913 3557 2166 3603 ubilabiales

1227 3612 1334 3655 haud
1361 3625 1454 3654 raro
1486 3620 1744 3667 permutatae.
