2340 3900
264 175 365 226 596
1004 173 1226 220 HERMAE
1260 172 1487 220 PASTOR.

262 304 358 357 ἀπὸ
406 310 492 369 τῆς
539 304 742 363 πίστεως
791 301 856 368 μὴ
903 301 1296 368 ἀποβάλλεσθαι,
1346 300 1449 354 ἀλλ’
1492 301 1791 368 ἐπιστρέφειν
1840 299 1922 350 καὶ
1967 290 2220 386 εὖθύμους

251 379 432 435 ποιεῖν,
469 369 842 455 ἁμαρτάνοντας
862 377 1135 432 νουθετεῖν,
1188 369 1422 439 χρεώστας
1465 370 1530 438 μὴ
1570 373 1769 456 θλίβειν
1795 368 1877 419 καὶ
1914 369 2102 432 ἐνδεεῖς,
2138 367 2221 418 καὶ

262 444 309 494 εἴ
335 462 442 492 τινα
476 437 664 501 τούτοις
699 437 852 524 όμοιά
879 441 991 497 ἐστι,
1063 416 1217 491 Δοκεῖ
1247 456 1346 502 σοι,
1385 442 1523 505 φησί,
1558 445 1708 491 ταῦτα
1745 434 1911 506 ἀγαθὰ
1946 432 2100 500 εἶναι,
2162 437 2221 486 Τί

259 508 364 598 γάρ,
405 511 547 575 φημί,
583 507 731 594 κύριε,
768 506 950 562 τούτων
988 506 1347 595 οἰγαθώτερον,9
1385 507 1614 577 Πορεύου
1639 503 1741 572 οὖν,
1781 508 1944 573 φησίν,
1983 506 2035 557 ἐν
2055 502 2221 565 αὐτοῖς

260 579 343 630 καὶ
377 576 441 644 μὴ
482 576 784 664 ἕγκρατεύου
823 576 908 630 ἀπ’
952 576 1144 641 αὐτῶν,
1181 579 1262 630 καὶ
1299 575 1443 667 ζήσῃ
1450 584 1517 649 τῷ
1545 583 1672 665 θεῷ.
1750 574 1972 627 Φύλασσε
1995 575 2109 662 ’,οὖν
2132 572 2219 640 τὴν

261 645 458 713 ἐντολὴν
493 647 699 713 ταύτην·
738 645 823 699 ἐὰν
860 646 912 699 τὸ
952 644 1144 733 ἀγαθὸν
1186 668 1332 718 ποιῃς
1367 647 1448 699 καὶ
1495 645 1560 713 μὴ
1600 632 1887 734 ἐγκρατεύσῃ
1923 641 2009 695 ἀπ’
2051 640 2219 706 αὐτοῦ,

260 714 414 801 ζήσῃ10
462 721 529 786 τῷ
577 721 706 802 θεῷ·
760 715 933 777 πάντες
971 714 1192 782 ζησονται
1238 721 1304 805 τῷ
1357 721 1460 786 θεῶ
1507 718 1558 767 οἱ
1598 715 1724 767 οὕτω
1774 719 2039 774 ποιοῦντες.
2122 712 2223 762 Καὶ

259 769 405 837 πάλιν
439 770 524 836 ἐὰν
558 782 612 835 τὸ
641 783 863 867 πονηρὸν
893 784 957 853 μὴ
994 791 1151 871 ποιῇς
1173 786 1255 837 καὶ
1270 767 1576 871 ἐγκρατεύση
1614 782 1763 846 αὐτό,
1808 786 1925 869 ζήσῃ
1971 787 2039 852 τῷ
2087 787 2221 852 θεῷ·

259 855 341 907 καὶ
376 852 551 913 πάντες
599 853 817 920 ζήσονται
863 861 931 941 τῷ
966 860 1088 927 θεῷ,
1123 853 1230 907 όσοι
1268 851 1351 906 ἐὰν
1386 851 1562 915 ταύτας
1606 851 1691 914 τὰς
1738 835 1932 913 ἐντολὰς
1977 834 2221 916 φυλάξωσι

261 924 344 976 καὶ
379 928 698 990 πορευθῶσιν
734 925 786 976 ἐν
819 922 999 986 αυταῖς.

1003 1052 1359 1100 ΕΝΤΟΛΗ
1397 1045 1475 1098 Θ.

399 1129 554 1212 Λέγει
580 1150 661 1195 μοι
686 1121 836 1198 Ἀρον
869 1128 964 1183 ἀπὸ
1005 1131 1226 1183 σεαυτοῦ1
1261 1125 1350 1195 τὴν
1384 1129 1618 1195 διψυχίαν
1641 1126 1722 1178 καὶ
1758 1124 1907 1192 μηδὲν
1932 1124 2056 1187 ολως
2076 1127 2222 1190 διψυ-

262 1197 411 1270 χήσῃς
447 1196 743 1283 αἰτησασθαι
787 1196 918 1267 παρὰ
965 1206 1051 1252 τοῦ
1087 1204 1241 1262 θεοῦ,
1280 1199 1430 1283 λέγων
1463 1198 1514 1249 ἐν
1549 1201 1731 1280 σεαυτῷ
1768 1215 1842 1247 οτι
1877 1200 1983 1256 πῶς
2018 1193 2226 1282 δύναμαι

263 1271 559 1335 αἰτήσασθαι
593 1265 726 1336 παρὰ
753 1272 841 1320 τοῦ
866 1271 1041 1356 κυρίου
1075 1268 1158 1321 καὶ
1181 1269 1359 1334 λαβεῖν,
1396 1262 1684 1336 ημαρτηκῶς
1702 1270 1911 1317 τοσαῦτα
1943 1265 2011 1326 εἰς
2046 1261 2224 1328 αυτόνς

266 1336 361 1405 Μὴ
412 1339 682 1420 διαλογίζου
742 1343 919 1403 ταῦτα,
989 1336 1092 1389 ἀλλ’
1149 1338 1197 1399 ἐξ
1260 1335 1377 1403 όλης
1421 1357 1509 1402 της
1539 1336 1756 1422 καρδίας
1803 1351 1892 1385 σου
1937 1335 2224 1419 ἔπίστρεψον

264 1407 341 1457 ἐπὶ
396 1403 481 1457 τὸν
514 1405 726 1493 κύριον,
797 1408 880 1459 καὶ
941 1410 1077 1459 αἰτοῦ
1137 1405 1252 1473 παρ’
1319 1404 1470 1457 αὐτοῦ
1528 1402 1846 1468 αδιστάκτως,
1918 1403 2000 1455 καὶ
2029 1400 2224 1490 γνώσῃ9

260 1471 350 1541 τὴν
382 1472 563 1541 πολλην
615 1473 961 1544 ευσπλαγχνίαν
1010 1474 1187 1539 αὐτοῦ,
1238 1474 1312 1526 ότι
1359 1473 1419 1528 οὗ
1438 1496 1521 1560 μη
1559 1489 1610 1526 σε
1646 1474 1988 1560 ἐγκαταλίπῃ,
2016 1469 2136 1524 ἀλλὰ
2169 1467 2224 1522 τὸ

262 1546 438 1610 αἴτημα
473 1550 560 1610 τῆς
594 1549 757 1610 ψυχῆς
806 1561 895 1596 σου
931 1541 1304 1631 πληροφορήσει.
1381 1540 1488 1595 Οὐκ
1529 1543 1624 1594 ε’στι
1658 1539 1749 1611 γὰρ
1786 1563 1853 1602 ως
1888 1543 1939 1593 οἱ
1969 1539 2224 1608 ἄνθρωποι

262 1615 313 1664 οἵ
344 1619 766 1679 μνησικακοῦντες,
805 1611 908 1665 αλλ’
951 1612 1100 1701 avgbss
1135 1611 1466 1697 ἆμνησίκακός
1500 1613 1596 1663 ἐστι
1633 1612 1717 1663 καὶ
1752 1612 2104 1697 σπλαγχνίζεται
2146 1609 2224 1660 ἐπὶ

261 1678 350 1748 τὴν
385 1683 580 1747 ποίησιν
615 1680 783 1776 αὐτοεῦ.
854 1679 930 1733 Σὺ
968 1703 1058 1734 ουν
1093 1679 1368 1767 καθάρισόν
1409 1700 1498 1734 σου
1534 1702 1624 1747 την
1659 1681 1862 1767 καρδίαν
1895 1677 1993 1731 ἀπὸ
2029 1678 2224 1731 πάντων

267 1757 363 1802 τῶν
388 1747 744 1834 ματαιομάτων3
769 1756 855 1801 τοῦ
877 1753 1056 1813 αἰῶνος
1067 1750 1256 1814 τούτου,
1273 1752 1354 1802 καὶ
1374 1757 1470 1803 τῶν
1485 1750 1841 1833 προειρημένων
1863 1763 1952 1800 σου
1960 1746 2221 1833 ῥημάτων,

260 1820 344 1871 καὶ
395 1820 532 1869 αἰτοῦ
554 1815 699 1903 παρὰ
751 1824 839 1870 τοῦ
873 1822 1074 1887 κυρίου,
1122 1821 1205 1871 καὶ
1240 1817 1473 1905 ἆπολήψη
1524 1818 1708 1882 πάντα,
1754 1819 1838 1868 καὶ
1884 1814 1981 1869 ἀπὸ
2030 1815 2225 1869 πάντων

260 1894 356 1940 τῶν
391 1885 664 1954 αἰτημάτων
699 1901 788 1939 σου
813 1885 1128 1955 ἀνυστέρητος
1165 1889 1264 1958 ε’ση
1303 1887 1393 1939 όσα
1428 1908 1490 1939 αν
1525 1885 1821 1946 ἆδιστάκτως
1857 1883 2058 1972 αἰτήσῃς
2091 1882 2223 1972 παρὰ

259 1963 345 2009 τοῦ
392 1959 578 2042 κυρίου.
644 1954 768 2008 Ἐὰν
815 1956 1044 2041 διστάσῃς
1090 1958 1140 2009 ἐν
1189 1979 1248 2028 τη
1292 1958 1467 2028 καρδία
1514 1971 1632 2020 σου,
1683 1952 1828 2006 οὐδὲν
1864 1951 1923 2006 οὗ
1970 1937 2035 2020 μὴ
2086 1952 2224 2026 λήψη

260 2033 359 2079 τῶν
396 2024 668 2092 αἰτημάτων
706 2029 942 2078 σου.οί
971 2027 1063 2096 γὰρ
1118 2009 1412 2088 διστάζοντες
1447 2027 1514 2086 εἰς
1549 2023 1633 2077 τὸν
1670 2021 1809 2088 θεόν,
1847 2019 1985 2075 οὗτοί
2019 2024 2140 2075 εἰσιν
2178 2007 2229 2074 όῐ

262 2099 488 2162 δίψυχοι,
526 2096 610 2146 καὶ
646 2093 789 2146 οὐδὲν
825 2094 948 2157 ὅλως
986 2093 1353 2181 ἐπιτυγχάνουσι
1388 2101 1485 2148 τῶν
1522 2093 1793 2161 αἰτημάτων
1829 2090 2006 2144 αὐτῶν.
2076 2094 2142 2144 Οἱ
2173 2092 2226 2144 δὲ

261 2163 493 2225 ὁλοτελεῖς
552 2163 686 2225 ὅντες
733 2165 784 2215 ἐν
831 2171 888 2236 τῇ
935 2167 1090 2217 πίστει
1142 2162 1300 2216 πάντα
1353 2167 1623 2228 αἰτοῦνται,
1676 2160 1968 2223 πεποιθότες
2013 2161 2092 2212 ἐπὶ
2140 2158 2225 2213 τὸν

262 2233 448 2301 κύριον,
486 2235 568 2285 καὶ
603 2217 946 2300 λαμβάνουσιν,
984 2234 1058 2286 ότι
1091 2231 1386 2295 ἆδιστάκτως
1422 2236 1684 2297 αἰτοῦνται,
1755 2231 1871 2298 ηδὲν
1891 2233 2224 2316 διψυχοῦντες.

266 2307 379 2363 Πᾶς
435 2299 524 2371 γὰρ
581 2305 789 2391 δίψυχος
841 2324 991 2369 ανηρ,
1039 2299 1125 2355 εὰν
1174 2300 1252 2388 μὴ
1298 2302 1593 2389 μετανοηση,
1641 2302 1890 2362 δυσκόλως
1938 2297 2223 2384 σωθήσεται.

262 2370 550 2456 Καθάρισον
599 2392 688 2423 ουν
721 2393 830 2460 την
846 2374 1050 2440 καρδίαν
1101 2388 1190 2424 σου
1228 2369 1323 2424 ἀπὸ
1373 2379 1459 2439 τῆς
1494 2355 1770 2453 διψυχίας,
1809 2371 2005 2421 ε’νδυσαι
2050 2367 2102 2420 δὲ
2135 2390 2225 2435 την

261 2442 447 2502 πίστιν,
496 2438 570 2491 ότι
605 2439 774 2524 ἰσχυρά
809 2441 928 2505 ε’στι,
966 2442 1049 2493 καὶ
1081 2443 1274 2493 πίστευε
1307 2447 1374 2512 τῷ
1409 2447 1542 2526 θεῷ,
1593 2439 1667 2492 ότι
1702 2436 1860 2492 πάντα
1892 2437 1951 2490 τὰ
1986 2436 2223 2505 αἰτηματά

263 2525 378 2573 σου,
431 2530 461 2558 α
508 2509 666 2576 αἰτεῖς,
708 2506 867 2590 ληψη,
941 2511 1039 2560 Καὶ
1087 2507 1172 2561 ἐὰν
1219 2494 1535 2592 αἰτησάμενός
1578 2529 1693 2560 ποτε
1737 2504 1888 2591 παρὰ
1917 2513 2004 2559 τοῦ
2051 2509 2226 2574 κυρίου

263 2575 439 2662 αἴτημά
473 2597 519 2627 τι
565 2561 859 2661 βραδύτερον
905 2575 1178 2662 λαμβάνῃς,
1217 2575 1282 2645 μὴ
1316 2578 1620 2663 διφυχήσῃς,
1673 2576 1747 2628 ότι
1779 2597 1896 2642 ταχυ
1932 2573 2024 2628 οὐκ
2057 2576 2228 2642 ἔλαβες

261 2643 315 2698 τὸ
352 2647 528 2730 αἴτημα
562 2651 648 2711 τῆς
684 2647 847 2732 ψυχῆς
881 2662 999 2698 σου·
1049 2647 1240 2708 πάντως
1275 2644 1365 2715 γὰρ
1403 2646 1484 2698 διὰ
1493 2643 1784 2731 πειρασμόν
1835 2665 1943 2696 τινα
1990 2642 2025 2711 ἢ
2071 2643 2226 2729 παρά-

261 2713 460 2798 πτωμά
465 2735 523 2779 τι,
578 2712 604 2765 ὃ
655 2713 714 2766 σὺ
759 2712 974 2783 ἀγνοεῖς,
1012 2712 1305 2800 βραδύτερον
1348 2713 1607 2782 λαμβάνεις
1645 2711 1699 2766 τὸ
1747 2711 1924 2780 αι’τημά
1970 2730 2072 2766 σου.
2145 2709 2225 2764 Συ

263 2786 352 2836 οὑν
404 2780 474 2870 μὴ
519 2785 742 2870 διαλίπης
802 2784 1084 2850 αἰτούμενος
1127 2781 1180 2836 τὸ
1231 2787 1407 2851 αἴτημα
1452 2790 1536 2851 τῆς
1584 2790 1748 2850 ψυχῆς
1797 2798 1911 2847 σου,
1962 2783 2043 2834 καὶ
2090 2780 2227 2878 λήψῃ

264 2851 396 2905 αυτό.
461 2848 584 2902 'E6v
627 2851 678 2902 δὲ
725 2852 993 2936 ἕκκακησῃς
1040 2853 1122 2904 καὶ
1160 2854 1431 2940 διψυχησῃς
1468 2851 1764 2936 αἰτούμενος,
1820 2847 2021 2903 σεαυτὸν
2068 2852 2227 2903 αἰτιῶιι

262 2923 345 2973 καὶ
389 2917 452 2987 μὴ
500 2917 586 2972 τὸν
634 2919 830 2973 διδόντα
878 2938 970 2973 σοι.
1044 2922 1196 2974 Βλέπε
1240 2922 1328 2990 τὴν
1375 2907 1608 2989 διψυχίαν
1659 2917 1861 2986 ταύτην·
1909 2916 2100 2988 πονηρὰ
2134 2918 2223 2989 γάρ

262 2992 359 3042 ἔστι
394 2991 476 3042 καὶ
510 2987 753 3055 ασύνετος,
790 2992 872 3041 καὶ
905 2987 1112 3052 πολλοὺς
1149 2993 1329 3079 ἐκριζοῖ
1359 2990 1454 3045 άπὸ
1491 2997 1578 3057 τῆς
1604 2992 1820 3052 πίστεως,
1859 2990 1938 3040 καὶ
1968 2991 2077 3041 λίαν
2098 2991 2224 3055 ἰσχυ-

263 3057 393 3128 ρούς
466 3059 565 3109 Καὶ
611 3056 701 3127 γὰρ
747 3058 869 3143 αῦτη
904 3082 936 3126 η
973 3062 1176 3126 διψυχία
1222 3059 1407 3128 άδελφη
1445 3062 1542 3113 ἐστι
1575 3065 1661 3112 τοῦ
1696 3055 1953 3144 διαβόλου,
2002 3059 2083 3109 καὶ
2117 3059 2224 3109 λίαν

263 3124 579 3194 πονηρεύεται
615 3130 682 3188 εἰς
716 3125 829 3189 τοὺς
865 3127 1070 3189 δούλους
1105 3134 1190 3180 τοῦ
1227 3136 1365 3183 θεοῦ.
1437 3126 1826 3212 Καταφρόνησον
1845 3147 1934 3178 ουν
1967 3132 2056 3193 τῆς
2079 3129 2223 3211 διψυ-

261 3200 366 3264 χίας
397 3197 480 3247 καὶ
513 3199 891 3265 κατακυρίευσον
939 3195 1107 3264 αὐτῆς5
1161 3199 1212 3250 ἐν
1264 3200 1407 3252 παντὶ
1451 3196 1716 3267 πράγματι,
1767 3192 2088 3261 ἐνδυσάμενος
2134 3217 2224 3262 την

347 3364 392 3418 9)
424 3377 560 3417 apogr.
595 3358 876 3421 ἀγαθώτερα
906 3371 947 3404 ut
978 3366 1142 3405 videtur.
1355 3364 1397 3416 2)
1427 3359 1606 3420 γνώσηι
1641 3363 1699 3403 sic
1724 3373 1862 3414 apogr.

1349 3419 1396 3526 {3
1427 3420 1726 3524 Ξέοοέιρῖιῖιτιω,
1759 3484 1879 3523 super
1904 3477 2106 3512 annotato
2138 3485 2219 3512 ιου.

350 3544 477 3582 Mand.
500 3544 559 3582 IX.
612 3543 652 3593 1)
676 3543 896 3582 σεαυτοῦ.·
928 3555 1064 3595 apogr.
1087 3555 1208 3594 super
1351 3541 1394 3593 5)
1430 3539 1596 3591 αὐτῆς.·
1655 3540 1692 3580 in
1736 3553 1872 3591 apogr.
1916 3539 2087 3591 primum
2137 3547 2221 3580 erat

267 3607 348 3636 σου
377 3597 507 3637 deleto
547 3599 743 3640 σεαυτοῦ
773 3597 950 3648 praebet.
1273 3594 1440 3642 αὐτοῖς.

352 3448 420 3500 10)
452 3459 590 3498 apogr.
616 3446 749 3498 inepte
781 3445 834 3487 οὐ
865 3443 986 3505 ζήσῃ.
