2340 3900
959 170 1206 220 CODICUM
1243 171 1484 219 NOTITIA.
1633 209 1635 213 ,
2106 172 2205 213 mx

229 318 326 368 est,
377 317 427 358 ut
474 325 600 358 vocc.
649 307 807 368 ,HEe
854 312 975 359 enim
1025 310 1226 371 virgines
1274 316 1522 372 potestates
1574 306 1724 368 sunt,‘
1761 309 1867 356 loco
1916 306 2206 368 inscriptioni

228 381 526 443 apponendae
561 382 748 443 praevio
787 382 950 429 relicto
989 387 1035 427 et
1070 380 1155 426 litt.
1194 377 1256 424 H
1299 380 1534 427 coloribus
1584 386 1773 437 ornata,
1836 391 1997 426 novam
2035 375 2203 423 Simili·

227 452 428 498 tudinem
482 451 701 498 inducere
746 452 1002 499 videantur.
1092 449 1270 496 Ultima·
1305 447 1438 510 (libb.
1483 451 1616 512 impr.
1668 446 1896 508 ,decima‘)
1934 447 2113 494 titulum
2159 446 2205 492 in

228 520 376 568 fronte
413 521 503 567 fert
537 521 741 580 nullum,
776 522 1116 569 littera-tamen
1153 519 1336 566 initialis
1377 517 1420 565 P
1454 521 1613 568 colore
1651 520 1863 568 caeruleo
1900 518 2083 580 depicta
2120 521 2207 563 est.

1069 645 1351 707 Epigraphe:

644 745 836 808 Explicit
868 745 987 792 liber
1020 743 1221 806 pastoris
1259 743 1472 805 discipuli
1504 744 1626 792 beati
1661 745 1784 807 pauli

885 828 1095 892 Apostoli
1229 827 1322 874 Deo
1362 829 1544 889 gratias.

364 913 471 961 Cod.
508 914 607 961 Vat.
654 928 709 962 ex
755 914 917 961 eodem
958 913 1086 960 fonte
1121 911 1356 974 pervenit,
1396 925 1487 971 quo
1527 911 1614 968 illi,
1664 912 1833 972 quibus
1869 911 2124 959 Cotelerius
2162 917 2206 957 et

225 983 375 1031 Fellus
423 983 496 1030 usi
544 991 678 1041 sunt3
740 985 932 1046 propius
983 990 1135 1029 tamen
1189 981 1369 1028 accedit
1417 981 1475 1027 ad
1512 981 1592 1027 Ms.
1629 981 2002 1029 Lambethanum.
2044 979 2207 1027 'Haud

227 1067 333 1100 raro
371 1054 659 1115 negligenter
695 1055 895 1116 scriptus
935 1060 1035 1110 est,
1075 1052 1150 1099 hic
1189 1058 1235 1099 et
1271 1051 1362 1097 illic
1397 1065 1535 1097 manu
1574 1051 1707 1098 docta
1744 1059 2009 1106 correctus,
2060 1051 2206 1098 bonas

149 1161 155 1165 .
225 1123 445 1183 lectiones
497 1123 718 1171 exhibens
777 1124 896 1170 haud
936 1122 1098 1185 paucis
1151 1122 1301 1184 pravis
1351 1121 1630 1168 commixtas.
1702 1122 2032 1183 Nonnunquam
2096 1122 2207 1168 scri-

227 1193 372 1240 bitur:
423 1193 659 1251 ,rubibus,
698 1194 892 1256 scobas,
942 1193 1198 1249 lintheum,
1246 1198 1572 1250 exureserunt,
1629 1200 1918 1249 consumata,
1969 1191 2206 1238 exarceba-

226 1269 412 1320 verunt,
457 1265 712 1326 impartite,
762 1265 953 1323 exitant,
1007 1264 1208 1325 exeptiS,
1265 1263 1549 1325 appernisti,
1607 1261 1821 1320 diffiniri,
1874 1262 2206 1323 inquesierunt,

227 1333 603 1395 exolemogesim,
653 1326 952 1382 sintliensem‘
1000 1327 1320 1395 (synthesim),
1375 1339 1486 1391 ,set,
1524 1333 1792 1395 planatavit,
1852 1332 2205 1393 discipaverunt,

228 1403 571 1452 discensiones:
608 1405 811 1462 scrabri,
852 1419 1017 1459 coros,
1054 1404 1327 1459 iradicetur,
1370 1399 1632 1450 cotidiana.‘
1703 1402 1885 1463 Signavi
1923 1403 2021 1451 Vat.

369 1474 445 1520 10.
516 1476 625 1523 Cod.
673 1474 904 1522 Palatinus
958 1474 1084 1532 150,
1130 1473 1477 1530 membraneuS,
1533 1473 1706 1520 formae
1757 1471 1860 1530 8²¹⁶,
1909 1472 1987 1533 qui
2035 1472 2081 1518 in
2130 1470 2210 1517 sol.

228 1543 488 1591 94—180
525 1546 780 1602 ‚Pastorem
815 1542 1028 1593 Hermae‘
1080 1545 1302 1606 scriptum
1342 1543 1502 1600 habet,
1558 1550 1765 1590 exaratus
1813 1548 1883 1589 est
1940 1556 2061 1589 saec.
2097 1540 2209 1587 XlV.

224 1613 381 1660 Nullae
418 1616 612 1677 capitum
661 1615 918 1672 sectiones3
966 1615 1175 1676 depictae
1224 1620 1331 1660 sunt
1369 1613 1627 1671 Visionum‚
1665 1614 2008 1669 Mandatorum,
2046 1611 2209 1659 Simili·

225 1683 428 1730 tudinum
461 1686 656 1733 initiales
691 1685 885 1732 litterae.
957 1685 1227 1745 Inscriptio:

364 1753 528 1817 Incipit
562 1756 743 1803 libellus
785 1755 930 1802 sancti
963 1756 1179 1818 pastoris,
1246 1754 1413 1815 Incipit
1442 1754 1556 1801 visio
1584 1754 1731 1816 prima
1754 1768 1888 1816 quam
1908 1753 2019 1799 vidit
2037 1752 2207 1799 herma.

647 1839 879 1886 Visionem
918 1845 1124 1900 quartam
1165 1839 1334 1900 excipit
1364 1838 1633 1901 inscriptio:

644 1907 805 1970 Explic
842 1909 956 1955 visio
993 1908 1073 1954 1111
1110 1914 1202 1969 qua
1239 1909 1350 1955 vidit
1388 1909 1444 1955 de
1482 1909 1695 1956 ecclesia.

644 1978 846 2040 Incipit-lt
879 1978 1077 2039 pastoris
1116 1979 1325 2025 mandata
1363 1978 1624 2025 duodecim.

363 2058 498 2105 Tituli
533 2059 683 2109 Hand.
722 2060 789 2106 Vl.
827 2060 918 2107 Vll.
953 2060 1066 2106 Vlll.
1104 2060 1174 2107 IX.
1210 2061 1301 2107 Xll.
1338 2075 1430 2107 non
1469 2061 1687 2122 adscripti
1725 2067 1860 2116 sunt3
1907 2066 2031 2120 patet
2057 2064 2206 2106 autem

224 2126 354 2173 locus
389 2128 446 2174 iis
483 2129 805 2190 praefigendis.

368 2196 419 2243 ln
466 2197 557 2245 fine
594 2197 932 2247 Mandatorum:
989 2199 1158 2246 AMEN.
1232 2199 1488 2262 Expliciunt
1533 2200 1743 2247 mandata
1779 2200 1976 2261 pastoris
2010 2213 2203 2246 numero

228 2265 469 2313 duodecim
604 2304 626 2314 -

575 2337 877 2406 lNclglvn‘r.
950 2338 1383 2386 SlMlLITVDINES.
1453 2338 1644 2386 DECEM
1682 2338 1825 2397 QVAS

573 2405 724 2454 MECV
761 2408 1081 2466 LOQVVTVS:
1135 2409 1253 2455 EST.
1287 2409 1609 2456 SlMlLlTVDO

364 2542 692 2594 Similitudines
731 2548 781 2595 V.
819 2548 931 2594 Vlll.
967 2547 1006 2593 X
1043 2555 1224 2612 carentx
1259 2549 1413 2606 titulo,
1454 2564 1547 2596 non
1593 2555 1744 2596 tamen
1788 2550 1890 2596 loco
1941 2550 1982 2597 ei
2034 2550 2203 2597 adscri-

221 2612 390 2660 bendo.
462 2615 511 2661 ln
549 2614 641 2662 fine
679 2616 787 2664 Sim.
823 2632 995 2665 nonae:
1045 2608 1312 2676 'AMHN,
1350 2626 1458 2681 post
1495 2619 1744 2674 decimam:
1782 2610 1925 2680 ἀμὴν.
2241 2676 2243 2678 ¹

363 2683 443 2730 Hic
480 2684 632 2732 Codex
673 2688 824 2750 magni
875 2687 1114 2736 faciendus
1160 2696 1255 2745 est,
1307 2691 1478 2751 quippe
1518 2691 1597 2750 qui
1633 2681 1866 2750 ποιμένος
1896 2691 2080 2736 latinam
2117 2689 2204 2736 lar-

221 2753 369 2814 giatur
402 2755 687 2815 versionem,
727 2772 843 2819 quae
878 2758 1101 2805 hactenus
1138 2759 1299 2806 nullibi
1336 2760 1602 2806 innotuerit.
1673 2760 1796 2817 Quae
1832 2760 2017 2822 quidem
2052 2761 2203 2806 versio

221 2836 323 2869 cum
372 2824 417 2870 in
455 2824 718 2874 visionibus
773 2842 866 2874 non
913 2842 1109 2890 paucum
1158 2830 1391 2892 discrepet
1439 2830 1494 2876 ab
1534 2843 1610 2887 ea,
1649 2845 1784 2890 quam
1819 2831 1864 2877 in
1902 2830 2030 2877 libris
2069 2830 2202 2876 editis

220 2892 473 2955 evulgatam
509 2893 727 2956 legimus,
765 2898 839 2944 hic
874 2897 969 2944 illic
1006 2899 1051 2944 in
1089 2899 1309 2946 Mandatis
1347 2906 1394 2946 et
1430 2899 1810 2947 Similitudinibus
1850 2899 2046 2946 sortasse
2085 2899 2202 2946 alius

219 2968 366 3009 textus
401 2965 552 3024 graeci
589 2980 724 3026 quam
758 2967 832 3014 illa
871 2968 1189 3029 interpretatio
1229 2977 1310 3016 est.
1378 2969 1467 3016 Pro
1522 2971 1744 3016 anxietate
1782 2983 1866 3016 sua
1918 2969 2055 3015 huius
2103 2983 2201 3015 ver-

218 3032 361 3079 sionis
397 3040 559 3080 auctor
593 3037 1014 3098 praepositionibus
1051 3038 1202 3084 latinis
1241 3039 1424 3100 saepius
1461 3040 1598 3086 modo
1642 3039 1920 3086 Graecorum
1959 3038 2114 3095 utitur,
2155 3039 2200 3084 in

218 3100 410 3163 reliquis
466 3117 652 3165 quoque
704 3119 799 3152 non
846 3107 943 3153 sine
993 3107 1225 3155 latinitatis
1264 3109 1429 3156 iniuria
1467 3123 1632 3169 graeca
1685 3109 1787 3170 plus
1824 3122 1956 3169 quam
1992 3121 2077 3168 par
2114 3114 2200 3163 est,

217 3170 331 3218 adeo
369 3174 665 3233 grammatico
703 3189 872 3236 genere
907 3177 1135 3238 neglecto,
1172 3178 1337 3235 reddit,
1377 3178 1521 3240 fitque
1560 3178 1759 3226 infidelis
1797 3178 1855 3225 ob
1893 3177 2075 3223 nimiam
2099 3191 2201 3224 ver-

219 3240 345 3287 tendi
381 3241 736 3291 sollicitudinem
773 3252 909 3307 atque
948 3246 1214 3294 fidelitatem
1247 3249 1304 3294 ad
1335 3248 1546 3295 litteram.
1619 3249 1778 3295 Multas
1818 3247 1903 3292 VV.
1958 3247 2199 3294 doctorum

217 3310 506 3357 coniecturas
561 3312 829 3372 confirmat,
860 3315 982 3362 haud
1035 3331 1209 3378 paucos
1257 3318 1386 3364 locos
1425 3318 1765 3364 difficultatibus
1803 3316 2068 3363 obstructos
2106 3316 2197 3363 elc-

216 3379 336 3438 ganti
373 3381 702 3428 sententiarum
739 3383 1102 3433 conformatione
1139 3388 1380 3448 ingeniose
1417 3387 1628 3434 illustrat.
1705 3386 1850 3433 Voces
1900 3386 2100 3433 uncinis·
2131 3386 2196 3432 in·

217 3446 365 3494 clusas
402 3450 616 3509 equidem
652 3451 823 3499 addidi.
898 3453 1124 3502 Scribitur
1160 3457 1355 3517 passim:
1410 3457 1691 3513 ,aethnicos‚
1743 3456 2006 3516 aepulatus,
2062 3469 2194 3516 aege·

216 3523 349 3573 runt,
400 3518 539 3578 saed,
589 3520 785 3579 haer-be,
843 3525 1083 3584 quaerele,
1131 3526 1363 3581 exiebant,
1414 3526 1681 3580 luxoriosis,
1720 3525 1910 3586 populi,
1951 3524 2192 3586 dipsichia,

215 3585 517 3644 excederunt,
553 3588 842 3653 intellegere,
880 3591 1064 3640 emittis‘
1110 3590 1322 3652 (emitis),
1370 3595 1680 3650 ‚clu-ocinum,
1721 3594 2069 3653 simulachrum,
2110 3594 2189 3656 hy-

215 3666 365 3713 emps,
415 3662 659 3718 temptare,
710 3660 1022 3723 doepalatam‚
1086 3663 1403 3720 substulisset,
1465 3662 1864 3724 emmancipiebat,
1917 3663 2048 3721 histi,
2110 3663 2189 3724 hii,
