2340 3900
462 143 494 190 Ι.
530 140 842 190 CLEMENTIS
877 141 948 188 AD
986 140 1109 188 COR.
1154 142 1359 190 XXXVII.
1396 142 1625 191 XXXVIII.
1661 142 1846 190 XXXIX.
2072 140 2137 192 85

171 284 272 330 Non
293 293 456 328 omnes
478 286 586 327 sunt
596 278 834 341 praefecti,
856 291 1003 339 neque
1025 278 1317 338 chiliarchae,
1340 295 1490 343 neque
1509 283 1814 340 centurioneS,
1834 296 1984 343 neque
2005 282 2141 343 quin-¹

174 349 450 413 quagenarii,
489 355 535 396 et
570 349 637 395 sic
675 348 919 409 deinceps3
955 348 1273 408 unusquisque
1310 365 1414 397 vero
1451 352 1497 397 in
1533 365 1619 398 suo
1657 351 1818 398 ordine
1857 358 1905 399 et
1927 351 2138 406 statione,

174 433 290 482 quae
325 433 351 465 a
385 431 496 479 rege
533 425 581 464 et
615 415 808 464 ducibus
842 417 1141 477 imperantur,
1178 420 1368 478 peragit.
1414 420 1564 479 Magni
1601 421 1701 468 sine
1739 421 1904 482 parvis,
1943 427 1990 467 et
2008 419 2139 481 parvi

173 490 272 536 sine
307 487 483 549 magnis
520 487 775 533 consistere
821 492 1080 546 nequeunt3
1118 485 1242 531 mixti
1270 495 1569 546 suntomnes,
1609 497 1655 537 et
1675 490 1780 536 inde
1805 502 1932 536 usus.
1980 488 2137 536 Exem-

170 557 247 620 plo
283 555 418 603 nobis
452 556 514 602 sit
548 570 719 617 corpus
755 561 980 601 nostrum.
1042 552 1188 615 Caput
1221 555 1322 600 sine
1360 557 1552 616 pedibus
1576 558 1689 604 nibil
1708 566 1791 616 est,
1827 564 1968 619 prout
1986 571 2136 619 neque

170 627 315 689 pedes
353 627 453 671 sine
489 626 662 686 capite3
698 624 883 671 minima
917 629 1068 669 autem
1108 624 1319 684 corporis
1363 627 1510 672 nostri
1544 627 1749 674 membra
1782 628 1997 675 universo
2035 640 2137 674 cor·

170 696 273 758 pori
309 694 569 741 necessaria
605 701 652 741 et
685 693 814 740 utilia
851 698 972 738 sunt.
1045 691 1140 738 Imo
1179 698 1345 738 cuncta
1382 696 1671 755 conspirant,
1722 703 1769 743 et
1815 710 1906 743 una
1943 696 2135 757 [eadem-

170 778 259 826 que
297 764 580 810 subiectione
617 762 674 809 ad
707 761 1103 809 conversationem
1140 761 1280 807 totius
1319 764 1531 823 corporis
1570 771 1772 811 utuntur.

201 860 426 909 XXXVIII.
496 860 761 908 Subiiciant
795 873 845 906 se
879 859 1088 905 membra
1127 858 1372 912 ecclesiae,
1411 865 1453 904 et
1485 874 1617 906 nemo
1650 876 1698 907 se
1734 863 1957 918 eoetollat3
1995 876 2107 909 nam

707 941 867 988 omnia
898 942 1020 988 bona
1055 941 1280 988 divinitus
1315 942 1590 1001 accepimus.

306 1025 523 1071 Servetur
571 1025 725 1084 itaque
784 1037 953 1085 corpus
990 1029 1201 1069 nostrum
1249 1022 1295 1068 in
1334 1022 1515 1070 Christo
1551 1025 1680 1082 lesu,
1732 1033 1777 1072 et
1820 1026 2139 1088 unusquisque

167 1095 375 1159 proximo
408 1108 494 1141 suo
529 1093 800 1140 subiiciatur
836 1093 957 1139 iuxta
993 1092 1225 1148 ordinem,
1264 1092 1309 1137 in
1347 1106 1438 1152 quo
1478 1107 1562 1154 per
1598 1095 1788 1155 gratiam
1826 1096 1924 1142 eius
1958 1097 2138 1157 positus

167 1171 251 1213 est.
323 1163 473 1210 Fortis
507 1177 567 1209 ne
605 1162 807 1224 negligat
842 1161 1145 1216 imbecillem,
1184 1160 1424 1207 imbecillis
1469 1162 1634 1210 fortem
1672 1171 1959 1222 revereatur3
2012 1166 2137 1211 dives

167 1233 358 1297 pauperi
395 1233 633 1293 largiatur,
670 1245 847 1294 pauper
879 1231 1021 1278 Deum
1057 1230 1223 1286 laudet,
1260 1231 1384 1291 quod
1427 1232 1469 1278 ei
1507 1232 1688 1279 dederit
1730 1248 1814 1295 per
1863 1248 1999 1295 quem
2037 1234 2136 1280 eius

166 1304 321 1365 inopia
357 1302 642 1364 suppleatur.
714 1299 908 1362 Sapiens
943 1314 1036 1347 non
1077 1300 1121 1346 in
1160 1299 1328 1355 verbiS,
1366 1301 1448 1347 sed
1475 1301 1520 1347 in
1546 1302 1679 1349 bonis
1710 1303 1928 1364 operibus
1958 1303 2136 1364 sapien-

168 1373 274 1420 tiam
310 1386 437 1419 suam
474 1371 759 1428 manifestem
796 1369 978 1417 humilis
1018 1383 1111 1415 non
1148 1368 1235 1439 sibi
1275 1369 1582 1417 testimonium
1611 1371 1740 1429 ferat,
1780 1373 1863 1418 sed
1899 1371 1954 1417 ab
1993 1371 2136 1417 altero

169 1441 256 1489 sibi
308 1442 420 1489 ferri
467 1442 596 1488 sinat.
666 1439 750 1497 Qui
789 1453 929 1487 carne
967 1446 1120 1485 castus
1157 1445 1253 1494 est,
1293 1452 1349 1484 ne
1387 1439 1659 1497 insolescat,
1698 1455 1804 1487 cum
1838 1441 1953 1486 sciat
2001 1440 2135 1486 alium

167 1525 288 1567 esse,
325 1511 404 1572 qui
440 1511 745 1557 continentiae
782 1509 953 1556 donum
987 1509 1086 1570 ipse
1123 1506 1306 1554 tribuat.
1381 1508 1734 1557 Consideremus
1784 1523 1920 1570 ergo,
1955 1509 2136 1566 fratres,

169 1595 226 1629 ex
258 1595 349 1643 qua
380 1581 568 1627 materia
602 1579 708 1626 facti
747 1579 908 1635 simus,
942 1578 1021 1640 qui
1058 1584 1105 1624 et
1144 1577 1302 1638 quales
1343 1579 1561 1626 mundum
1598 1580 1796 1641 ingressi
1833 1579 2003 1635 simus,
2041 1585 2137 1625 tan·

168 1665 302 1713 quam
334 1665 389 1698 ex
424 1649 670 1711 sepulchro
706 1655 753 1696 et
798 1648 1020 1696 tenebris.
1091 1647 1175 1704 Qui
1211 1660 1297 1692 nos
1334 1647 1446 1694 fecit
1491 1655 1537 1695 et
1572 1649 1802 1706 condidit,
1851 1648 2136 1710 praeparatis

169 1721 298 1783 prius
334 1719 584 1767 benefactis
621 1719 742 1775 suis,
781 1725 1022 1779 antequam
1058 1730 1382 1773 nasceremur,
1433 1718 1478 1763 in
1515 1719 1734 1765 mundum
1782 1732 1919 1774 suum⁴
1950 1732 2035 1764 nos
2073 1717 2138 1763 in·

169 1789 385 1836 troduxit.
455 1788 575 1835 llaec
612 1788 753 1848 igitur
787 1788 938 1834 omnia
975 1801 1077 1833 cum
1114 1786 1169 1832 ab
1207 1800 1262 1832 eo
1300 1787 1574 1845 habeamus,
1624 1789 1670 1834 in
1722 1787 1934 1836 omnibus
1970 1787 2138 1848 gratias

171 1859 258 1921 ipsi
293 1872 430 1920 agere
467 1856 701 1915 deb-us,
736 1858 811 1903 cui
845 1864 917 1903 est
952 1856 1097 1918 gloria
1134 1856 1178 1901 in
1218 1856 1372 1902 secula
1410 1857 1684 1904 seculorum.
1755 1859 1911 1903 Amen.

680 1953 864 2000 XXXIX.
935 1954 1040 2001 Non
1075 1959 1140 1999 est
1176 1965 1267 2012 quo
1321 1954 1619 2003 extollamur.

312 2034 447 2084 Stulti
484 2037 619 2083 unice
654 2044 702 2083 et
738 2037 1020 2097 insipientes»,
1061 2042 1108 2081 et
1144 2034 1253 2081 fatui
1292 2043 1336 2082 et
1372 2036 1570 2097 imperiti
1594 2035 1808 2083 derident
1835 2049 1919 2082 nos
1951 2049 2003 2082 ac
2031 2035 2136 2082 sub·

173 2113 379 2162 sannant,
414 2105 520 2151 dum
556 2104 907 2166 cogitationibus
945 2105 1042 2150 suis
1079 2117 1129 2150 se
1167 2105 1383 2152 extollere
1424 2105 1625 2166 cupiunt.
1673 2105 1791 2162 Quid
1827 2105 1947 2151 enim
1983 2111 2140 2167 potest

173 2174 401 2232 mortalis,
446 2181 525 2221 aut
570 2173 703 2236 quale
748 2173 891 2221 robur
941 2171 1234 2234 terrigenae?
1307 2172 1538 2236 Scriptum
1584 2175 1704 2221 enim
1752 2180 1846 2221 est:
1895 2188 2004 2231 ,non
2042 2181 2141 2221 erat

174 2244 320 2307 figura
354 2251 459 2291 ante
495 2244 657 2291 oculos
690 2257 834 2301 meos,
869 2243 953 2290 sed
989 2257 1143 2289 auram
1175 2250 1221 2289 et
1258 2257 1413 2290 vocem
1451 2242 1689 2290 audiebam
1727 2244 1979 2290 dicentem:
2027 2243 2140 2304 quid

171 2313 331 2362 enim?
379 2313 600 2374 numquid
636 2313 775 2359 bomo
814 2326 967 2359 coram
1003 2312 1193 2358 Domino
1232 2312 1429 2358 mundus
1467 2313 1568 2369 erit,
1605 2312 1678 2358 vel
1714 2313 1770 2358 de
1794 2310 2015 2373 operibus
2040 2312 2138 2358 suis

172 2381 461 2444 inculpabilis
499 2383 587 2437 vir,
639 2383 678 2428 si
716 2383 860 2429 servis
907 2382 1004 2428 suis
1055 2395 1146 2427 non
1183 2380 1395 2435 confidit,
1448 2388 1493 2427 et
1539 2382 1585 2427 in
1634 2380 1810 2442 angelis
1860 2380 1955 2427 suis
2002 2395 2140 2442 prava

170 2451 516 2499 animadvertit?
570 2450 756 2498 Coelum
790 2464 976 2512 quoque
1013 2463 1106 2496 non
1144 2457 1215 2496 est
1251 2451 1470 2497 mundum
1507 2457 1610 2496 ante
1647 2464 1775 2507 eum3
1811 2449 1953 2496 multo
1988 2450 2139 2496 minus

171 2519 427 2568 habitantes
465 2519 628 2567 domos
661 2519 833 2576 luteas,
870 2533 926 2567 ex
962 2518 1129 2580 quibus
1167 2526 1214 2566 et
1250 2520 1338 2581 ipsi
1377 2520 1433 2567 de
1471 2520 1634 2567 eodem
1655 2519 1750 2566 luto
1776 2532 1949 2567 sumus,
1999 2519 2139 2567 Devo-

170 2590 284 2637 ravit
318 2589 420 2636 illos
458 2594 672 2650 tanquam
700 2590 835 2646 tinea,
873 2596 920 2636 et
955 2603 981 2635 a
1017 2602 1149 2635 mane
1181 2603 1329 2650 usque
1367 2590 1424 2636 ad
1460 2603 1700 2650 vesperam
1735 2589 1853 2636 ultra
1890 2603 1983 2635 non
2007 2594 2140 2645 sunt3

168 2673 241 2713 eo.
278 2658 404 2720 quod
439 2672 533 2706 non
568 2666 766 2720 possunt
798 2657 888 2706 sibi
925 2658 1038 2719 ipsis
1071 2657 1329 2716 subvenire,
1367 2660 1617 2720 perierunt.
1688 2658 1941 2722 insufflavit
1976 2659 2058 2715 eiS,
2096 2664 2143 2705 et

171 2729 473 2785 interierunt,
509 2729 615 2790 quia
652 2742 746 2775 non
779 2727 1008 2775 habebant
1055 2728 1336 2790 sapientiam.
1408 2729 1571 2776 Invoca
1606 2734 1781 2787 autem,
1821 2729 1860 2775 si
1909 2728 2012 2789 quis
2057 2727 2139 2774 tibi

252 2864 301 2916 4)
330 2864 360 2906 I.
390 2876 427 2905 e.
456 2864 552 2918 quin
574 2864 705 2912 etiam,
739 2864 835 2915 quin
865 2863 1027 2915 potius,
1061 2868 1125 2927 ut
1183 2861 1397 2915 Epiphanii
1437 2861 1567 2927 (baer.
1602 2863 1678 2927 3Q,
1714 2860 1797 2915 15.)
1837 2868 1877 2902 et
1905 2859 2138 2914 Hieronymi

171 2933 335 2986 ...2
379 2932 465 3017 w.
481 2917 757 3017 ‘esaan
786 2919 945 3016 ..3:2¹0
1182 2918 1764 3027 lf⁰¹¹³³25¹3v¹2:5¹⁰v.1¹f;*;·..‚¹·
1797 2917 2139 3027 ;·..¹²v·.2n.‘f.·

174 2983 462 3086 ωωὲξιιῖἳῌ
494 2989 558 3074 ΙῗΙ.
593 3030 635 3084 1)
650 2987 1126 3084 Eph.{›‚2t.it>etr.5‚5.
1182 2988 1485 3085 perpepistolas
1517 3007 1614 3073 suas
1647 3005 1804 3071 Iocut’us
1835 3032 1978 3070 suerat.
2009 3029 2090 3069 Iac.

263 3088 310 3142 2)
340 3089 409 3131 Sic
454 3088 578 3129 Wott.
638 3086 682 3128 In
724 3086 796 3128 Hs.
843 3086 1125 3145 τμμελείτω,
1266 3089 1312 3140 7)
1348 3089 1576 3129 Membrana
1607 3089 1739 3129 lacera
1762 3086 1937 3140 spatium
1970 3084 2138 3126 forsitan

175 3145 324 3187 ttittins
356 3140 497 3199 Μήτι
526 3140 770 3202 ἀμελείτω.
1183 3145 1302 3186 trium
1331 3151 1400 3186 aut
1438 3151 1611 3198 quatuor
1644 3145 1847 3185 literarum
1879 3147 1975 3195 post
2002 3140 2141 3199 σαρκὶ

266 3201 315 3254 3)
344 3202 477 3245 Locus
495 3200 639 3243 citatus
658 3212 679 3240 a
704 3197 829 3241 Clem.
850 3198 955 3241 Alex.
979 3200 1126 3242 Strom.
1184 3201 1329 3254 linquit
1357 3201 1498 3254 (loa),
1536 3201 1645 3254 quod
1677 3201 1794 3242 Nolte
1840 3211 1913 3252 per
1960 3207 2139 3254 σιγατω

178 3256 240 3308 IV,
272 3258 338 3301 17.
369 3270 410 3312 p.
440 3257 538 3300 613.
1186 3257 1426 3310 explendum
1456 3264 1582 3310 putat.
1624 3257 1687 3310 (11.
1720 3257 1783 3298 ed.
1815 3254 1897 3308 IV.)

261 3314 289 3356 4
374 3311 403 3367 ὴ
432 3308 487 3357 λό
547 3325 591 3361 ις
615 3306 770 3371 μόνον
796 3310 920 3354 Clem.
950 3311 1057 3354 Alex.
1270 3314 1316 3366 8)
1349 3314 1413 3354 Pe.
1448 3313 1540 3364 138,
1576 3314 1640 3356 15.

263 3370 291 3412 5
394 3382 443 3412 ov
488 3326 557 3420 ς,
588 3367 628 3411 2.
1270 3369 1316 3422 9)
1347 3370 1361 3410 I
1394 3370 1536 3411 Thess.
1567 3371 1606 3419 5,
1641 3369 1705 3411 18.

345 3424 428 3468 Clr.
453 3425 579 3479 Ignst.
606 3424 658 3467 ad
687 3423 825 3478 Polyc.
856 3438 890 3466 e.
919 3426 960 3467 5.
1022 3425 1131 3467 Tert.
1271 3425 1368 3479 Cap.
1392 3426 1555 3467 XXXIX.
1623 3424 1665 3477 1)
1696 3424 1779 3466 Iob.
1812 3424 1853 3475 4,
1895 3421 2072 3468 16-18.

141 3482 154 3503 ⁸
187 3480 238 3522 de
265 3490 390 3535 ma.
417 3480 495 3524 vel.
524 3493 560 3523 c.
592 3481 657 3524 ¹3.
715 3480 759 3522 In
803 3481 883 3523 boc
922 3481 1015 3522 loco
1049 3480 1130 3523 Co·
1272 3481 1319 3535 2)
1350 3482 1435 3524 lob.
1472 3482 1536 3531 15,
1572 3482 1635 3523 15.

182 3535 348 3579 teter-tu
371 3535 460 3590 {sibi
495 3536 605 3581 visus
646 3543 710 3579 est
745 3536 881 3579 videre
926 3550 1050 3579 unum
1085 3550 1129 3580 ex
1271 3539 1317 3592 3)
1345 3539 1429 3579 Iob.
1461 3538 1500 3587 4,
1536 3536 1712 3579 19-21.

185 3591 284 3643 itus,
312 3590 513 3648 inquil*
530 3591 729 3645 Glaucus,
759 3593 865 3636 iuxta
892 3593 1131 3637 relationem
1271 3593 1319 3648 4)
1347 3594 1431 3636 Iob.
1464 3594 1502 3643 5,
1537 3593 1657 3635 1—5.
