2340 3900
478 145 687 195 loNATtt
722 143 992 193 EPISTULA
1030 143 1101 189 An
1137 143 1415 192 nomos,
1465 143 1554 193 vu.
1593 142 1704 192 vlu.
1740 144 1810 208 ΙΧ.
1846 145 1895 191 Χ.
2065 142 2165 192 347

202 294 293 334 tem
346 286 435 334 alia
479 277 598 331 viva'
640 286 797 329 manet
840 280 884 326 in
933 295 1006 327 me
1044 282 1319 329 intrinsecus
1354 281 1465 330 mibi
1501 283 1684 330 dicens:
1731 283 1842 330 Veni
1880 283 1939 330 ad
1974 284 2168 331 Patrem.

202 356 300 402 Non
335 346 551 402 comedo⁸
582 363 737 399 oseam
773 349 1101 409 corruptioniS,
1137 364 1287 410 neque
1325 352 1576 412 voluptates
1612 353 1730 399 vitae
1750 352 1887 400 buius
1915 346 2167 400 desidero.⁹

202 417 411 471 Panem¹’
443 420 523 468 Dei
557 417 686 474 volo,
730 431 896 478 panem
933 417 1203 473 caelestem,
1255 434 1419 478 panem
1454 421 1586 473 vitae.
1624 415 1775 480 quae¹¹
1813 428 1886 468 est
1920 435 2025 468 caro
2063 422 2166 468 lesu

202 492 368 538 Christi
404 489 503 536 filii
538 487 650 542 Dei,
695 487 775 547 qui
807 492 939 532 natus
991 493 1063 531 est
1098 487 1143 531 in
1179 487 1426 534 novissimo
1475 504 1530 535 ex
1566 490 1739 536 semine
1772 490 1907 537 David
1953 497 1999 536 et
2032 490 2168 537 Abra-

200 562 308 607 bae:
352 565 396 604 et
428 563 588 619 potum
623 555 725 602 volo
758 547 1066 616 sanguinem¹²
1098 554 1223 611 eius',
1271 556 1349 615 qui
1387 563 1459 602 est
1506 557 1687 604 dilectio
1728 558 2088 621 incorruptibilis
2123 565 2169 605 et

199 630 286 675 vita
319 634 520 674 aeterna.

335 769 445 815 vlu.
519 769 612 815 lam
645 769 754 816 nolo
791 757 1043 816 seeundum
1079 762 1307 815 homines¹
1344 770 1518 815 vivere:
1557 771 1644 816 boc
1682 777 1831 817 autem
1869 774 1969 827 erit,
2009 773 2050 820 si
2085 777 2166 820 vos

195 831 466 887 volueritis.²
537 831 742 885 Christo³
777 837 1051 927 crucifigor3
1089 838 1175 884 iam
1214 851 1300 898 ego
1339 851 1430 883 non
1466 838 1579 894 vivo,
1618 840 1830 899 quoniam
1858 835 1981 888 vivit⁴
2017 843 2063 888 in
2096 857 2167 888 me

195 908 417 957 Christus.
488 907 576 955 Per
609 899 812 955 modica⁸
845 907 1018 968 scripta
1053 920 1168 967 rogo
1207 920 1316 963 voS,
1370 921 1427 952 ne
1482 907 1591 954 mihi
1643 904 1915 956 obsistatis.⁶
1986 910 2166 959 Credite

194 978 322 1033 mibi,
357 977 464 1038 quia
499 975 651 1024 lesum
686 975 841 1038 diligo,
878 976 1094 1037 quoniam
1131 981 1178 1021 et
1213 976 1312 1036 ipse
1351 975 1510 1022 dilexit
1544 990 1631 1031 me,
1670 983 1718 1022 et
1741 978 1942 1038 seipsum
1980 980 2167 1028 tradidit

193 1061 280 1107 pro
316 1060 404 1093 me.
474 1045 593 1102 Quid
626 1045 877 1093 retribuam
913 1038 1127 1092 Domino'
1163 1059 1248 1105 pro
1286 1043 1524 1100 omnibns,
1576 1059 1692 1106 quae
1743 1047 1955 1094 retribuit
2002 1043 2165 1095 ιιιίΙιίΖει

192 1116 300 1204 Ιριιιοι
332 1122 484 1162 autem
521 1114 642 1163 Deus
677 1107 746 1162 et’
780 1115 916 1162 Pater
953 1122 999 1163 et
1034 1113 1251 1161 Dominus
1288 1115 1416 1163 lesus
1456 1114 1663 1161 Christus
1711 1113 2056 1164 manifestabit¹⁰
2092 1132 2165 1165 vo-

192 1177 300 1232 bis¹¹
338 1185 454 1234 haec
487 1184 654 1239 omnia,
693 1176 840 1246 quia¹’
875 1198 983 1232 vero
1013 1183 1133 1231 dico.
1204 1183 1258 1230 Et
1279 1197 1361 1230 vos
1381 1183 1516 1230 simul
1542 1184 1944 1245 condeprecainini
1971 1201 2164 1244 meeum,

193 1260 244 1301 ut
279 1253 486 1301 laborem
522 1267 783 1315 consequar
830 1253 877 1300 in
912 1253 1086 1315 Spiritu
1122 1251 1306 1300 Sancto.
1378 1252 1476 1299 Non
1530 1253 1781 1300 secundum
1819 1269 2000 1302 carnem
2038 1255 2165 1301 vobis

192 1324 378 1384 scripsi,
416 1322 500 1369 sed
534 1323 787 1369 secundum
825 1322 1173 1384 dispositionem
1211 1322 1307 1370 Dei.
1359 1322 1406 1368 Si
1445 1329 1592 1368 autem
1629 1335 1796 1384 passus
1827 1323 1975 1380 suero,
2014 1324 2165 1370 dilexi-

192 1393 275 1438 stis
310 1406 409 1451 me5
445 1391 529 1438 sed
565 1391 606 1437 si
641 1391 914 1453 reprobatus
950 1384 1137 1447 suero‚¹³
1175 1390 1282 1437 odio
1320 1406 1392 1437 me
1431 1391 1669 1438 habuistis.

325 1544 395 1590 lx.
443 1542 718 1591 Mementote
754 1544 802 1590 in
839 1542 1125 1590 orationibus
1160 1543 1325 1589 vestris
1364 1542 1499 1596 illius,
1539 1545 1618 1602 qui
1635 1557 1718 1603 pro
1746 1557 1818 1590 me
1856 1548 2067 1590 recturus
2095 1550 2166 1590 est

186 1613 451 1670 Ecclesiam,
488 1627 605 1674 quae
641 1617 714 1659 est
749 1612 796 1659 in
835 1611 982 1674 Syria.
1039 1611 1217 1658 Credite
1243 1611 1433 1658 Domino
1473 1612 1641 1658 dicenti
1655 1605 1684 1657 :¹
1721 1613 1830 1673 ‚Ego
1866 1626 1967 1658 sum
2005 1620 2163 1673 pastor

190 1680 386 1736 bonus3‘
422 1689 471 1728 et
503 1681 632 1728 solus
668 1695 771 1732 eam
805 1675 1046 1738 visitabit?¹
1080 1687 1128 1728 et
1163 1682 1224 1727 sit
1257 1687 1409 1728 vestra
1447 1682 1492 1728 in
1513 1675 1590 1728 eo³
1629 1681 1829 1728 dilectio.
1882 1680 1978 1743 Ego
2017 1688 2164 1729 autem

183 1758 232 1799 et
263 1750 492 1799 erubesco
529 1765 584 1798 ex
619 1751 735 1813 ipsis
774 1750 880 1800 dici.
953 1750 1055 1798 Non
1092 1744 1234 1798 enim⁴
1266 1765 1367 1798 sum
1404 1751 1570 1813 dignus
1622 1766 1725 1797 esse
1762 1751 1944 1798 ultimus
1983 1745 2164 1798 eorum⁵

183 1828 261 1868 aut
289 1827 665 1899 purgamentum:
699 1821 783 1868 sed
819 1818 1092 1867 miserabilis
1132 1813 1254 1867 sum⁶
1291 1835 1440 1877 nunc,
1486 1821 1634 1866 donec
1671 1819 1813 1866 Deum
1853 1835 2032 1867 merear
2071 1821 2161 1867 adi·

184 1891 316 1952 pisci.
389 1888 564 1937 Salutat
614 1903 698 1936 vos
734 1888 926 1950 spiritus
961 1884 1133 1946 meus?
1173 1897 1220 1936 et
1256 1889 1440 1936 dilectio
1477 1889 1789 1945 ecclesiarum,
1827 1903 1942 1949 quae
1981 1904 2051 1935 ine
2090 1905 2161 1936 su·
2190 1928 2200 1937 .

185 1965 459 2021 scepei-unt,
505 1959 626 2007 sicut
669 1972 841 2007 nomen
886 1959 990 2006 lesu
1039 1958 1222 2005 Christi.
1305 1958 1535 2005 Habentes
1585 1952 1727 2005 enim⁸
1775 1973 1847 2004 me
1892 1973 1985 2005 non
2033 1959 2163 2018 quasi

185 2034 509 2086 transeuntem,
544 2020 850 2091 aspiciebant⁹
885 2027 1001 2075 viam
1036 2041 1184 2075 meam
1221 2034 1267 2075 et
1301 2042 1387 2089 per
1421 2021 1681 2074 civitatem⁰
1715 2042 1787 2075 me
1826 2027 2125 2075 deducebant.

321 2180 373 2227 Χ,
442 2182 565 2230 Haec
611 2181 752 2243 igitur
794 2180 953 2230 scribo
999 2181 1130 2229 vobis
1167 2182 1224 2230 de
1261 2181 1454 2243 Smyrna
1501 2196 1583 2242 per
1617 2181 1841 2243 Ephesios
1878 2180 2158 2229 beatitudine

182 2250 361 2312 dignos.
432 2250 515 2299 Est
547 2245 718 2300 autem¹
754 2263 935 2299 mecum
983 2251 1121 2298 simul
1158 2265 1261 2298 cum
1299 2250 1400 2297 aliis
1440 2250 1638 2307 CrocuS,
1690 2251 1995 2298 desiderabile
2044 2252 2156 2297 mihi

182 2334 363 2368 nomen.
430 2320 497 2368 Ex
529 2320 639 2377 his,
697 2320 777 2383 qui
822 2319 1105 2368 advenerunt
1156 2319 1214 2367 de
1251 2318 1385 2381 Syria
1431 2320 1488 2367 ad
1535 2320 1724 2366 Romam
1775 2320 1821 2366 in
1845 2320 2012 2381 gloria
2063 2319 2159 2376 Dei,

183 2388 326 2437 credo
361 2403 443 2437 vos
479 2402 761 2454 αρισοπη,
810 2403 929 2451 quae
972 2389 1087 2438 mibi
1136 2382 1424 2446 mandastis,
1462 2389 1611 2436 adhuc
1646 2388 1853 2450 proxime
1892 2389 2158 2436 constituto.

263 2606 311 2660 7)
339 2618 446 2660 aqu
474 2613 606 2650 antem
630 2609 721 2648 vina
749 2608 833 2649 alia
864 2606 949 2648 Pal.
985 2606 1081 2658 neg.
1284 2604 1358 2656 ll)
1389 2609 1507 2649 nobis
1539 2608 1634 2658 Reg.

266 2662 314 2713 8)
341 2664 541 2706 comeam
566 2662 653 2705 1²21.
683 2663 779 2716 Reg.
1284 2663 1359 2715 12)
1389 2678 1468 2717 qua
1498 2663 1585 2705 Pal.

265 2718 313 2773 9)
343 2732 468 2774 neque
497 2720 923 2763 desiderovoluneatem
942 2723 1018 2762 vite
1035 2721 1133 2770 Pal„
1284 2720 1354 2772 13)
1387 2720 1506 2761 Vocc.
1549 2718 1752 2761 dilexistis
1791 2731 1876 2759 me:
1919 2720 1988 2758 sed
2022 2720 2056 2759 si
2086 2731 2150 2758 re-

181 2787 306 2831 steque
335 2776 515 2817 desidem
540 2775 779 2820 volumtatem
805 2777 885 2818 vile
907 2777 1025 2818 huius
1040 2778 1134 2829 Reg.
1193 2778 1385 2830 probatus
1416 2778 1532 2828 suero
1566 2789 1643 2815 om.
1676 2775 1762 2814 Pal.

269 2830 341 2884 10)
369 2833 471 2872 enin·
496 2829 722 2883 interponit
749 2829 832 2872 Pal.
1285 2832 1382 2885 Cap.
1413 2832 1475 2872 IX.
1540 2831 1580 2883 1)
1611 2832 1669 2871 10.
1704 2831 1769 2879 10,
1806 2829 1897 2893 .¹¹·

275 2886 347 2938 ll)
374 2900 444 2940 §⁸⁸
469 2887 568 2938 Res-
1279 2889 1324 2942 2)
1356 2893 1393 2929 el
1427 2891 1537 2930 solus
1581 2899 1704 2927 causa
1740 2889 1914 2926 vistlam
1958 2885 2068 2934 Par,
2107 2891 2144 2926 et

266 2941 342 3038 ἐξ)
370 2941 730 3046 :witzam
847 2996 876 3038 P
905 2996 915 3038 Ι
1195 2946 1514 3052 εοΙαΞ)υἰεῢιΙιυὶΙι
1547 2956 1631 2984 eam
1661 2943 1755 2993 Reg.

299 3010 365 3050 ap.
480 3027 492 3037 .
732 3008 819 3038 nen
878 3010 931 3038 a.
1356 3013 1402 3040 ea
1453 3005 1490 3039 'a
1512 3030 1521 3040 .

270 3053 316 3104 2)
343 3052 512 3119 ὀἴκει-ἑξ
541 3050 626 3094 rat.
1281 3057 1327 3108 4)
1357 3058 1460 3098 enim
1491 3068 1564 3096 non
1602 3055 1678 3094 inv.
1712 3053 1795 3122 Pal-¹.
1855 3108 1861 3117 .

267 3107 314 3161 3)
348 3109 395 3149 ln
419 3109 569 3150 clansio
597 3106 682 3149 Pal.
722 3105 785 3148 Cf.
819 3107 906 3148 Get.
941 3108 981 3157 2,
1016 3109 1080 3150 19.
1284 3111 1330 3160 5)
1361 3125 1493 3153 eornm
1526 3123 1603 3152 om.
1628 3111 1720 3162 Reg.
1767 3108 1944 3149 bubinde
1973 3115 2058 3149 erat
2083 3122 2156 3149 αα-

268 3166 316 3217 4)
349 3165 419 3206 Sic
447 3163 540 3206 dedi
571 3175 616 3206 cx
654 3162 739 3204 Pal.
768 3163 885 3215 neg„
925 3166 1022 3218 quio
1061 3167 1139 3205 inm
1197 3172 1271 3208 tem
1302 3167 1341 3208 in
1370 3166 1453 3207 Pan.
1875 3221 1882 3228 .
2083 3222 2088 3228 ”
2113 3178 2126 3189 ·

182 3234 253 3274 eqo
285 3233 362 3263 non
389 3223 508 3273 σίνος
531 3222 627 3286 vivit
653 3231 746 3261 vero
775 3219 880 3271 vulg.
907 3276 915 3285 .
1275 3222 1326 3287 ,6)
1358 3225 1638 3266 miserabiliter
1664 3222 1807 3287 (.¹¹.¹⁵⁶⁸⁰
1850 3220 2006 3261 videtur
2037 3233 2157 3262 maw-

269 3279 317 3324 5)
350 3276 423 3319 sto
457 3278 613 3319 modica
641 3288 681 3372 r.
709 3274 780 3317 Per
807 3277 964 3318 maduo
995 3276 1079 3318 1‘01.
1196 3278 1398 3331 rabanum)
1429 3291 1469 3332 p.
1499 3280 1743 3320 miserabilis
1777 3291 1865 3318 oum
1896 3276 1979 3318 val.

273 3335 301 3376 6
348 3333 557 3374 observetis
587 3331 640 3373 i'a
660 3362 670 3372 .
700 3330 795 3383 neg.
1278 3334 1323 3386 7)
1354 3339 1510 3375 sanctu
1546 3336 1639 3386 neg.

343 3387 584 3439 SicexPai„
598 3386 754 3439 eivutg
787 3386 975 3429 Neutrum
994 3387 1136 3436 innon.
1282 3389 1327 3442 8)
1357 3390 1461 3430 enim
1491 3390 1576 3432 des.
1606 3390 1644 3430 in
1679 3388 1761 3430 Pal.
1792 3389 1885 3439 neg.

271 3444 319 3492 8)
350 3443 415 3485 ru.
448 3444 541 3494 ns,
575 3444 640 3486 12.
1279 3448 1324 3499 9)
1355 3451 1391 3486 et
1430 3447 1672 3498 aspiciebant
1705 3445 1788 3485 Pan.
1819 3445 1913 3497 neg.

271 3499 320 3553 0)
349 3505 389 3541 el
418 3474 668 3552 &fni-Reg-
698 3512 746 3542 ae
777 3500 983 3541 nonnuliis
1017 3501 1134 3552 vulg.
1287 3503 1356 3554 10)
1388 3514 1459 3553 pro
1494 3502 1652 3542 civitate
1686 3500 1769 3542 Pal.

190 3556 304 3597 deest
334 3568 401 3608 ap.
433 3552 622 3597 Cureton.
1286 3560 1382 3610 (NJap
1414 3556 1456 3597 Χ.
1521 3555 1562 3610 1)
1591 3559 1696 3598 enim
1729 3556 1811 3598 Pal.
1844 3557 1937 3610 Reg.

274 3612 346 3665 10)
376 3611 645 3664 manifestavit
676 3611 760 3654 Pal.
789 3611 884 3663 neg.
1286 3614 1331 3667 2)
1363 3613 1559 3654 mundalis
1593 3612 1675 3654 Pan.
