2340 3900
272 237 371 284 612
997 233 1222 283 HERMAE
1260 235 1492 282 PASTOR.

268 373 388 417 σθαι
424 364 645 426 ἐκπλέξαι
682 361 738 414 τὰ
780 361 1024 434 πρόβατα,
1075 361 1180 414 ἀλλ’
1243 364 1562 430 ἐμπλέκεσθαι
1610 367 1679 427 εἷς
1727 386 1812 426 τας
1857 362 2082 426 ἀκάνθας
2130 367 2211 418 και

264 431 529 500 τριβόλους.
607 437 768 482 Ταῦτα
816 435 906 483 οὐν
944 432 1297 518 ἐμπεπλεγμένα
1333 433 1590 500 ἐβόσκοντο
1626 435 1678 485 έν
1711 441 1815 494 ταῖς
1851 431 2095 495 ἀκάνθαις
2129 436 2210 486 καὶ

264 501 518 587 τριβόλοις,
554 501 635 553 καὶ
672 503 780 552 λίαν
799 498 1153 587 ἐταλαιπώρουν
1177 499 1424 588 δερόμενα4
1463 501 1547 554 ὑπ’
1575 501 1747 554 αὐτοῦ·
1783 503 1865 554 καὶ
1901 496 1995 553 ώδε
2020 501 2210 555 κάκεῖσε

263 568 580 656 περιήλαυνεν
634 566 782 653 αὐτά,
798 570 898 621 καὶ
946 567 1219 622 ἀνάπαυσιν
1267 568 1432 632 αὐτοῖς
1477 569 1569 623 οὐκ
1616 573 1807 632 ἐδίδου,
1845 572 1926 623 καὶ
1962 570 2086 632 όλως
2121 570 2212 624 οὐκ

265 637 603 691 εὖσταθοῦσαν
637 635 694 689 τὰ
730 613 950 706 πρόβατα
985 639 1160 696 ἐκεῖνα.

406 734 478 780 ΙΙΙ.
551 727 752 779 Βλέπων
793 747 883 778 ουν
928 725 1052 778 αὐτὰ
1103 725 1230 778 οῦτω
1266 725 1618 796 μαστιγούμενα
1652 727 1734 778 καὶ
1757 725 2212 814 ταλαιπωρούμεναι

264 794 546 870 ἐλυπούμην
582 794 656 848 ἐπ’
712 793 901 859 αὐτοῖς,
952 795 1026 847 ότι
1062 795 1214 857 οὕτως
1251 797 1584 863 ἐβασανίζοντο
1627 797 1709 846 καὶ
1744 793 1924 884 ἀνοχὴν
1960 795 2084 857 όλως
2119 795 2211 848 οὐκ

266 861 404 930 εἶχον.
455 865 598 952 Λέγω
634 871 701 916 τῶ
736 865 930 951 ποιμένι
963 871 1029 936 τῷ
1066 863 1168 932 μετ’
1211 865 1328 931 ἐμοῦ
1364 871 1586 917 λαλοῦντι
1591 862 1773 950 Κύριε,
1810 867 1883 925 τίς
1919 865 2045 916 ἐστιν
2069 861 2212 926 οὗτος

265 931 294 984 6
328 932 511 1001 ποιμὴν
548 933 576 986 6
613 934 767 995 οῦτως
804 919 1156 1005 ἄσπλαγχνος
1136 934 1219 985 καὶ
1252 935 1445 1001 πικρὸς2
1483 934 1567 986 καὶ
1591 932 1714 993 όλως
1749 930 1814 998 μὴ
1852 932 2208 1001 σπλαγχνιζόμε

261 1022 347 1063 νος
382 1004 462 1055 ἐπὶ
496 1003 554 1054 τά
588 1002 808 1071 πρόβατα
843 1008 1020 1071 ταῦτα,
1083 997 1252 1066 Οὗτος,
1291 1005 1458 1069 φησίν,
1495 1002 1622 1053 ἐστὶν
1658 999 1688 1052 6
1724 998 1917 1069 ἅγγελος
1951 1007 2039 1068 τῆς
2070 1023 2210 1068 τιμω-

263 1074 395 1139 ρίας·
434 1073 488 1124 ἐκ
525 1071 575 1123 δὲ
610 1079 706 1124 τῶν
742 1074 944 1125 δικαίων
978 1078 1074 1124 τῶν
1087 1071 1318 1159 ἀγγέλων
1354 1073 1467 1133 ἐστί,
1502 1073 1719 1135 κείμενος
1755 1070 1807 1121 δὲ
1842 1070 1921 1121 ἐπὶ
1956 1091 2043 1137 της
2071 1093 2209 1137 τιμω-

262 1143 383 1203 ρίας.
458 1142 838 1210 Παραλαμβάνει
882 1143 972 1194 οὐν
1019 1162 1133 1202 τους
1181 1136 1635 1206 ἀποπλανωμένους
1668 1136 1764 1190 ἀπὸ
1809 1144 1895 1190 τοῦ
1941 1145 2067 1192 θεοῦ
2127 1141 2211 1192 καὶ

259 1211 591 1300 πορευθέντας
624 1218 730 1272 ταῖς
763 1211 1050 1296 ἐπιθυμίαις
1084 1210 1167 1262 καὶ
1202 1207 1407 1270 ἀπάταις
1428 1214 1516 1260 τοῦ
1539 1210 1717 1269 αἰῶνος
1739 1207 1932 1271 τούτου,
1965 1209 2048 1261 καὶ
2069 1230 2210 1275 τιμω-

260 1285 338 1346 ρεῖ
383 1278 573 1341 αὖτοὺςξ
609 1278 779 1341 καθὼς
814 1277 941 1341 άξιοί
976 1281 1078 1342 εἰσι,
1116 1280 1296 1339 δειναῖς
1314 1300 1398 1330 και
1418 1279 1658 1337 ποικίλαις
1674 1279 1936 1346 τιμωρίαις.
1973 1275 2208 1342 ’Ήθελον,

261 1350 388 1414 φημί
404 1392 415 1412 ,
471 1347 627 1417 κύριε,
679 1355 863 1436 γνῶναι
896 1347 982 1410 τὰς
1015 1322 1238 1408 ποικίλας
1269 1346 1515 1415 βασάνους
1566 1343 1743 1407 ταύτας
1781 1347 1932 1412 [καὶ]““’
1967 1349 2208 1415 τιμωρίας,

249 1420 472 1469 »ποταπαί
519 1420 652 1470 εἰσιν.
707 1415 919 1480 ’Ἀκουε,
968 1419 1114 1485 φησί,
1163 1416 1249 1478 τὰς
1293 1419 1514 1477 ποικίλας
1558 1415 1808 1483 βασάνους
1852 1437 1934 1468 και
1967 1419 2210 1503 τιμωρίας.

261 1489 492 1538 Βιωτικαί
527 1489 646 1538 εἰσιν
682 1488 735 1537 αἱ
765 1484 994 1553 βάσανοι·
1029 1488 1348 1553 τιμωροῦνται
1365 1484 1460 1573 γὰρ
1484 1486 1535 1538 οἷ
1556 1484 1653 1568 μὲν
1681 1487 1889 1573 ζημίαις,
1929 1505 1978 1536 οι
1964 1485 2048 1539 ’δὲ
2074 1484 2208 1538 ὕστε-

260 1552 470 1641 ρήσεσιν,
509 1557 559 1607 οἵ
591 1555 643 1607 δὲ
679 1553 957 1617 ἀσθενείαις
1009 1557 1278 1619 ποικίλαις,
1331 1557 1381 1607 οἱ
1412 1554 1465 1606 δὲ
1499 1551 1632 1640 πάσῃ
1668 1552 2020 1625 ἀκαταστασία,
2071 1557 2124 1607 οἱ
2155 1555 2207 1607 δὲ

259 1621 615 1709 ὑβριζόμενοι
584 1622 679 1676 υπὸ
711 1622 920 1687 ἀναξίων
955 1625 1036 1675 καὶ
1071 1624 1251 1691 ἑτέραις
1287 1630 1486 1685 πολλαῖς
1501 1606 1700 1707 πράξεσι
1719 1621 2006 1690 πάσχοντες·
2041 1625 2207 1677 πολλοὶ

258 1690 349 1778 γάρ
399 1693 834 1754 ἀκαταστατοῦντες
877 1700 982 1753 ταῖς
1033 1696 1234 1759 βουλαῖς
1281 1691 1440 1745 αὐτῶν
1490 1689 1824 1758 ἐπιβάλλονται
1883 1689 2066 1756 πολλά,
2125 1694 2207 1746 καὶ

260 1759 404 1812 οὐδὲν
440 1761 605 1822 αὐτοῖς
654 1761 779 1822 όλως
795 1769 1066 1849 προχωρεῖ.
1138 1763 1237 1812 Καὶ
1285 1762 1505 1830 λέγουσιν
1557 1759 1758 1822 εαυτοὺς
1793 1759 1858 1848 μὴ
1907 1761 2206 1814 εὐοδοῦσθαι

258 1830 309 1880 ἐν
345 1837 448 1890 ταῖς
482 1829 710 1896 πράξεσιν
729 1828 926 1920 Ἇαῦτῶν,
963 1830 1045 1880 καὶ
1081 1828 1172 1881 οὐκ
1208 1829 1459 1916 ἀναβαίνει
1493 1827 1654 1881 αὐτῶν
1689 1831 1768 1881 ἐπὶ
1790 1828 1878 1896 τὴν
1903 1831 2160 1916 καρδίαν’
2132 1853 2206 1883 οτι

257 1898 467 1964 ε’πραξαν
501 1897 691 1966 πονηρὰ
727 1900 853 1968 ἔργα,
891 1896 995 1950 ἀλλ’
1047 1900 1291 1950 αἰτιῶνται
1324 1896 1410 1950 τὸν
1442 1896 1625 1984 κύριον.
1681 1897 1839 1950 Ὀταν
1874 1892 1964 1950 οῦν
1999 1903 2206 1966 θλιβῶσι

255 1965 387 2039 πάσῃ
408 1970 598 2034 θλίψει,
634 1967 739 2020 τότε
778 1968 885 2034 ἐμοὶ
916 1969 1265 2035 παραδίδονται
1301 1969 1370 2029 εἰς
1407 1965 1605 2035 ἀγαθὴν
1638 1969 1865 2019 παιδείαν
1901 1989 1984 2020 και
1991 1970 2206 2054 ,ἰσχυρο-

254 2043 507 2089 ποιοῦνται
543 2039 594 2089 ἐν
629 2043 686 2109 τῇ
722 2039 876 2089 πίστει
910 2042 998 2089 τοῦ
1029 2040 1230 2105 κυρίου,
1278 2038 1361 2088 καὶ
1407 2058 1493 2098 τας
1537 2034 1709 2098 λοιπας
1743 2034 1924 2105 ἡμέρας
1955 2042 2044 2124 τῆς
2078 2043 2203 2106 ζωῆς

255 2106 417 2159 αὐτῶν
440 2089 728 2158 δουλεύούσι
763 2112 830 2158 τῶ
866 2108 1020 2177 κυρίῳ
1058 2108 1109 2158 ἐν
1143 2112 1343 2177 καθαρᾷ
1379 2108 1556 2193 καρδία
1588 2103 1764 2172 αὐτῶν,
1801 2106 1884 2158 καὶ
1921 2104 2205 2160 εὖοδοῦνται

253 2178 306 2228 ἐν
340 2174 470 2247 πάσῃ
506 2174 673 2245 πράξει
709 2174 882 2240 αὐτῶν,
921 2160 1245 2242 λαμβάνοντες
1279 2173 1412 2261 παρὰ
1458 2181 1547 2228 τοῦ
1597 2177 1771 2243 κυρίου
1810 2173 1968 2227 πάντα
2014 2175 2108 2228 όσα
2142 2175 2204 2230 ἄν

252 2229 500 2297 αἰτῶντάι·
559 2246 643 2297 καὶ
693 2244 797 2297 τότε
829 2221 1080 2308 δόξάζουσι
1114 2243 1198 2296 τὸν
1229 2242 1428 2314 κύριον,
1481 2244 1555 2297 ότι
1591 2245 1696 2311 ε’μοὶ
1732 2244 2085 2313 παρεδόθησαν
2119 2249 2202 2300 καὶ

253 2313 411 2367 ουκέτι
445 2313 587 2366 οὐδὲν
622 2313 858 2381 πάσχουσι
891 2321 988 2366 τῶν
1023 2320 1262 2382 πονηρῶν.

391 2419 458 2464 lV
529 2412 673 2497 Λέγω
710 2410 840 2506 αὐτῷ
877 2410 1046 2497 Κύριε,
1083 2412 1151 2463 ε’τι
1185 2432 1268 2477 μοι
1303 2416 1445 2462 τοῦτο
1482 2406 1712 2476 δήλωσον.
1789 2413 1862 2475 Τί,
1901 2413 2068 2479 φησίν,
2106 2413 2203 2465 ἐπι-

257 2483 439 2544 ζητεῖς,
503 2482 572 2530 Εἰ
608 2478 735 2546 ἀρα,1
765 2483 915 2564 φημί,
951 2479 1102 2566 κύριε,
1138 2478 1223 2532 τὸν
1260 2477 1409 2532 αὐτὸν
1441 2480 1615 2567 χρόνον
1649 2482 1984 2545 βασανίζονται
2021 2483 2073 2533 οἵ
2095 2503 2203 2550 τρυ-

251 2553 437 2611 φῶντες
482 2549 565 2598 καὶ
611 2547 940 2614 ἀπατωμενοι,
989 2547 1107 2600 όσον
1152 2554 1368 2616 τρυφῶσι
1417 2550 1500 2600 καὶ
1545 2546 1847 2634 ἀπατῶνται,
1918 2550 2064 2619 Λέγει
2116 2572 2197 2617 μοι

256 2615 355 2667 Τὸν
388 2613 539 2667 αὐτὸν
572 2615 745 2683 χρόνον
777 2619 1136 2683 βασανίζονται·
1125 2617 1161 2645 '²
1211 2618 1308 2667 ε’δει
1353 2614 1443 2684 γάρ
1479 2614 1592 2677 τοὺς
1628 2616 1754 2668 οὕτω
1789 2625 2075 2685 τρυφῶντας
2109 2621 2190 2671 καὶ

231 2685 721 2771 ἐπιλανθανομένους
769 2691 855 2737 τοῦ
905 2691 1029 2738 θεοῦ
1090 2686 1419 2745 ἓπταπλασίως
1472 2687 1831 2750 βασανίζεσθαι.
1912 2687 2059 2770 Λέγει
2112 2710 2194 2755 μοι

231 2751 439 2820 ’Ἁφρων
475 2750 540 2817 εἶ,
591 2755 673 2805 καὶ
709 2752 768 2805 οὖ
805 2760 932 2815 νοεῖς
966 2760 1053 2820 τῆς
1087 2753 1307 2820 βασάνου
1355 2751 1445 2820 τὴν
1473 2751 1701 2839 δύναμιν.
1774 2757 1844 2805 Εἰ
1874 2777 1964 2824 γαρ
2001 2754 2189 2822 ἐνόουν,

246 2825 385 2889 φημί,
422 2820 571 2910 κύριε,
609 2821 699 2874 οὐκ
735 2820 797 2874 ἀν
833 2821 1089 2890 ἐπηρώτων
1123 2824 1206 2874 ἵνα
1240 2843 1322 2889 μοι
1358 2820 1590 2911 δηλώσῃς.
1647 2820 1856 2908 ’'Anwe²
1893 2827 2069 2911 φησίν,
2106 2825 2191 2893 ἀμ-

245 2892 462 2959 φοτέρων
491 2913 581 2958 την
620 2889 840 2957 δύναμιν.
920 2898 1019 2958 Της
1066 2897 1254 2978 τρυφῆς
1305 2892 1387 2942 καὶ
1428 2889 1646 2979 ἀπάτηςη
1670 2890 1698 2943 6
1742 2891 1914 2979 χρόνος
1961 2892 2063 2981 ῶρα
2094 2895 2192 2949 ἐστὶ

243 2963 353 3026 μία·
389 2966 475 3027 τῆς
512 2960 563 3010 δε
599 2959 818 3026 βασάνου
853 2983 884 3026 η
909 2961 1026 3049 ὥρα
1063 2960 1112 3012 λ’
1149 2958 1342 3028 ημερῶν
1379 2957 1634 3045 δύναμιν’
1618 2960 1728 3026 ε’χει.
1793 2960 1915 3014 Ἐαν
1951 2957 2041 3015 οὖν
2075 2967 2190 3030 μίαν

240 3027 426 3115 ἡμέραν
460 3028 683 3115 τρυφήση
731 3052 803 3091 τις
844 3051 926 3081 και
960 3029 1215 3101 ἀπατηθῆ,
1267 3031 1382 3094 μίαν
1419 3028 1470 3079 δὲ
1503 3026 1686 3100 ημέραν
1721 3033 2028 3115 βασανισθῇ,
2074 3031 2190 3086 ολον

244 3095 464 3149 ἐνιαυτὸν
504 3096 669 3182 ἰσχύει
714 3095 745 3165 ’ἣ
791 3097 945 3165 ημέρα
991 3105 1077 3165 τῆς
1122 3083 1353 3164 βασάνου.
1410 3097 1568 3159 Ὀσας
1603 3100 1694 3149 οὐν
1729 3097 1908 3167 ημέρας
1953 3100 2188 3188 τρυφήσει

238 3187 326 3230 τις,
374 3163 632 3228 τοσούτους
676 3166 926 3228 ἐνιαυτοὺς
973 3171 1284 3250 βασανίζεται.
1361 3167 1559 3228 Βλέπεις
1604 3187 1718 3227 ουν,
1769 3171 1942 3234 φησίν,
1991 3169 2065 3221 ότι
2098 3177 2188 3238 τῆς

237 3241 428 3301 τρυφῆς
461 3236 543 3287 καὶ
578 3233 764 3304 ἀπάτης
799 3235 826 3288 6
860 3234 1032 3306 χρόνος
1068 3234 1307 3303 ἐλάχιστός
1343 3237 1455 3299 ἐστι,
1506 3257 1596 3303 της
1633 3235 1686 3288 δὲ
1720 3239 1949 3306 τιμωρίας
1982 3240 2066 3290 καὶ
2098 3242 2185 3306 βα-

236 3302 385 3356 σάνου
418 3303 582 3365 πολύς.

322 3444 368 3495 4)
404 3440 492 3485 eod.
525 3439 796 3499 δαιρόμενα.
915 3475 918 3478 Α
1315 3443 1358 3496 3)
1389 3443 1464 3484 καὶ
1495 3444 1535 3485 in
1566 3444 1655 3485 cod.
1687 3443 1809 3485 deest.

318 3500 506 3551 Cap.111.
569 3501 607 3550 1)
640 3500 730 3539 cod.
764 3499 1005 3553 ταλεπωρ.,
1039 3501 1110 3541 sed
1128 3515 1174 3541 αι

233 3566 354 3604 supel
384 3569 403 3596 ε
433 3568 493 3605 pr.
522 3568 636 3595 manu
669 3561 859 3595 notatum.
1318 3554 1413 3605 Cap.
1437 3553 1495 3594 IV.
1558 3554 1597 3605 1)
1621 3550 1732 3609 ι’ίρα,·
1763 3555 1839 3596 hoc
1856 3563 2020 3597 accentu
2042 3557 2178 3600 codex.

318 3610 360 3658 2)
390 3611 467 3650 καὶ
498 3608 684 3668 πικρὸς;
732 3611 830 3650 haec
876 3623 997 3662 supra
1030 3611 1172 3650 lineam

233 3663 434 3714 adscripta
467 3671 569 3705 sunt,
854 3695 860 3701 .
1315 3662 1359 3716 2)
1393 3663 1503 3704 deest
1533 3663 1726 3705 nonnihil.
