<?xml version="1.0" encoding="UTF-8"?>
<!DOCTYPE html PUBLIC "-//W3C//DTD XHTML 1.0 Transitional//EN"
    "http://www.w3.org/TR/xhtml1/DTD/xhtml1-transitional.dtd">
<html xmlns="http://www.w3.org/1999/xhtml" xml:lang="en" lang="en">
 <head>
  <title>
</title>
<meta http-equiv="Content-Type" content="text/html;charset=utf-8" />
  <meta name='ocr-system' content='tesseract 3.04.00' />
  <meta name='ocr-capabilities' content='ocr_page ocr_carea ocr_par ocr_line ocrx_word'/>
</head>
<body>
  <div class='ocr_page' id='page_1' title='image "./patrumapostolico00dresuoft/patrumapostolico00dresuoft_0290.png"; bbox 0 0 2340 3900; ppageno 0'>
   <div class='ocr_carea' id='block_1_1' title="bbox 219 179 1967 238">
    <p class='ocr_par' dir='ltr' id='par_1_1' title="bbox 219 179 1967 238">
     <span class='ocr_line' id='line_1_1' title="bbox 219 179 1967 238; baseline -0.003 -2"><span class='ocrx_word' id='word_1_1' title='bbox 219 185 316 238; x_wconf 87' lang='grc'>184</span> <span class='ocrx_word' id='word_1_2' title='bbox 412 185 619 234; x_wconf 86' lang='lat' dir='ltr'>IGNATH</span> <span class='ocrx_word' id='word_1_3' title='bbox 641 182 813 232; x_wconf 86' lang='lat' dir='ltr'>EPIST.</span> <span class='ocrx_word' id='word_1_4' title='bbox 837 182 906 229; x_wconf 88' lang='lat' dir='ltr'>AD</span> <span class='ocrx_word' id='word_1_5' title='bbox 932 179 1295 228; x_wconf 83' lang='lat' dir='ltr'>PHILADELPH.</span> <span class='ocrx_word' id='word_1_6' title='bbox 1334 180 1406 227; x_wconf 91' lang='lat' dir='ltr'>XI.</span> <span class='ocrx_word' id='word_1_7' title='bbox 1453 179 1522 227; x_wconf 83' lang='lat' dir='ltr'>AD</span> <span class='ocrx_word' id='word_1_8' title='bbox 1551 179 1894 228; x_wconf 82' lang='lat' dir='ltr'>SMYRNAEOS.</span> <span class='ocrx_word' id='word_1_9' title='bbox 1933 181 1967 231; x_wconf 94' lang='lat'>1.</span> 
     </span>
    </p>
   </div>
   <div class='ocr_carea' id='block_1_2' title="bbox 318 320 2058 380">
    <p class='ocr_par' dir='ltr' id='par_1_2' title="bbox 318 320 2058 380">
     <span class='ocr_line' id='line_1_2' title="bbox 318 320 2058 380; baseline -0.001 -9"><span class='ocrx_word' id='word_1_10' title='bbox 318 326 388 373; x_wconf 90' lang='lat' dir='ltr'>XI.</span> <span class='ocrx_word' id='word_1_11' title='bbox 462 322 651 370; x_wconf 79' lang='lat' dir='ltr'>Gratias</span> <span class='ocrx_word' id='word_1_12' title='bbox 687 322 816 368; x_wconf 84' lang='lat' dir='ltr'>vobis</span> <span class='ocrx_word' id='word_1_13' title='bbox 852 333 967 380; x_wconf 72' lang='lat' dir='ltr'>ayo,</span> <span class='ocrx_word' id='word_1_14' title='bbox 1005 321 1128 380; x_wconf 79' lang='lat' dir='ltr'>quod</span> <span class='ocrx_word' id='word_1_15' title='bbox 1165 321 1345 367; x_wconf 76' lang='lat' dir='ltr'><strong><em>comites</em></strong></span> <span class='ocrx_word' id='word_1_16' title='bbox 1375 334 1497 367; x_wconf 86' lang='lat' dir='ltr'>meos</span> <span class='ocrx_word' id='word_1_17' title='bbox 1534 320 1745 366; x_wconf 79' lang='lat' dir='ltr'>benevole</span> <span class='ocrx_word' id='word_1_18' title='bbox 1779 320 2058 379; x_wconf 76' lang='lat' dir='ltr'>suscepistis.</span> 
     </span>
    </p>
   </div>
   <div class='ocr_carea' id='block_1_3' title="bbox 764 401 1614 462">
    <p class='ocr_par' dir='ltr' id='par_1_3' title="bbox 764 401 1614 462">
     <span class='ocr_line' id='line_1_3' title="bbox 764 401 1614 462; baseline -0.001 -13"><span class='ocrx_word' id='word_1_19' title='bbox 764 401 979 449; x_wconf 66' lang='lat' dir='ltr'>Saluiam</span> <span class='ocrx_word' id='word_1_20' title='bbox 1014 416 1094 448; x_wconf 83' lang='lat' dir='ltr'>vos</span> <span class='ocrx_word' id='word_1_21' title='bbox 1129 402 1298 462; x_wconf 81' lang='lat' dir='ltr'>fratres</span> <span class='ocrx_word' id='word_1_22' title='bbox 1332 404 1382 449; x_wconf 80' lang='lat' dir='ltr'>in</span> <span class='ocrx_word' id='word_1_23' title='bbox 1423 403 1614 449; x_wconf 84' lang='lat' dir='ltr'>Troade.</span> 
     </span>
    </p>
   </div>
   <div class='ocr_carea' id='block_1_4' title="bbox 216 488 2163 1262">
    <p class='ocr_par' dir='ltr' id='par_1_4' title="bbox 216 488 2163 1256">
     <span class='ocr_line' id='line_1_4' title="bbox 356 488 2156 579; baseline -0.002 -35"><span class='ocrx_word' id='word_1_24' title='bbox 356 493 504 579; x_wconf 87' lang='grc' dir='ltr'><strong><em>Περὶ</em></strong></span> <span class='ocrx_word' id='word_1_25' title='bbox 517 492 568 544; x_wconf 82' lang='grc' dir='ltr'>δέ</span> <span class='ocrx_word' id='word_1_26' title='bbox 608 491 845 552; x_wconf 57' lang='grc' dir='ltr'><strong><em>Φίλωνοςι</em></strong></span> <span class='ocrx_word' id='word_1_27' title='bbox 878 495 965 543; x_wconf 87' lang='grc' dir='ltr'><strong><em>τοῦ</em></strong></span> <span class='ocrx_word' id='word_1_28' title='bbox 1001 488 1231 543; x_wconf 82' lang='grc' dir='ltr'><strong><em>διακόνου</em></strong></span> <span class='ocrx_word' id='word_1_29' title='bbox 1281 488 1375 543; x_wconf 75' lang='grc' dir='ltr'>ἀπὸ</span> <span class='ocrx_word' id='word_1_30' title='bbox 1409 492 1654 551; x_wconf 82' lang='grc' dir='ltr'><strong><em>Κιλικίας,</em></strong></span> <span class='ocrx_word' id='word_1_31' title='bbox 1673 488 1881 577; x_wconf 76' lang='grc' dir='ltr'><strong><em>ἆνδρος</em></strong></span> <span class='ocrx_word' id='word_1_32' title='bbox 1924 509 2156 577; x_wconf 85' lang='grc' dir='ltr'><strong><em>μεμαρτυ-</em></strong></span> 
     </span>
     <span class='ocr_line' id='line_1_5' title="bbox 218 555 2155 660; baseline -0.003 -44"><span class='ocrx_word' id='word_1_33' title='bbox 218 563 452 660; x_wconf 66' lang='lat' dir='ltr'>omoe&#39;vov3</span> <span class='ocrx_word' id='word_1_34' title='bbox 491 560 547 623; x_wconf 81' lang='grc' dir='ltr'>ὃς</span> <span class='ocrx_word' id='word_1_35' title='bbox 580 561 664 614; x_wconf 84' lang='grc' dir='ltr'>καὶ</span> <span class='ocrx_word' id='word_1_36' title='bbox 697 566 790 613; x_wconf 89' lang='grc' dir='ltr'>νῦν</span> <span class='ocrx_word' id='word_1_37' title='bbox 836 559 888 612; x_wconf 79' lang='grc' dir='ltr'><strong><em>ἒν</em></strong></span> <span class='ocrx_word' id='word_1_38' title='bbox 896 558 1077 650; x_wconf 79' lang='grc' dir='ltr'><strong><em>λόγῳ</em></strong></span> <span class='ocrx_word' id='word_1_39' title='bbox 1100 563 1226 613; x_wconf 85' lang='grc' dir='ltr'><strong>Θεοῦ</strong></span> <span class='ocrx_word' id='word_1_40' title='bbox 1277 558 1506 648; x_wconf 75' lang='grc' dir='ltr'><strong><em>ὑπηρετεῖ</em></strong></span> <span class='ocrx_word' id='word_1_41' title='bbox 1536 581 1618 627; x_wconf 92' lang='grc' dir='ltr'>μοι</span> <span class='ocrx_word' id='word_1_42' title='bbox 1669 580 1768 626; x_wconf 89' lang='grc' dir='ltr'>αμα</span> <span class='ocrx_word' id='word_1_43' title='bbox 1809 558 1913 628; x_wconf 56' lang='lat' dir='ltr'>Pap</span> <span class='ocrx_word' id='word_1_44' title='bbox 1942 555 2155 646; x_wconf 82' lang='grc' dir='ltr'><strong><em>Ἀγαθό-</em></strong></span> 
     </span>
     <span class='ocr_line' id='line_1_6' title="bbox 217 610 2158 720; baseline -0.003 -33"><span class='ocrx_word' id='word_1_45' title='bbox 217 633 379 697; x_wconf 57' lang='lat' dir='ltr'>noch?</span> <span class='ocrx_word' id='word_1_46' title='bbox 428 631 567 699; x_wconf 86' lang='grc' dir='ltr'><strong><em>ανδρὶ</em></strong></span> <span class='ocrx_word' id='word_1_47' title='bbox 612 631 841 720; x_wconf 78' lang='grc' dir='ltr'><strong><em>ἔκλεκτῷ,</em></strong></span> <span class='ocrx_word' id='word_1_48' title='bbox 894 627 950 692; x_wconf 82' lang='grc' dir='ltr'>ὃς</span> <span class='ocrx_word' id='word_1_49' title='bbox 986 627 1083 683; x_wconf 78' lang='grc' dir='ltr'>ἀπὸ</span> <span class='ocrx_word' id='word_1_50' title='bbox 1109 632 1307 718; x_wconf 80' lang='grc' dir='ltr'><strong><em>Συρίας</em></strong></span> <span class='ocrx_word' id='word_1_51' title='bbox 1331 651 1422 719; x_wconf 90' lang='grc' dir='ltr'>μοι</span> <span class='ocrx_word' id='word_1_52' title='bbox 1468 628 1754 692; x_wconf 79' lang='grc' dir='ltr'><strong><em>ἀκολουθεῖ,</em></strong></span> <span class='ocrx_word' id='word_1_53' title='bbox 1802 610 2158 694; x_wconf 81' lang='grc' dir='ltr'><strong><em>ἆπόταξαμενος</em></strong></span> 
     </span>
     <span class='ocr_line' id='line_1_7' title="bbox 219 695 2157 790; baseline -0.004 -34"><span class='ocrx_word' id='word_1_54' title='bbox 219 709 285 790; x_wconf 83' lang='grc' dir='ltr'><strong><em>τῷ</em></strong></span> <span class='ocrx_word' id='word_1_55' title='bbox 338 703 456 789; x_wconf 80' lang='grc' dir='ltr'><strong><em>βίῳ,</em></strong></span> <span class='ocrx_word' id='word_1_56' title='bbox 500 703 548 752; x_wconf 80' lang='grc' dir='ltr'>οἱ</span> <span class='ocrx_word' id='word_1_57' title='bbox 594 701 677 752; x_wconf 87' lang='grc' dir='ltr'>καὶ</span> <span class='ocrx_word' id='word_1_58' title='bbox 723 705 1049 787; x_wconf 88' lang='grc' dir='ltr'><strong><em>μαρτυροῦσιν</em></strong></span> <span class='ocrx_word' id='word_1_59' title='bbox 1077 698 1231 787; x_wconf 84' lang='grc' dir='ltr'><strong><em>ὖμῖν,</em></strong></span> <span class='ocrx_word' id='word_1_60' title='bbox 1287 698 1418 787; x_wconf 78' lang='grc' dir='ltr'>κάγὼ</span> <span class='ocrx_word' id='word_1_61' title='bbox 1465 702 1530 786; x_wconf 76' lang='grc' dir='ltr'><strong><em>τῷ</em></strong></span> <span class='ocrx_word' id='word_1_62' title='bbox 1575 701 1681 784; x_wconf 81' lang='grc' dir='ltr'><strong><em>Θεῷ</em></strong></span> <span class='ocrx_word' id='word_1_63' title='bbox 1730 695 1988 786; x_wconf 82' lang='grc' dir='ltr'><strong><em>εὐχαριστῶ</em></strong></span> <span class='ocrx_word' id='word_1_64' title='bbox 2006 695 2157 786; x_wconf 75' lang='grc' dir='ltr'><strong><em>ὑπὲρ</em></strong></span> 
     </span>
     <span class='ocr_line' id='line_1_8' title="bbox 216 764 2159 856; baseline -0.004 -31"><span class='ocrx_word' id='word_1_65' title='bbox 216 771 384 840; x_wconf 74' lang='grc' dir='ltr'><strong><em>ὑμῶν,</em></strong></span> <span class='ocrx_word' id='word_1_66' title='bbox 420 769 495 822; x_wconf 84' lang='grc' dir='ltr'><strong><em>ότι</em></strong></span> <span class='ocrx_word' id='word_1_67' title='bbox 530 770 760 833; x_wconf 78' lang='grc' dir='ltr'><strong><em>ἐδέξασθε</em></strong></span> <span class='ocrx_word' id='word_1_68' title='bbox 794 767 1005 834; x_wconf 79' lang='grc' dir='ltr'><strong><em>αὐτοὺς,</em></strong></span> <span class='ocrx_word' id='word_1_69' title='bbox 1053 791 1118 832; x_wconf 89' lang='grc' dir='ltr'>ως</span> <span class='ocrx_word' id='word_1_70' title='bbox 1164 770 1247 822; x_wconf 85' lang='grc' dir='ltr'>καὶ</span> <span class='ocrx_word' id='word_1_71' title='bbox 1288 768 1420 855; x_wconf 77' lang='grc' dir='ltr'><strong><em>ὑμᾶς</em></strong></span> <span class='ocrx_word' id='word_1_72' title='bbox 1455 766 1483 820; x_wconf 91' lang='lat'>6</span> <span class='ocrx_word' id='word_1_73' title='bbox 1507 765 1708 856; x_wconf 32' lang='grc' dir='ltr'><strong><em>νκύριος.</em></strong></span> <span class='ocrx_word' id='word_1_74' title='bbox 1786 768 1852 818; x_wconf 84' lang='grc' dir='ltr'>Οἱ</span> <span class='ocrx_word' id='word_1_75' title='bbox 1898 765 1951 818; x_wconf 82' lang='grc' dir='ltr'>δὲ</span> <span class='ocrx_word' id='word_1_76' title='bbox 1995 764 2159 855; x_wconf 81' lang='grc' dir='ltr'><strong><em>ἀτιμά-</em></strong></span> 
     </span>
     <span class='ocr_line' id='line_1_9' title="bbox 218 834 2159 930; baseline -0.003 -37"><span class='ocrx_word' id='word_1_77' title='bbox 218 859 384 902; x_wconf 84' lang='grc' dir='ltr'><strong><em>σαντες</em></strong></span> <span class='ocrx_word' id='word_1_78' title='bbox 430 836 607 902; x_wconf 79' lang='grc' dir='ltr'><strong><em>αὐτοὺς</em></strong></span> <span class='ocrx_word' id='word_1_79' title='bbox 620 841 1018 930; x_wconf 77' lang='grc' dir='ltr'><strong><em>λυτρωθείησαν</em></strong></span> <span class='ocrx_word' id='word_1_80' title='bbox 1050 839 1102 891; x_wconf 82' lang='grc' dir='ltr'><strong><em>ἐν</em></strong></span> <span class='ocrx_word' id='word_1_81' title='bbox 1136 845 1194 911; x_wconf 85' lang='grc' dir='ltr'><strong><em>τῇ</em></strong></span> <span class='ocrx_word' id='word_1_82' title='bbox 1243 837 1397 908; x_wconf 83' lang='grc' dir='ltr'><strong><em>χάριτι</em></strong></span> <span class='ocrx_word' id='word_1_83' title='bbox 1445 843 1530 889; x_wconf 90' lang='grc' dir='ltr'><strong><em>τοῦ</em></strong></span> <span class='ocrx_word' id='word_1_84' title='bbox 1559 835 1719 903; x_wconf 81' lang='grc' dir='ltr'>Ἰησοῦ</span> <span class='ocrx_word' id='word_1_85' title='bbox 1760 841 1990 904; x_wconf 84' lang='grc' dir='ltr'><strong><em>Χριστοῦ.</em></strong></span> <span class='ocrx_word' id='word_1_86' title='bbox 2052 834 2159 888; x_wconf 90' lang='grc' dir='ltr'><strong><em>Ἀσ-</em></strong></span> 
     </span>
     <span class='ocr_line' id='line_1_10' title="bbox 216 892 2160 996; baseline -0.004 -31"><span class='ocrx_word' id='word_1_87' title='bbox 216 909 410 974; x_wconf 82' lang='grc' dir='ltr'><strong><em>πάζεται</em></strong></span> <span class='ocrx_word' id='word_1_88' title='bbox 428 906 572 996; x_wconf 69' lang='grc' dir='ltr'><strong><em>ὑμᾶς</em></strong></span> <span class='ocrx_word' id='word_1_89' title='bbox 601 906 636 976; x_wconf 81' lang='grc' dir='ltr'><em>ἦ</em></span> <span class='ocrx_word' id='word_1_90' title='bbox 669 907 831 980; x_wconf 79' lang='grc' dir='ltr'><strong><em>ἀγάπη</em></strong></span> <span class='ocrx_word' id='word_1_91' title='bbox 865 914 962 961; x_wconf 82' lang='grc' dir='ltr'>τῶν</span> <span class='ocrx_word' id='word_1_92' title='bbox 996 892 1219 973; x_wconf 81' lang='grc' dir='ltr'><strong><em>αδελφῶν</em></strong></span> <span class='ocrx_word' id='word_1_93' title='bbox 1253 915 1349 960; x_wconf 82' lang='grc' dir='ltr'>τῶν</span> <span class='ocrx_word' id='word_1_94' title='bbox 1386 909 1437 959; x_wconf 80' lang='grc' dir='ltr'><strong><em>ἐν</em></strong></span> <span class='ocrx_word' id='word_1_95' title='bbox 1466 904 1679 973; x_wconf 80' lang='grc' dir='ltr'><strong><em>Τρωάδι·</em></strong></span> <span class='ocrx_word' id='word_1_96' title='bbox 1717 905 1840 958; x_wconf 78' lang='grc' dir='ltr'><strong><em>ὅθεν</em></strong></span> <span class='ocrx_word' id='word_1_97' title='bbox 1873 906 1956 958; x_wconf 81' lang='grc' dir='ltr'>καὶ</span> <span class='ocrx_word' id='word_1_98' title='bbox 1987 905 2160 975; x_wconf 82' lang='grc' dir='ltr'><strong><em>γράφω</em></strong></span> 
     </span>
     <span class='ocr_line' id='line_1_11' title="bbox 217 975 2162 1065; baseline -0.003 -32"><span class='ocrx_word' id='word_1_99' title='bbox 217 980 332 1048; x_wconf 81' lang='grc' dir='ltr'><strong><em>ὖμῖν</em></strong></span> <span class='ocrx_word' id='word_1_100' title='bbox 367 976 448 1031; x_wconf 76' lang='grc' dir='ltr'>διὰ</span> <span class='ocrx_word' id='word_1_101' title='bbox 469 976 734 1048; x_wconf 47' lang='grc' dir='ltr'><strong><em>Βούρῤουῇ</em></strong></span> <span class='ocrx_word' id='word_1_102' title='bbox 769 977 1132 1045; x_wconf 80' lang='grc' dir='ltr'><strong><em>πεμφθέντος’”</em></strong></span> <span class='ocrx_word' id='word_1_103' title='bbox 1113 977 1211 1065; x_wconf 79' lang='grc' dir='ltr'>ἄμα</span> <span class='ocrx_word' id='word_1_104' title='bbox 1236 975 1396 1065; x_wconf 80' lang='grc' dir='ltr'><strong><em>ἐμοὶ’</em></strong></span> <span class='ocrx_word' id='word_1_105' title='bbox 1373 975 1467 1029; x_wconf 86' lang='grc' dir='ltr'>απὸ</span> <span class='ocrx_word' id='word_1_106' title='bbox 1485 975 1726 1042; x_wconf 85' lang='grc' dir='ltr'><strong><em>Ἐφεσίων</em></strong></span> <span class='ocrx_word' id='word_1_107' title='bbox 1761 976 1842 1027; x_wconf 87' lang='grc' dir='ltr'>και</span> <span class='ocrx_word' id='word_1_108' title='bbox 1868 977 2162 1063; x_wconf 85' lang='grc' dir='ltr'><strong><em>Σμυρναίων</em></strong></span> 
     </span>
     <span class='ocr_line' id='line_1_12' title="bbox 218 1042 2163 1136; baseline -0.003 -34"><span class='ocrx_word' id='word_1_109' title='bbox 218 1053 286 1113; x_wconf 84' lang='grc' dir='ltr'><strong><em>εἷς</em></strong></span> <span class='ocrx_word' id='word_1_110' title='bbox 328 1046 473 1120; x_wconf 89' lang='grc' dir='ltr'><strong><em>λόγον</em></strong></span> <span class='ocrx_word' id='word_1_111' title='bbox 524 1054 677 1116; x_wconf 86' lang='grc' dir='ltr'><strong><em>τιμῆς.</em></strong></span> <span class='ocrx_word' id='word_1_112' title='bbox 757 1046 954 1116; x_wconf 81' lang='grc' dir='ltr'><strong><em>Τιμήσει</em></strong></span> <span class='ocrx_word' id='word_1_113' title='bbox 1000 1045 1178 1108; x_wconf 80' lang='grc' dir='ltr'><strong><em>αὐτοὺς</em></strong></span> <span class='ocrx_word' id='word_1_114' title='bbox 1224 1045 1251 1099; x_wconf 96' lang='lat'>6</span> <span class='ocrx_word' id='word_1_115' title='bbox 1295 1047 1461 1134; x_wconf 84' lang='grc' dir='ltr'><strong><em>κύριος</em></strong></span> <span class='ocrx_word' id='word_1_116' title='bbox 1490 1045 1682 1136; x_wconf 81' lang='grc' dir='ltr'><strong><em>Ἰησοῦς</em></strong></span> <span class='ocrx_word' id='word_1_117' title='bbox 1728 1042 1962 1109; x_wconf 87' lang='grc' dir='ltr'><strong><em>Χριστὸς,</em></strong></span> <span class='ocrx_word' id='word_1_118' title='bbox 2000 1047 2068 1107; x_wconf 87' lang='grc' dir='ltr'><strong><em>είς</em></strong></span> <span class='ocrx_word' id='word_1_119' title='bbox 2103 1043 2163 1098; x_wconf 80' lang='grc' dir='ltr'><strong><em>ὃν</em></strong></span> 
     </span>
     <span class='ocr_line' id='line_1_13' title="bbox 219 1113 2163 1208; baseline -0.003 -36"><span class='ocrx_word' id='word_1_120' title='bbox 219 1121 487 1208; x_wconf 81' lang='grc' dir='ltr'><strong><em>ἐλπίζουσιν</em></strong></span> <span class='ocrx_word' id='word_1_121' title='bbox 523 1119 688 1188; x_wconf 82' lang='grc' dir='ltr'><strong><em>σαρκὶ,</em></strong></span> <span class='ocrx_word' id='word_1_122' title='bbox 723 1124 859 1189; x_wconf 78' lang='grc' dir='ltr'><strong><em>ψυχῇ</em></strong></span> <span class='ocrx_word' id='word_1_123' title='bbox 875 1160 889 1183; x_wconf 91' lang='grc'>,</span> <span class='ocrx_word' id='word_1_124' title='bbox 924 1119 1104 1183; x_wconf 85' lang='grc' dir='ltr'><strong><em>πίστει,</em></strong></span> <span class='ocrx_word' id='word_1_125' title='bbox 1144 1114 1332 1189; x_wconf 73' lang='grc' dir='ltr'><strong><em>ἀγάπῃ,</em></strong></span> <span class='ocrx_word' id='word_1_126' title='bbox 1382 1115 1599 1187; x_wconf 81' lang='grc' dir='ltr'><strong><em>ὁμονοία.</em></strong></span> <span class='ocrx_word' id='word_1_127' title='bbox 1654 1113 1920 1184; x_wconf 76' lang='grc' dir='ltr'><strong><em>’Έρῤωσθε</em></strong></span> <span class='ocrx_word' id='word_1_128' title='bbox 1955 1115 2007 1168; x_wconf 77' lang='grc' dir='ltr'><strong><em>ἐν</em></strong></span> <span class='ocrx_word' id='word_1_129' title='bbox 2044 1119 2163 1183; x_wconf 88' lang='grc' dir='ltr'><strong><em>Χρι-</em></strong></span> 
     </span>
     <span class='ocr_line' id='line_1_14' title="bbox 220 1186 1183 1262; baseline -0.003 -20"><span class='ocrx_word' id='word_1_130' title='bbox 220 1195 315 1262; x_wconf 78' lang='grc' dir='ltr'>στῷ</span> <span class='ocrx_word' id='word_1_131' title='bbox 344 1187 534 1256; x_wconf 82' lang='grc' dir='ltr'><strong><em>Ἰησοῦ,</em></strong></span> <span class='ocrx_word' id='word_1_132' title='bbox 568 1193 628 1261; x_wconf 83' lang='grc' dir='ltr'><strong><em>τῇ</em></strong></span> <span class='ocrx_word' id='word_1_133' title='bbox 663 1193 806 1261; x_wconf 83' lang='grc' dir='ltr'><strong><em>κοινῇ</em></strong></span> <span class='ocrx_word' id='word_1_134' title='bbox 841 1189 997 1240; x_wconf 79' lang='grc' dir='ltr'><strong><em>ἐλπίδι</em></strong></span> <span class='ocrx_word' id='word_1_135' title='bbox 1031 1186 1183 1255; x_wconf 76' lang='grc' dir='ltr'><strong><em>ἡμῶν.</em></strong></span> 
     </span>
    </p>
   </div>
   <div class='ocr_carea' id='block_1_5' title="bbox 964 1322 1231 1330">
    <p class='ocr_par' dir='ltr' id='par_1_5' title="bbox 964 1322 1231 1330">
     <span class='ocr_line' id='line_1_15' title="bbox 964 1322 1231 1330; baseline 0 2570"><span class='ocrx_word' id='word_1_136' title='bbox 964 1322 1231 1330; x_wconf 95' lang='lat' dir='ltr'> </span> 
     </span>
    </p>
   </div>
   <div class='ocr_carea' id='block_1_6' title="bbox 718 1422 1662 1470">
    <p class='ocr_par' dir='ltr' id='par_1_6' title="bbox 718 1422 1662 1470">
     <span class='ocr_line' id='line_1_16' title="bbox 718 1422 1662 1470; baseline -0.003 -2"><span class='ocrx_word' id='word_1_137' title='bbox 718 1424 1208 1470; x_wconf 84' lang='grc' dir='ltr'><strong>ΣΜῩΡΝΑῙΟΙΣ</strong></span> <span class='ocrx_word' id='word_1_138' title='bbox 1252 1422 1662 1468; x_wconf 76' lang='grc' dir='ltr'><strong><em>ΙΓΝΑΤΙΟΣ.1</em></strong></span> 
     </span>
    </p>
   </div>
   <div class='ocr_carea' id='block_1_7' title="bbox 348 1533 2167 1889">
    <p class='ocr_par' dir='ltr' id='par_1_7' title="bbox 348 1533 2164 1886">
     <span class='ocr_line' id='line_1_17' title="bbox 348 1533 2162 1608; baseline 0 -20"><span class='ocrx_word' id='word_1_139' title='bbox 348 1533 604 1606; x_wconf 79' lang='grc' dir='ltr'><strong><em>Ἰγνάτιος,</em></strong></span> <span class='ocrx_word' id='word_1_140' title='bbox 641 1533 670 1588; x_wconf 93' lang='lat'><em>6</em></span> <span class='ocrx_word' id='word_1_141' title='bbox 704 1537 786 1589; x_wconf 83' lang='grc' dir='ltr'>καὶ</span> <span class='ocrx_word' id='word_1_142' title='bbox 824 1536 1104 1607; x_wconf 85' lang='grc' dir='ltr'><strong><em>Θεοφόρος,</em></strong></span> <span class='ocrx_word' id='word_1_143' title='bbox 1141 1538 1367 1608; x_wconf 78' lang='grc' dir='ltr'><strong><em>ἐκκλησία</em></strong></span> <span class='ocrx_word' id='word_1_144' title='bbox 1408 1539 1534 1589; x_wconf 87' lang='grc' dir='ltr'><strong><em>Θεοῦ</em></strong></span> <span class='ocrx_word' id='word_1_145' title='bbox 1570 1533 1750 1606; x_wconf 87' lang='grc' dir='ltr'><strong><em>πατρὸς</em></strong></span> <span class='ocrx_word' id='word_1_146' title='bbox 1784 1535 1867 1587; x_wconf 83' lang='grc' dir='ltr'>καὶ</span> <span class='ocrx_word' id='word_1_147' title='bbox 1911 1540 1999 1588; x_wconf 84' lang='grc' dir='ltr'><strong><em>τοῦ</em></strong></span> <span class='ocrx_word' id='word_1_148' title='bbox 2046 1533 2162 1606; x_wconf 81' lang='grc' dir='ltr'><strong><em>ἠγα-</em></strong></span> 
     </span>
     <span class='ocr_line' id='line_1_18' title="bbox 423 1603 2164 1696; baseline 0 -38"><span class='ocrx_word' id='word_1_149' title='bbox 423 1605 641 1673; x_wconf 86' lang='grc' dir='ltr'><strong><em>πημένου</em></strong></span> <span class='ocrx_word' id='word_1_150' title='bbox 670 1603 833 1674; x_wconf 83' lang='grc' dir='ltr'><strong><em>Ἰησοῦ</em></strong></span> <span class='ocrx_word' id='word_1_151' title='bbox 872 1613 1117 1696; x_wconf 88' lang='grc' dir='ltr'><strong><em>Χριστοῦ,</em></strong></span> <span class='ocrx_word' id='word_1_152' title='bbox 1153 1605 1389 1695; x_wconf 77' lang='grc' dir='ltr'><strong><em>ἠλεημένῃ</em></strong></span> <span class='ocrx_word' id='word_1_153' title='bbox 1427 1606 1476 1659; x_wconf 84' lang='grc' dir='ltr'><strong><em>ἒν</em></strong></span> <span class='ocrx_word' id='word_1_154' title='bbox 1511 1607 1655 1658; x_wconf 87' lang='grc' dir='ltr'><strong><em>παντὶ</em></strong></span> <span class='ocrx_word' id='word_1_155' title='bbox 1687 1607 1952 1692; x_wconf 84' lang='grc' dir='ltr'><strong><em>χαρίσματι,</em></strong></span> <span class='ocrx_word' id='word_1_156' title='bbox 1989 1611 2164 1674; x_wconf 81' lang='grc' dir='ltr'><strong><em>πεπλη·</em></strong></span> 
     </span>
     <span class='ocr_line' id='line_1_19' title="bbox 422 1672 2167 1771; baseline 0 -44"><span class='ocrx_word' id='word_1_157' title='bbox 422 1675 611 1771; x_wconf 81' lang='grc' dir='ltr'><strong><em>ρωμένῃ</em></strong></span> <span class='ocrx_word' id='word_1_158' title='bbox 644 1675 694 1727; x_wconf 82' lang='grc' dir='ltr'><strong><em>ἒν</em></strong></span> <span class='ocrx_word' id='word_1_159' title='bbox 729 1678 884 1729; x_wconf 85' lang='grc' dir='ltr'><strong><em>πίστει</em></strong></span> <span class='ocrx_word' id='word_1_160' title='bbox 917 1699 996 1730; x_wconf 86' lang='grc' dir='ltr'>και</span> <span class='ocrx_word' id='word_1_161' title='bbox 1035 1675 1211 1747; x_wconf 83' lang='grc' dir='ltr'><strong><em>ἇγαπη,</em></strong></span> <span class='ocrx_word' id='word_1_162' title='bbox 1250 1675 1549 1747; x_wconf 81' lang='grc' dir='ltr'><strong><em>ἇνυστερήτω</em></strong></span> <span class='ocrx_word' id='word_1_163' title='bbox 1586 1673 1708 1762; x_wconf 75' lang='grc' dir='ltr'><strong><em>οὔσῃ</em></strong></span> <span class='ocrx_word' id='word_1_164' title='bbox 1739 1672 1920 1737; x_wconf 83' lang='grc' dir='ltr'><strong><em>παντὸς</em></strong></span> <span class='ocrx_word' id='word_1_165' title='bbox 1940 1677 2167 1745; x_wconf 85' lang='grc' dir='ltr'><strong><em>χαρίσμα-</em></strong></span> 
     </span>
     <span class='ocr_line' id='line_1_20' title="bbox 423 1730 2164 1843; baseline 0.001 -47"><span class='ocrx_word' id='word_1_166' title='bbox 423 1765 527 1808; x_wconf 88' lang='grc' dir='ltr'><strong><em>τος,</em></strong></span> <span class='ocrx_word' id='word_1_167' title='bbox 533 1744 995 1834; x_wconf 59' lang='grc' dir='ltr'><strong><em>2θεοπρεπεστάτῃ3</em></strong></span> <span class='ocrx_word' id='word_1_168' title='bbox 1031 1748 1114 1799; x_wconf 87' lang='grc' dir='ltr'>καὶ</span> <span class='ocrx_word' id='word_1_169' title='bbox 1148 1730 1445 1843; x_wconf 65' lang='grc' dir='ltr'>σίγιοφόρῳ,4</span> <span class='ocrx_word' id='word_1_170' title='bbox 1482 1753 1539 1819; x_wconf 81' lang='grc' dir='ltr'><strong><em>τῇ</em></strong></span> <span class='ocrx_word' id='word_1_171' title='bbox 1576 1744 1698 1818; x_wconf 85' lang='grc' dir='ltr'><strong><em>ούση</em></strong></span> <span class='ocrx_word' id='word_1_172' title='bbox 1735 1746 1786 1797; x_wconf 80' lang='grc' dir='ltr'><strong><em>ἐν</em></strong></span> <span class='ocrx_word' id='word_1_173' title='bbox 1822 1743 2047 1836; x_wconf 77' lang='grc' dir='ltr'><strong><em>Σμύρνῃ</em></strong></span> <span class='ocrx_word' id='word_1_174' title='bbox 2076 1751 2164 1814; x_wconf 84' lang='grc' dir='ltr'><strong><em>τῆς</em></strong></span> 
     </span>
     <span class='ocr_line' id='line_1_21' title="bbox 416 1800 2165 1889; baseline 0.002 -24.019"><span class='ocrx_word' id='word_1_175' title='bbox 416 1811 607 1878; x_wconf 88' lang='grc' dir='ltr'><strong><em>Ἀσίας,</em></strong></span> <span class='ocrx_word' id='word_1_176' title='bbox 646 1815 698 1866; x_wconf 78' lang='grc' dir='ltr'><strong><em>ἐν</em></strong></span> <span class='ocrx_word' id='word_1_177' title='bbox 734 1813 918 1887; x_wconf 77' lang='grc' dir='ltr'><strong><em>ἀμώμῳ</em></strong></span> <span class='ocrx_word' id='word_1_178' title='bbox 954 1815 1189 1885; x_wconf 79' lang='grc' dir='ltr'><strong><em>πνεύματι</em></strong></span> <span class='ocrx_word' id='word_1_179' title='bbox 1222 1817 1324 1869; x_wconf 76' lang='grc' dir='ltr'>καὶ5</span> <span class='ocrx_word' id='word_1_180' title='bbox 1360 1814 1486 1889; x_wconf 91' lang='grc' dir='ltr'><strong><em>λόγω</em></strong></span> <span class='ocrx_word' id='word_1_181' title='bbox 1514 1800 1678 1879; x_wconf 88' lang='grc' dir='ltr'><strong><em>Θεοῦ,</em></strong></span> <span class='ocrx_word' id='word_1_182' title='bbox 1730 1821 1926 1868; x_wconf 91' lang='grc' dir='ltr'><strong><em>πλεῖστα</em></strong></span> <span class='ocrx_word' id='word_1_183' title='bbox 1967 1817 2165 1886; x_wconf 85' lang='grc' dir='ltr'><strong><em>χαίρειν.</em></strong></span> 
     </span>
    </p>
   </div>
   <div class='ocr_carea' id='block_1_8' title="bbox 613 1946 1764 2009">
    <p class='ocr_par' dir='ltr' id='par_1_8' title="bbox 613 1946 1764 2009">
     <span class='ocr_line' id='line_1_22' title="bbox 613 1946 1764 2009; baseline 0.002 -17"><span class='ocrx_word' id='word_1_184' title='bbox 613 1946 644 1991; x_wconf 90' lang='grc' dir='ltr'>Ι.</span> <span class='ocrx_word' id='word_1_185' title='bbox 718 1946 936 2008; x_wconf 80' lang='lat' dir='ltr'>Glorifico</span> <span class='ocrx_word' id='word_1_186' title='bbox 975 1949 1124 1995; x_wconf 82' lang='lat' dir='ltr'>Deum</span> <span class='ocrx_word' id='word_1_187' title='bbox 1157 1954 1341 2009; x_wconf 80' lang='lat' dir='ltr'>propter</span> <span class='ocrx_word' id='word_1_188' title='bbox 1376 1949 1514 2009; x_wconf 76' lang='lat' dir='ltr'>fidem</span> <span class='ocrx_word' id='word_1_189' title='bbox 1548 1955 1764 1996; x_wconf 82' lang='lat' dir='ltr'>vestram.</span> 
     </span>
    </p>
   </div>
   <div class='ocr_carea' id='block_1_9' title="bbox 214 2029 2171 2179">
    <p class='ocr_par' dir='ltr' id='par_1_9' title="bbox 214 2029 2171 2177">
     <span class='ocr_line' id='line_1_23' title="bbox 351 2029 2166 2106; baseline 0.003 -21"><span class='ocrx_word' id='word_1_190' title='bbox 351 2029 600 2098; x_wconf 71' lang='grc' dir='ltr'>Δοξοῖζξων6</span> <span class='ocrx_word' id='word_1_191' title='bbox 628 2032 820 2103; x_wconf 83' lang='grc' dir='ltr'><strong><em>Ἰησοῦν</em></strong></span> <span class='ocrx_word' id='word_1_192' title='bbox 856 2034 1067 2106; x_wconf 83' lang='grc' dir='ltr'><strong><em>Χριστὸν</em></strong></span> <span class='ocrx_word' id='word_1_193' title='bbox 1101 2035 1187 2090; x_wconf 87' lang='grc' dir='ltr'>τὸν</span> <span class='ocrx_word' id='word_1_194' title='bbox 1217 2035 1359 2101; x_wconf 83' lang='grc' dir='ltr'><strong><em>Θεὸν,</em></strong></span> <span class='ocrx_word' id='word_1_195' title='bbox 1396 2034 1480 2089; x_wconf 86' lang='grc' dir='ltr'>τὸν</span> <span class='ocrx_word' id='word_1_196' title='bbox 1512 2036 1666 2099; x_wconf 79' lang='grc' dir='ltr'><strong><em>οὕτως</em></strong></span> <span class='ocrx_word' id='word_1_197' title='bbox 1710 2034 1840 2104; x_wconf 58' lang='grc' dir='ltr'><strong><em>’ὑμᾶς</em></strong></span> <span class='ocrx_word' id='word_1_198' title='bbox 1874 2038 2166 2103; x_wconf 82' lang='grc' dir='ltr'><strong><em>σοφίσαντα·</em></strong></span> 
     </span>
     <span class='ocr_line' id='line_1_24' title="bbox 214 2099 2171 2179; baseline 0.003 -24"><span class='ocrx_word' id='word_1_199' title='bbox 214 2099 390 2170; x_wconf 78' lang='grc' dir='ltr'><strong><em>ἐνόησα</em></strong></span> <span class='ocrx_word' id='word_1_200' title='bbox 423 2100 514 2174; x_wconf 83' lang='grc' dir='ltr'>γὰρ</span> <span class='ocrx_word' id='word_1_201' title='bbox 547 2101 677 2172; x_wconf 71' lang='grc' dir='ltr'><strong><em>ὑμᾶς</em></strong></span> <span class='ocrx_word' id='word_1_202' title='bbox 711 2107 1114 2176; x_wconf 81' lang='grc' dir='ltr'><strong><em>κατηρτισμένους</em></strong></span> <span class='ocrx_word' id='word_1_203' title='bbox 1149 2108 1201 2160; x_wconf 80' lang='grc' dir='ltr'><strong><em>ἐν</em></strong></span> <span class='ocrx_word' id='word_1_204' title='bbox 1253 2104 1464 2179; x_wconf 83' lang='grc' dir='ltr'><strong><em>ἆκινήτω</em></strong></span> <span class='ocrx_word' id='word_1_205' title='bbox 1510 2109 1694 2169; x_wconf 87' lang='grc' dir='ltr'><strong><em>πίστει,</em></strong></span> <span class='ocrx_word' id='word_1_206' title='bbox 1742 2105 1901 2176; x_wconf 78' lang='grc' dir='ltr'><strong><em>ὥσπερ</em></strong></span> <span class='ocrx_word' id='word_1_207' title='bbox 1943 2113 2171 2177; x_wconf 75' lang='grc' dir='ltr'><strong><em>καθηλω-</em></strong></span> 
     </span>
    </p>
   </div>
   <div class='ocr_carea' id='block_1_10' title="bbox 211 2205 559 2214">
    <p class='ocr_par' dir='ltr' id='par_1_10' title="bbox 211 2205 559 2214">
     <span class='ocr_line' id='line_1_25' title="bbox 211 2205 559 2214; baseline 0 1686"><span class='ocrx_word' id='word_1_208' title='bbox 211 2205 559 2214; x_wconf 95' lang='lat' dir='ltr'> </span> 
     </span>
    </p>
   </div>
   <div class='ocr_carea' id='block_1_11' title="bbox 214 2247 1162 3697">
    <p class='ocr_par' dir='ltr' id='par_1_11' title="bbox 214 2247 1162 3295">
     <span class='ocr_line' id='line_1_26' title="bbox 301 2247 1162 2301; baseline 0.002 -14"><span class='ocrx_word' id='word_1_209' title='bbox 301 2247 396 2300; x_wconf 87' lang='lat' dir='ltr'>Cap.</span> <span class='ocrx_word' id='word_1_210' title='bbox 421 2247 483 2288; x_wconf 87' lang='lat' dir='ltr'>XI.</span> <span class='ocrx_word' id='word_1_211' title='bbox 544 2247 585 2301; x_wconf 89' lang='lat'>1)</span> <span class='ocrx_word' id='word_1_212' title='bbox 603 2247 960 2298; x_wconf 84' lang='lat' dir='ltr'>Pseudo-Ignatius</span> <span class='ocrx_word' id='word_1_213' title='bbox 990 2249 1044 2289; x_wconf 91' lang='lat' dir='ltr'>ita</span> <span class='ocrx_word' id='word_1_214' title='bbox 1063 2249 1162 2289; x_wconf 89' lang='lat' dir='ltr'>haec</span> 
     </span>
     <span class='ocr_line' id='line_1_27' title="bbox 217 2304 1161 2356; baseline 0.002 -13"><span class='ocrx_word' id='word_1_215' title='bbox 217 2304 421 2355; x_wconf 87' lang='lat' dir='ltr'>accepisse</span> <span class='ocrx_word' id='word_1_216' title='bbox 451 2304 630 2354; x_wconf 79' lang='lat' dir='ltr'>videtur,</span> <span class='ocrx_word' id='word_1_217' title='bbox 661 2310 860 2356; x_wconf 80' lang='lat' dir='ltr'><strong>tamquam</strong></span> <span class='ocrx_word' id='word_1_218' title='bbox 893 2304 927 2344; x_wconf 89' lang='lat' dir='ltr'>si</span> <span class='ocrx_word' id='word_1_219' title='bbox 956 2305 1070 2345; x_wconf 87' lang='lat' dir='ltr'>Philo</span> <span class='ocrx_word' id='word_1_220' title='bbox 1100 2311 1161 2345; x_wconf 91' lang='lat' dir='ltr'>te-</span> 
     </span>
     <span class='ocr_line' id='line_1_28' title="bbox 214 2359 1161 2401; baseline 0.002 -2"><span class='ocrx_word' id='word_1_221' title='bbox 214 2359 443 2399; x_wconf 86' lang='lat' dir='ltr'>stimonium</span> <span class='ocrx_word' id='word_1_222' title='bbox 475 2372 497 2399; x_wconf 89' lang='lat' dir='ltr'>a</span> <span class='ocrx_word' id='word_1_223' title='bbox 527 2359 716 2400; x_wconf 87' lang='lat' dir='ltr'>Cilicibus</span> <span class='ocrx_word' id='word_1_224' title='bbox 763 2366 1001 2401; x_wconf 89' lang='lat' dir='ltr'>consecutus</span> <span class='ocrx_word' id='word_1_225' title='bbox 1030 2361 1161 2401; x_wconf 84' lang='lat' dir='ltr'>fuerit.</span> 
     </span>
     <span class='ocr_line' id='line_1_29' title="bbox 217 2415 1162 2468; baseline 0.002 -14"><span class='ocrx_word' id='word_1_226' title='bbox 217 2415 299 2455; x_wconf 89' lang='lat' dir='ltr'>Sed</span> <span class='ocrx_word' id='word_1_227' title='bbox 333 2415 366 2454; x_wconf 90' lang='lat' dir='ltr'>si</span> <span class='ocrx_word' id='word_1_228' title='bbox 396 2427 533 2455; x_wconf 89' lang='lat' dir='ltr'>verum</span> <span class='ocrx_word' id='word_1_229' title='bbox 563 2416 634 2466; x_wconf 88' lang='lat' dir='ltr'>sit,</span> <span class='ocrx_word' id='word_1_230' title='bbox 674 2415 782 2467; x_wconf 89' lang='lat' dir='ltr'>quod</span> <span class='ocrx_word' id='word_1_231' title='bbox 821 2416 966 2466; x_wconf 80' lang='lat' dir='ltr'>legitur</span> <span class='ocrx_word' id='word_1_232' title='bbox 994 2416 1034 2456; x_wconf 92' lang='lat' dir='ltr'>in</span> <span class='ocrx_word' id='word_1_233' title='bbox 1065 2417 1162 2468; x_wconf 92' lang='lat' dir='ltr'>Epi-</span> 
     </span>
     <span class='ocr_line' id='line_1_30' title="bbox 215 2470 1162 2520; baseline 0.001 -9"><span class='ocrx_word' id='word_1_234' title='bbox 215 2470 320 2512; x_wconf 85' lang='lat' dir='ltr'>stola</span> <span class='ocrx_word' id='word_1_235' title='bbox 358 2471 410 2510; x_wconf 89' lang='lat' dir='ltr'>ad</span> <span class='ocrx_word' id='word_1_236' title='bbox 449 2471 689 2520; x_wconf 75' lang='lat' dir='ltr'><strong>Tarsenses,</strong></span> <span class='ocrx_word' id='word_1_237' title='bbox 735 2471 847 2510; x_wconf 88' lang='lat' dir='ltr'>illum</span> <span class='ocrx_word' id='word_1_238' title='bbox 888 2471 1010 2511; x_wconf 84' lang='lat' dir='ltr'>fuisse</span> <span class='ocrx_word' id='word_1_239' title='bbox 1048 2473 1162 2512; x_wconf 90' lang='lat' dir='ltr'>Tarsi</span> 
     </span>
     <span class='ocr_line' id='line_1_31' title="bbox 214 2525 1162 2578; baseline 0.001 -11"><span class='ocrx_word' id='word_1_240' title='bbox 214 2527 453 2577; x_wconf 81' lang='lat' dir='ltr'>Diaconum3</span> <span class='ocrx_word' id='word_1_241' title='bbox 498 2539 579 2566; x_wconf 89' lang='lat' dir='ltr'>non</span> <span class='ocrx_word' id='word_1_242' title='bbox 611 2526 770 2576; x_wconf 89' lang='lat' dir='ltr'>dubito,</span> <span class='ocrx_word' id='word_1_243' title='bbox 809 2527 903 2578; x_wconf 89' lang='lat' dir='ltr'>quin</span> <span class='ocrx_word' id='word_1_244' title='bbox 931 2527 1032 2566; x_wconf 88' lang='lat' dir='ltr'>illud</span> <span class='ocrx_word' id='word_1_245' title='bbox 1066 2525 1162 2568; x_wconf 85' lang='grc' dir='ltr'>ἀπὸ</span> 
     </span>
     <span class='ocr_line' id='line_1_32' title="bbox 216 2582 1160 2633; baseline 0.001 -11"><span class='ocrx_word' id='word_1_246' title='bbox 216 2582 433 2629; x_wconf 84' lang='grc' dir='ltr'><strong><em>Κιλικίας</em></strong></span> <span class='ocrx_word' id='word_1_247' title='bbox 461 2583 714 2623; x_wconf 78' lang='lat' dir='ltr'>referendum</span> <span class='ocrx_word' id='word_1_248' title='bbox 736 2582 789 2621; x_wconf 87' lang='lat' dir='ltr'>sit</span> <span class='ocrx_word' id='word_1_249' title='bbox 820 2583 871 2621; x_wconf 90' lang='lat' dir='ltr'>ad</span> <span class='ocrx_word' id='word_1_250' title='bbox 899 2583 1160 2633; x_wconf 81' lang='lat' dir='ltr'>praecedens,</span> 
     </span>
     <span class='ocr_line' id='line_1_33' title="bbox 216 2637 1160 2690; baseline 0 -11"><span class='ocrx_word' id='word_1_251' title='bbox 216 2652 299 2679; x_wconf 93' lang='lat' dir='ltr'>non</span> <span class='ocrx_word' id='word_1_252' title='bbox 327 2644 458 2679; x_wconf 89' lang='lat' dir='ltr'>autem</span> <span class='ocrx_word' id='word_1_253' title='bbox 490 2638 541 2678; x_wconf 90' lang='lat' dir='ltr'>ad</span> <span class='ocrx_word' id='word_1_254' title='bbox 573 2638 615 2678; x_wconf 93' lang='lat' dir='ltr'>id</span> <span class='ocrx_word' id='word_1_255' title='bbox 636 2638 745 2690; x_wconf 91' lang='lat' dir='ltr'>quod</span> <span class='ocrx_word' id='word_1_256' title='bbox 763 2637 954 2690; x_wconf 87' lang='lat' dir='ltr'>sequitur.</span> <span class='ocrx_word' id='word_1_257' title='bbox 990 2638 1160 2679; x_wconf 82' lang='lat' dir='ltr'><em>Vossius.</em></span> 
     </span>
     <span class='ocr_line' id='line_1_34' title="bbox 218 2693 1161 2736; baseline -0.001 -1"><span class='ocrx_word' id='word_1_258' title='bbox 218 2694 471 2736; x_wconf 77' lang='lat' dir='ltr'><strong>Manifestum</strong></span> <span class='ocrx_word' id='word_1_259' title='bbox 510 2699 571 2734; x_wconf 90' lang='lat' dir='ltr'>est</span> <span class='ocrx_word' id='word_1_260' title='bbox 599 2694 807 2734; x_wconf 87' lang='lat' dir='ltr'><strong>Philonem</strong></span> <span class='ocrx_word' id='word_1_261' title='bbox 850 2706 870 2733; x_wconf 89' lang='lat' dir='ltr'>e</span> <span class='ocrx_word' id='word_1_262' title='bbox 901 2693 1039 2734; x_wconf 84' lang='lat' dir='ltr'>Cilicia</span> <span class='ocrx_word' id='word_1_263' title='bbox 1080 2694 1161 2735; x_wconf 92' lang='lat' dir='ltr'>ori-</span> 
     </span>
     <span class='ocr_line' id='line_1_35' title="bbox 216 2749 1160 2801; baseline -0.001 -10"><span class='ocrx_word' id='word_1_264' title='bbox 216 2750 380 2801; x_wconf 89' lang='lat' dir='ltr'>undum,</span> <span class='ocrx_word' id='word_1_265' title='bbox 411 2763 492 2791; x_wconf 90' lang='lat' dir='ltr'>non</span> <span class='ocrx_word' id='word_1_266' title='bbox 524 2750 565 2790; x_wconf 90' lang='lat' dir='ltr'>in</span> <span class='ocrx_word' id='word_1_267' title='bbox 597 2749 756 2799; x_wconf 87' lang='lat' dir='ltr'>Cilicia,</span> <span class='ocrx_word' id='word_1_268' title='bbox 786 2749 859 2789; x_wconf 88' lang='lat' dir='ltr'>sed</span> <span class='ocrx_word' id='word_1_269' title='bbox 891 2762 979 2790; x_wconf 90' lang='lat' dir='ltr'>cum</span> <span class='ocrx_word' id='word_1_270' title='bbox 1007 2750 1160 2801; x_wconf 84' lang='lat' dir='ltr'>Ignatio</span> 
     </span>
     <span class='ocr_line' id='line_1_36' title="bbox 216 2805 1161 2859; baseline 0.001 -13"><span class='ocrx_word' id='word_1_271' title='bbox 216 2807 257 2846; x_wconf 92' lang='lat' dir='ltr'>in</span> <span class='ocrx_word' id='word_1_272' title='bbox 288 2806 466 2857; x_wconf 86' lang='lat' dir='ltr'>Troade,</span> <span class='ocrx_word' id='word_1_273' title='bbox 500 2813 544 2846; x_wconf 86' lang='lat' dir='ltr'>ut</span> <span class='ocrx_word' id='word_1_274' title='bbox 572 2806 808 2858; x_wconf 82' lang='lat' dir='ltr'>perhibent,</span> <span class='ocrx_word' id='word_1_275' title='bbox 841 2805 990 2855; x_wconf 83' lang='lat' dir='ltr'>fuisse,</span> <span class='ocrx_word' id='word_1_276' title='bbox 1041 2819 1161 2859; x_wconf 90' lang='lat' dir='ltr'>quum</span> 
     </span>
     <span class='ocr_line' id='line_1_37' title="bbox 215 2861 1161 2914; baseline 0.002 -12"><span class='ocrx_word' id='word_1_277' title='bbox 215 2862 319 2903; x_wconf 89' lang='lat' dir='ltr'>hanc</span> <span class='ocrx_word' id='word_1_278' title='bbox 338 2862 560 2914; x_wconf 86' lang='lat' dir='ltr'>Epistolam</span> <span class='ocrx_word' id='word_1_279' title='bbox 581 2867 777 2902; x_wconf 85' lang='lat' dir='ltr'>exararet:</span> <span class='ocrx_word' id='word_1_280' title='bbox 810 2861 863 2901; x_wconf 91' lang='lat' dir='ltr'>ita</span> <span class='ocrx_word' id='word_1_281' title='bbox 880 2862 1000 2902; x_wconf 89' lang='lat' dir='ltr'>Hebr.</span> <span class='ocrx_word' id='word_1_282' title='bbox 1019 2862 1161 2912; x_wconf 88' lang='lat'>13,24.</span> 
     </span>
     <span class='ocr_line' id='line_1_38' title="bbox 217 2916 1158 2971; baseline -0.001 -12"><span class='ocrx_word' id='word_1_283' title='bbox 217 2917 262 2959; x_wconf 78' lang='grc' dir='ltr'>οἱ</span> <span class='ocrx_word' id='word_1_284' title='bbox 289 2916 383 2960; x_wconf 83' lang='grc' dir='ltr'>ἀπὸ</span> <span class='ocrx_word' id='word_1_285' title='bbox 414 2916 706 2971; x_wconf 77' lang='grc' dir='ltr'><strong><em>τῆςἸταλίας</em></strong></span> <span class='ocrx_word' id='word_1_286' title='bbox 734 2917 916 2957; x_wconf 89' lang='lat' dir='ltr'>homines</span> <span class='ocrx_word' id='word_1_287' title='bbox 945 2925 1037 2959; x_wconf 86' lang='lat' dir='ltr'>sunt</span> <span class='ocrx_word' id='word_1_288' title='bbox 1056 2918 1158 2968; x_wconf 86' lang='lat' dir='ltr'>Itali,</span> 
     </span>
     <span class='ocr_line' id='line_1_39' title="bbox 217 2973 1159 3027; baseline 0.001 -13"><span class='ocrx_word' id='word_1_289' title='bbox 217 2987 265 3015; x_wconf 88' lang='lat' dir='ltr'>eo</span> <span class='ocrx_word' id='word_1_290' title='bbox 303 2974 395 3026; x_wconf 92' lang='lat' dir='ltr'>ipso</span> <span class='ocrx_word' id='word_1_291' title='bbox 442 2981 622 3027; x_wconf 86' lang='lat' dir='ltr'>tempore</span> <span class='ocrx_word' id='word_1_292' title='bbox 667 2986 746 3026; x_wconf 90' lang='lat' dir='ltr'>quo</span> <span class='ocrx_word' id='word_1_293' title='bbox 776 2973 957 3025; x_wconf 85' lang='lat' dir='ltr'>Epistola</span> <span class='ocrx_word' id='word_1_294' title='bbox 997 2975 1047 3014; x_wconf 89' lang='lat' dir='ltr'>ad</span> <span class='ocrx_word' id='word_1_295' title='bbox 1077 2975 1159 3015; x_wconf 86' lang='lat' dir='ltr'>He-</span> 
     </span>
     <span class='ocr_line' id='line_1_40' title="bbox 215 3029 1160 3083; baseline 0.001 -13"><span class='ocrx_word' id='word_1_296' title='bbox 215 3030 361 3070; x_wconf 87' lang='lat' dir='ltr'>hraeos</span> <span class='ocrx_word' id='word_1_297' title='bbox 391 3030 618 3083; x_wconf 88' lang='lat' dir='ltr'>conscripta</span> <span class='ocrx_word' id='word_1_298' title='bbox 646 3029 733 3079; x_wconf 85' lang='lat' dir='ltr'>fuit,</span> <span class='ocrx_word' id='word_1_299' title='bbox 764 3035 871 3069; x_wconf 88' lang='lat' dir='ltr'>extra</span> <span class='ocrx_word' id='word_1_300' title='bbox 889 3030 1041 3071; x_wconf 90' lang='lat' dir='ltr'>Italiam</span> <span class='ocrx_word' id='word_1_301' title='bbox 1072 3043 1160 3071; x_wconf 88' lang='lat' dir='ltr'>cum</span> 
     </span>
     <span class='ocr_line' id='line_1_41' title="bbox 215 3085 1159 3139; baseline 0 -13"><span class='ocrx_word' id='word_1_302' title='bbox 215 3086 330 3126; x_wconf 87' lang='lat' dir='ltr'>istius</span> <span class='ocrx_word' id='word_1_303' title='bbox 360 3086 566 3138; x_wconf 89' lang='lat' dir='ltr'>Epistolae</span> <span class='ocrx_word' id='word_1_304' title='bbox 597 3085 802 3138; x_wconf 86' lang='lat' dir='ltr'>Scriptore</span> <span class='ocrx_word' id='word_1_305' title='bbox 833 3085 948 3136; x_wconf 87' lang='lat' dir='ltr'>alibi,</span> <span class='ocrx_word' id='word_1_306' title='bbox 989 3099 1068 3139; x_wconf 91' lang='lat' dir='ltr'>quo</span> <span class='ocrx_word' id='word_1_307' title='bbox 1118 3087 1159 3126; x_wconf 94' lang='lat' dir='ltr'>in</span> 
     </span>
     <span class='ocr_line' id='line_1_42' title="bbox 217 3142 1158 3195; baseline 0 -13"><span class='ocrx_word' id='word_1_308' title='bbox 217 3142 311 3182; x_wconf 92' lang='lat' dir='ltr'>loco</span> <span class='ocrx_word' id='word_1_309' title='bbox 358 3155 440 3183; x_wconf 91' lang='lat' dir='ltr'>non</span> <span class='ocrx_word' id='word_1_310' title='bbox 496 3142 642 3195; x_wconf 90' lang='lat' dir='ltr'>liquet,</span> <span class='ocrx_word' id='word_1_311' title='bbox 700 3147 916 3182; x_wconf 85' lang='lat' dir='ltr'>versantes.</span> <span class='ocrx_word' id='word_1_312' title='bbox 989 3142 1068 3183; x_wconf 85' lang='lat' dir='ltr'>Cfr.</span> <span class='ocrx_word' id='word_1_313' title='bbox 1118 3143 1158 3182; x_wconf 92' lang='lat' dir='ltr'>S.</span> 
     </span>
     <span class='ocr_line' id='line_1_43' title="bbox 216 3197 1157 3252; baseline 0 -13"><span class='ocrx_word' id='word_1_314' title='bbox 216 3197 1157 3252; x_wconf 83' lang='lat' dir='ltr'>Matth.15,1.(Marc.7,1.)Act.17,13.</span> 
     </span>
     <span class='ocr_line' id='line_1_44' title="bbox 219 3253 401 3295; baseline -0.006 -1"><span class='ocrx_word' id='word_1_315' title='bbox 219 3253 401 3295; x_wconf 79' lang='lat' dir='ltr'>Orellius.</span> 
     </span>
    </p>

    <p class='ocr_par' dir='ltr' id='par_1_12' title="bbox 215 3304 1160 3697">
     <span class='ocr_line' id='line_1_45' title="bbox 299 3304 1160 3374; baseline 0.001 -24"><span class='ocrx_word' id='word_1_316' title='bbox 299 3309 343 3362; x_wconf 88' lang='grc'>2)</span> <span class='ocrx_word' id='word_1_317' title='bbox 373 3310 416 3350; x_wconf 85' lang='grc'>111</span> <span class='ocrx_word' id='word_1_318' title='bbox 449 3309 476 3349; x_wconf 93' lang='lat' dir='ltr'>C</span> <span class='ocrx_word' id='word_1_319' title='bbox 514 3307 623 3367; x_wconf 83' lang='grc' dir='ltr'>ρἐ·</span> <span class='ocrx_word' id='word_1_320' title='bbox 663 3304 948 3374; x_wconf 73' lang='grc' dir='ltr'><strong><em>ἀγαθόποδι.</em></strong></span> <span class='ocrx_word' id='word_1_321' title='bbox 1005 3310 1160 3351; x_wconf 88' lang='lat' dir='ltr'>Eodem</span> 
     </span>
     <span class='ocr_line' id='line_1_46' title="bbox 216 3365 1159 3418; baseline 0.003 -14"><span class='ocrx_word' id='word_1_322' title='bbox 216 3365 338 3405; x_wconf 88' lang='lat' dir='ltr'>modo</span> <span class='ocrx_word' id='word_1_323' title='bbox 367 3365 663 3418; x_wconf 85' lang='lat' dir='ltr'>interpunctum</span> <span class='ocrx_word' id='word_1_324' title='bbox 695 3379 785 3407; x_wconf 89' lang='lat' dir='ltr'>esse</span> <span class='ocrx_word' id='word_1_325' title='bbox 815 3365 856 3405; x_wconf 92' lang='lat' dir='ltr'>in</span> <span class='ocrx_word' id='word_1_326' title='bbox 887 3366 916 3405; x_wconf 96' lang='lat' dir='ltr'>L</span> <span class='ocrx_word' id='word_1_327' title='bbox 949 3366 1159 3407; x_wconf 85' lang='lat' dir='ltr'>certiorem</span> 
     </span>
     <span class='ocr_line' id='line_1_47' title="bbox 216 3421 1157 3465; baseline 0.003 -5"><span class='ocrx_word' id='word_1_328' title='bbox 216 3433 279 3461; x_wconf 88' lang='lat' dir='ltr'>me</span> <span class='ocrx_word' id='word_1_329' title='bbox 310 3421 404 3461; x_wconf 78' lang='lat' dir='ltr'>fecit</span> <span class='ocrx_word' id='word_1_330' title='bbox 424 3422 762 3465; x_wconf 86' lang='lat' dir='ltr'>Tischendorfius.</span> <span class='ocrx_word' id='word_1_331' title='bbox 820 3421 931 3461; x_wconf 89' lang='lat' dir='ltr'>Unde</span> <span class='ocrx_word' id='word_1_332' title='bbox 953 3421 1057 3463; x_wconf 89' lang='lat' dir='ltr'>inter</span> <span class='ocrx_word' id='word_1_333' title='bbox 1078 3423 1157 3463; x_wconf 91' lang='lat' dir='ltr'>duo</span> 
     </span>
     <span class='ocr_line' id='line_1_48' title="bbox 215 3476 1157 3531; baseline 0.003 -15"><span class='ocrx_word' id='word_1_334' title='bbox 215 3477 377 3517; x_wconf 90' lang='lat' dir='ltr'>nomina</span> <span class='ocrx_word' id='word_1_335' title='bbox 419 3476 497 3518; x_wconf 86' lang='grc' dir='ltr'>καὶ</span> <span class='ocrx_word' id='word_1_336' title='bbox 536 3479 723 3530; x_wconf 82' lang='lat' dir='ltr'>copulam</span> <span class='ocrx_word' id='word_1_337' title='bbox 772 3477 966 3518; x_wconf 85' lang='lat' dir='ltr'>excidisse</span> <span class='ocrx_word' id='word_1_338' title='bbox 1013 3478 1157 3531; x_wconf 87' lang='lat' dir='ltr'>aliquis</span> 
     </span>
     <span class='ocr_line' id='line_1_49' title="bbox 216 3532 1158 3587; baseline 0.004 -16"><span class='ocrx_word' id='word_1_339' title='bbox 216 3532 411 3583; x_wconf 89' lang='lat' dir='ltr'>suspicari</span> <span class='ocrx_word' id='word_1_340' title='bbox 442 3540 571 3586; x_wconf 86' lang='lat' dir='ltr'>queat.</span> <span class='ocrx_word' id='word_1_341' title='bbox 631 3534 710 3575; x_wconf 79' lang='lat' dir='ltr'>crr.</span> <span class='ocrx_word' id='word_1_342' title='bbox 749 3540 879 3575; x_wconf 87' lang='lat' dir='ltr'>tamen</span> <span class='ocrx_word' id='word_1_343' title='bbox 921 3534 970 3573; x_wconf 89' lang='lat' dir='ltr'>ad</span> <span class='ocrx_word' id='word_1_344' title='bbox 1003 3535 1158 3587; x_wconf 82' lang='lat' dir='ltr'>Smyrn.</span> 
     </span>
     <span class='ocr_line' id='line_1_50' title="bbox 218 3588 1158 3642; baseline 0.005 -16"><span class='ocrx_word' id='word_1_345' title='bbox 218 3599 251 3626; x_wconf 89' lang='lat' dir='ltr'>c.</span> <span class='ocrx_word' id='word_1_346' title='bbox 295 3588 359 3628; x_wconf 92' lang='grc'><strong><em>10.</em></strong></span> <span class='ocrx_word' id='word_1_347' title='bbox 415 3589 646 3631; x_wconf 77' lang='lat' dir='ltr'>Armenius:</span> <span class='ocrx_word' id='word_1_348' title='bbox 689 3603 774 3632; x_wconf 83' lang='lat' dir='ltr'>cum</span> <span class='ocrx_word' id='word_1_349' title='bbox 808 3589 904 3630; x_wconf 80' lang='lat' dir='ltr'>Rheo</span> <span class='ocrx_word' id='word_1_350' title='bbox 946 3593 1068 3642; x_wconf 78' lang='lat' dir='ltr'>fratre</span> <span class='ocrx_word' id='word_1_351' title='bbox 1121 3597 1158 3631; x_wconf 80' lang='lat' dir='ltr'>et</span> 
     </span>
     <span class='ocr_line' id='line_1_51' title="bbox 216 3642 478 3697; baseline 0.008 -13"><span class='ocrx_word' id='word_1_352' title='bbox 216 3642 478 3697; x_wconf 72' lang='lat' dir='ltr'>Aqathopode.</span> 
     </span>
    </p>
   </div>
   <div class='ocr_carea' id='block_1_12' title="bbox 1213 2246 2167 3700">
    <p class='ocr_par' dir='ltr' id='par_1_13' title="bbox 1303 2246 2165 2301">
     <span class='ocr_line' id='line_1_52' title="bbox 1303 2246 2165 2301; baseline 0.002 -12"><span class='ocrx_word' id='word_1_353' title='bbox 1303 2247 1347 2300; x_wconf 90' lang='lat'>3)</span> <span class='ocrx_word' id='word_1_354' title='bbox 1379 2247 1458 2289; x_wconf 81' lang='lat' dir='ltr'>Csr.</span> <span class='ocrx_word' id='word_1_355' title='bbox 1470 2247 1521 2288; x_wconf 86' lang='lat' dir='ltr'>ad</span> <span class='ocrx_word' id='word_1_356' title='bbox 1536 2248 1690 2300; x_wconf 81' lang='lat' dir='ltr'>Smyrn.</span> <span class='ocrx_word' id='word_1_357' title='bbox 1695 2260 1728 2288; x_wconf 89' lang='lat' dir='ltr'>c.</span> <span class='ocrx_word' id='word_1_358' title='bbox 1740 2246 1802 2288; x_wconf 87' lang='grc'><strong><em>12.</em></strong></span> <span class='ocrx_word' id='word_1_359' title='bbox 1806 2246 2040 2301; x_wconf 81' lang='lat' dir='ltr'>‚adEphes.</span> <span class='ocrx_word' id='word_1_360' title='bbox 2054 2262 2086 2291; x_wconf 89' lang='lat' dir='ltr'>c.</span> <span class='ocrx_word' id='word_1_361' title='bbox 2101 2250 2165 2293; x_wconf 88' lang='grc'><strong><em>12.</em></strong></span> 
     </span>
    </p>

    <p class='ocr_par' dir='ltr' id='par_1_14' title="bbox 1215 2303 2167 3086">
     <span class='ocr_line' id='line_1_53' title="bbox 1307 2303 2166 2369; baseline 0.002 -24"><span class='ocrx_word' id='word_1_362' title='bbox 1307 2303 1348 2356; x_wconf 91' lang='grc'>1)</span> <span class='ocrx_word' id='word_1_363' title='bbox 1381 2305 1438 2344; x_wconf 84' lang='lat' dir='ltr'>Ita</span> <span class='ocrx_word' id='word_1_364' title='bbox 1474 2305 1550 2345; x_wconf 84' lang='lat' dir='ltr'>Iac.</span> <span class='ocrx_word' id='word_1_365' title='bbox 1581 2310 1620 2344; x_wconf 88' lang='lat' dir='ltr'>et</span> <span class='ocrx_word' id='word_1_366' title='bbox 1649 2304 1924 2369; x_wconf 80' lang='lat' dir='ltr'>apographum</span> <span class='ocrx_word' id='word_1_367' title='bbox 1947 2305 2166 2359; x_wconf 79' lang='lat' dir='ltr'>Holstenii3</span> 
     </span>
     <span class='ocr_line' id='line_1_54' title="bbox 1221 2354 2167 2416; baseline 0.003 -15"><span class='ocrx_word' id='word_1_368' title='bbox 1221 2361 1495 2416; x_wconf 83' lang='grc' dir='ltr'><strong><em>σμυρναίοις</em></strong></span> <span class='ocrx_word' id='word_1_369' title='bbox 1535 2360 1621 2400; x_wconf 88' lang='lat' dir='ltr'>sine</span> <span class='ocrx_word' id='word_1_370' title='bbox 1648 2354 1875 2414; x_wconf 76' lang='grc' dir='ltr'><strong><em>Ἰγνάτιος</em></strong></span> <span class='ocrx_word' id='word_1_371' title='bbox 1904 2360 1956 2410; x_wconf 93' lang='lat' dir='ltr'>C,</span> <span class='ocrx_word' id='word_1_372' title='bbox 2001 2367 2040 2402; x_wconf 88' lang='lat' dir='ltr'>et</span> <span class='ocrx_word' id='word_1_373' title='bbox 2067 2367 2167 2404; x_wconf 84' lang='lat' dir='ltr'>teste</span> 
     </span>
     <span class='ocr_line' id='line_1_55' title="bbox 1219 2415 2165 2460; baseline 0.004 -4"><span class='ocrx_word' id='word_1_374' title='bbox 1219 2417 1338 2456; x_wconf 88' lang='lat' dir='ltr'>Petro</span> <span class='ocrx_word' id='word_1_375' title='bbox 1369 2416 1432 2456; x_wconf 83' lang='lat' dir='ltr'>del</span> <span class='ocrx_word' id='word_1_376' title='bbox 1468 2416 1586 2455; x_wconf 89' lang='lat' dir='ltr'>Furia</span> <span class='ocrx_word' id='word_1_377' title='bbox 1618 2415 1735 2456; x_wconf 87' lang='lat' dir='ltr'>etiam</span> <span class='ocrx_word' id='word_1_378' title='bbox 1766 2415 1810 2455; x_wconf 93' lang='lat' dir='ltr'>L.</span> <span class='ocrx_word' id='word_1_379' title='bbox 1836 2438 1895 2444; x_wconf 91' lang='lat'><strong>—</strong></span> <span class='ocrx_word' id='word_1_380' title='bbox 1922 2416 1978 2455; x_wconf 79' lang='lat' dir='ltr'>Ex</span> <span class='ocrx_word' id='word_1_381' title='bbox 2008 2417 2165 2460; x_wconf 84' lang='lat' dir='ltr'>Troade</span> 
     </span>
     <span class='ocr_line' id='line_1_56' title="bbox 1218 2470 2167 2527; baseline 0.002 -16"><span class='ocrx_word' id='word_1_382' title='bbox 1218 2471 1391 2522; x_wconf 89' lang='lat' dir='ltr'>Ignatius</span> <span class='ocrx_word' id='word_1_383' title='bbox 1414 2472 1609 2511; x_wconf 89' lang='lat' dir='ltr'>Burrhum</span> <span class='ocrx_word' id='word_1_384' title='bbox 1642 2483 1731 2510; x_wconf 91' lang='lat' dir='ltr'>cum</span> <span class='ocrx_word' id='word_1_385' title='bbox 1761 2470 1886 2510; x_wconf 89' lang='lat' dir='ltr'>literis</span> <span class='ocrx_word' id='word_1_386' title='bbox 1902 2471 2010 2512; x_wconf 89' lang='lat' dir='ltr'>misit</span> <span class='ocrx_word' id='word_1_387' title='bbox 2028 2473 2167 2527; x_wconf 85' lang='lat' dir='ltr'>Smyr-</span> 
     </span>
     <span class='ocr_line' id='line_1_57' title="bbox 1219 2526 2164 2578; baseline 0.005 -12"><span class='ocrx_word' id='word_1_388' title='bbox 1219 2540 1309 2566; x_wconf 90' lang='lat' dir='ltr'>nam</span> <span class='ocrx_word' id='word_1_389' title='bbox 1357 2529 1409 2577; x_wconf 90' lang='lat' dir='ltr'>(c.</span> <span class='ocrx_word' id='word_1_390' title='bbox 1445 2527 1540 2578; x_wconf 84' lang='lat'><em>12..)</em></span> <span class='ocrx_word' id='word_1_391' title='bbox 1599 2526 1729 2566; x_wconf 88' lang='lat' dir='ltr'>Firma</span> <span class='ocrx_word' id='word_1_392' title='bbox 1761 2526 2068 2578; x_wconf 83' lang='lat' dir='ltr'>Smyrnaeorum</span> <span class='ocrx_word' id='word_1_393' title='bbox 2085 2531 2164 2573; x_wconf 86' lang='lat' dir='ltr'>fide</span> 
     </span>
     <span class='ocr_line' id='line_1_58' title="bbox 1217 2581 2166 2634; baseline 0.005 -12"><span class='ocrx_word' id='word_1_394' title='bbox 1217 2582 1258 2622; x_wconf 92' lang='lat' dir='ltr'>in</span> <span class='ocrx_word' id='word_1_395' title='bbox 1290 2581 1436 2622; x_wconf 87' lang='lat' dir='ltr'>Christi</span> <span class='ocrx_word' id='word_1_396' title='bbox 1465 2582 1706 2622; x_wconf 88' lang='lat' dir='ltr'>nativitatem</span> <span class='ocrx_word' id='word_1_397' title='bbox 1745 2594 1790 2621; x_wconf 92' lang='lat' dir='ltr'>ac</span> <span class='ocrx_word' id='word_1_398' title='bbox 1819 2583 2048 2634; x_wconf 90' lang='lat' dir='ltr'>passionem</span> <span class='ocrx_word' id='word_1_399' title='bbox 2078 2586 2166 2628; x_wconf 86' lang='lat' dir='ltr'>lau-</span> 
     </span>
     <span class='ocr_line' id='line_1_59' title="bbox 1219 2637 2166 2693; baseline 0.005 -16"><span class='ocrx_word' id='word_1_400' title='bbox 1219 2638 1322 2688; x_wconf 87' lang='lat' dir='ltr'>data,</span> <span class='ocrx_word' id='word_1_401' title='bbox 1352 2638 1446 2678; x_wconf 84' lang='lat' dir='ltr'>illos</span> <span class='ocrx_word' id='word_1_402' title='bbox 1475 2638 1681 2690; x_wconf 86' lang='lat' dir='ltr'>impugnat</span> <span class='ocrx_word' id='word_1_403' title='bbox 1711 2637 1763 2688; x_wconf 85' lang='lat' dir='ltr'>(c.</span> <span class='ocrx_word' id='word_1_404' title='bbox 1794 2639 1950 2691; x_wconf 83' lang='lat'>2—7.,)</span> <span class='ocrx_word' id='word_1_405' title='bbox 1982 2640 2048 2693; x_wconf 90' lang='lat' dir='ltr'>qui</span> <span class='ocrx_word' id='word_1_406' title='bbox 2080 2643 2166 2685; x_wconf 86' lang='lat' dir='ltr'>Do-</span> 
     </span>
     <span class='ocr_line' id='line_1_60' title="bbox 1219 2693 2164 2752; baseline 0.006 -18"><span class='ocrx_word' id='word_1_407' title='bbox 1219 2700 1395 2734; x_wconf 88' lang='lat' dir='ltr'>cetarum</span> <span class='ocrx_word' id='word_1_408' title='bbox 1416 2706 1527 2734; x_wconf 89' lang='lat' dir='ltr'>more</span> <span class='ocrx_word' id='word_1_409' title='bbox 1544 2695 1673 2734; x_wconf 86' lang='lat' dir='ltr'>lesum</span> <span class='ocrx_word' id='word_1_410' title='bbox 1690 2693 1889 2735; x_wconf 91' lang='lat' dir='ltr'>Christum</span> <span class='ocrx_word' id='word_1_411' title='bbox 1902 2707 1995 2736; x_wconf 84' lang='lat' dir='ltr'>vere</span> <span class='ocrx_word' id='word_1_412' title='bbox 2008 2696 2164 2752; x_wconf 84' lang='lat' dir='ltr'>vixisse,</span> 
     </span>
     <span class='ocr_line' id='line_1_61' title="bbox 1217 2750 2166 2805; baseline 0.007 -16"><span class='ocrx_word' id='word_1_413' title='bbox 1217 2762 1380 2802; x_wconf 87' lang='lat' dir='ltr'>passum</span> <span class='ocrx_word' id='word_1_414' title='bbox 1412 2763 1512 2800; x_wconf 91' lang='lat' dir='ltr'>esse,</span> <span class='ocrx_word' id='word_1_415' title='bbox 1544 2755 1611 2790; x_wconf 90' lang='lat' dir='ltr'>aut</span> <span class='ocrx_word' id='word_1_416' title='bbox 1639 2750 1904 2792; x_wconf 84' lang='lat' dir='ltr'>resurrexisse</span> <span class='ocrx_word' id='word_1_417' title='bbox 1937 2760 2094 2805; x_wconf 86' lang='lat' dir='ltr'>negent,</span> <span class='ocrx_word' id='word_1_418' title='bbox 2126 2762 2166 2796; x_wconf 91' lang='lat' dir='ltr'>et</span> 
     </span>
     <span class='ocr_line' id='line_1_62' title="bbox 1216 2806 2164 2863; baseline 0.007 -18"><span class='ocrx_word' id='word_1_419' title='bbox 1216 2812 1432 2858; x_wconf 87' lang='lat' dir='ltr'>propterea</span> <span class='ocrx_word' id='word_1_420' title='bbox 1485 2806 1599 2846; x_wconf 87' lang='lat' dir='ltr'>vacui</span> <span class='ocrx_word' id='word_1_421' title='bbox 1647 2806 1726 2846; x_wconf 86' lang='lat' dir='ltr'>sint</span> <span class='ocrx_word' id='word_1_422' title='bbox 1771 2811 1880 2846; x_wconf 89' lang='lat' dir='ltr'>recta</span> <span class='ocrx_word' id='word_1_423' title='bbox 1922 2807 2000 2847; x_wconf 85' lang='lat' dir='ltr'>fide</span> <span class='ocrx_word' id='word_1_424' title='bbox 2045 2816 2164 2863; x_wconf 88' lang='lat' dir='ltr'>atque</span> 
     </span>
     <span class='ocr_line' id='line_1_63' title="bbox 1218 2862 2163 2918; baseline 0.005 -16"><span class='ocrx_word' id='word_1_425' title='bbox 1218 2862 1392 2903; x_wconf 88' lang='lat' dir='ltr'>caritate.</span> <span class='ocrx_word' id='word_1_426' title='bbox 1454 2862 1817 2913; x_wconf 83' lang='lat' dir='ltr'>Ohtemperandum</span> <span class='ocrx_word' id='word_1_427' title='bbox 1833 2863 2026 2905; x_wconf 85' lang='lat' dir='ltr'>ecclesiae</span> <span class='ocrx_word' id='word_1_428' title='bbox 2043 2878 2163 2918; x_wconf 86' lang='lat' dir='ltr'>prae-</span> 
     </span>
     <span class='ocr_line' id='line_1_64' title="bbox 1217 2918 2163 2982; baseline 0.007 -25"><span class='ocrx_word' id='word_1_429' title='bbox 1217 2918 1392 2969; x_wconf 85' lang='lat' dir='ltr'>sidibus,</span> <span class='ocrx_word' id='word_1_430' title='bbox 1425 2918 1746 2982; x_wconf 79' lang='lat' dir='ltr'>coniunctimque</span> <span class='ocrx_word' id='word_1_431' title='bbox 1780 2931 1868 2958; x_wconf 90' lang='lat' dir='ltr'>cum</span> <span class='ocrx_word' id='word_1_432' title='bbox 1898 2919 1948 2959; x_wconf 88' lang='lat' dir='ltr'>iis</span> <span class='ocrx_word' id='word_1_433' title='bbox 1979 2922 2163 2964; x_wconf 88' lang='lat' dir='ltr'>standum</span> 
     </span>
     <span class='ocr_line' id='line_1_65' title="bbox 1215 2973 2163 3028; baseline 0.005 -13"><span class='ocrx_word' id='word_1_434' title='bbox 1215 2973 1268 3026; x_wconf 85' lang='lat' dir='ltr'>(e.</span> <span class='ocrx_word' id='word_1_435' title='bbox 1303 2974 1340 3015; x_wconf 88' lang='lat'>8.</span> <span class='ocrx_word' id='word_1_436' title='bbox 1362 2974 1418 3028; x_wconf 88' lang='lat'>9).</span> <span class='ocrx_word' id='word_1_437' title='bbox 1478 2973 1633 3014; x_wconf 88' lang='lat' dir='ltr'>Gratias</span> <span class='ocrx_word' id='word_1_438' title='bbox 1662 2973 1753 3024; x_wconf 87' lang='lat' dir='ltr'>agit,</span> <span class='ocrx_word' id='word_1_439' title='bbox 1783 2974 1921 3026; x_wconf 86' lang='lat' dir='ltr'>Syriae</span> <span class='ocrx_word' id='word_1_440' title='bbox 1952 2977 2163 3020; x_wconf 87' lang='lat' dir='ltr'>ecclesiam</span> 
     </span>
     <span class='ocr_line' id='line_1_66' title="bbox 1216 3029 2163 3086; baseline 0.006 -16"><span class='ocrx_word' id='word_1_441' title='bbox 1216 3031 1478 3081; x_wconf 87' lang='lat' dir='ltr'>commendat,</span> <span class='ocrx_word' id='word_1_442' title='bbox 1491 3029 1722 3070; x_wconf 90' lang='lat' dir='ltr'>nominatim</span> <span class='ocrx_word' id='word_1_443' title='bbox 1736 3030 1882 3071; x_wconf 86' lang='lat' dir='ltr'>salutat</span> <span class='ocrx_word' id='word_1_444' title='bbox 1901 3030 1953 3083; x_wconf 89' lang='lat' dir='ltr'>(c.</span> <span class='ocrx_word' id='word_1_445' title='bbox 1969 3033 2163 3086; x_wconf 85' lang='lat'><em>10—13).</em></span> 
     </span>
    </p>

    <p class='ocr_par' dir='ltr' id='par_1_15' title="bbox 1215 3086 2161 3195">
     <span class='ocr_line' id='line_1_67' title="bbox 1300 3086 2161 3138; baseline 0.005 -11"><span class='ocrx_word' id='word_1_446' title='bbox 1300 3087 1344 3138; x_wconf 88' lang='grc'>2)</span> <span class='ocrx_word' id='word_1_447' title='bbox 1376 3086 1590 3138; x_wconf 86' lang='lat' dir='ltr'>Respicere</span> <span class='ocrx_word' id='word_1_448' title='bbox 1620 3086 1778 3126; x_wconf 90' lang='lat' dir='ltr'>videtur</span> <span class='ocrx_word' id='word_1_449' title='bbox 1805 3086 1822 3126; x_wconf 92' lang='lat'>1</span> <span class='ocrx_word' id='word_1_450' title='bbox 1840 3086 1931 3128; x_wconf 91' lang='lat' dir='ltr'>Cor.</span> <span class='ocrx_word' id='word_1_451' title='bbox 1958 3089 1992 3138; x_wconf 92' lang='grc'>1,</span> <span class='ocrx_word' id='word_1_452' title='bbox 2011 3090 2049 3130; x_wconf 89' lang='grc'>7.</span> <span class='ocrx_word' id='word_1_453' title='bbox 2081 3090 2161 3132; x_wconf 82' lang='lat' dir='ltr'>crr.</span> 
     </span>
     <span class='ocr_line' id='line_1_68' title="bbox 1215 3142 1570 3195; baseline 0 -13"><span class='ocrx_word' id='word_1_454' title='bbox 1215 3142 1266 3182; x_wconf 88' lang='lat' dir='ltr'>ad</span> <span class='ocrx_word' id='word_1_455' title='bbox 1298 3143 1435 3195; x_wconf 84' lang='lat' dir='ltr'>Polyc.</span> <span class='ocrx_word' id='word_1_456' title='bbox 1468 3155 1502 3182; x_wconf 89' lang='lat' dir='ltr'>c.</span> <span class='ocrx_word' id='word_1_457' title='bbox 1532 3142 1570 3182; x_wconf 86' lang='lat'>2.</span> 
     </span>
    </p>

    <p class='ocr_par' dir='ltr' id='par_1_16' title="bbox 1215 3193 2160 3307">
     <span class='ocr_line' id='line_1_69' title="bbox 1297 3193 2160 3256; baseline 0.005 -17"><span class='ocrx_word' id='word_1_458' title='bbox 1297 3198 1341 3252; x_wconf 88' lang='lat'>3)</span> <span class='ocrx_word' id='word_1_459' title='bbox 1371 3193 1788 3256; x_wconf 77' lang='grc' dir='ltr'><strong><em>θεοπρεπεστατης</em></strong></span> <span class='ocrx_word' id='word_1_460' title='bbox 1827 3198 1868 3240; x_wconf 93' lang='lat' dir='ltr'>C.</span> <span class='ocrx_word' id='word_1_461' title='bbox 1925 3199 2022 3241; x_wconf 88' lang='lat' dir='ltr'>Vide</span> <span class='ocrx_word' id='word_1_462' title='bbox 2057 3201 2160 3243; x_wconf 83' lang='lat' dir='ltr'>infra</span> 
     </span>
     <span class='ocr_line' id='line_1_70' title="bbox 1215 3255 1522 3307; baseline 0.003 -13"><span class='ocrx_word' id='word_1_463' title='bbox 1215 3267 1330 3307; x_wconf 87' lang='lat' dir='ltr'>capp.</span> <span class='ocrx_word' id='word_1_464' title='bbox 1363 3255 1426 3296; x_wconf 92' lang='lat'>11.</span> <span class='ocrx_word' id='word_1_465' title='bbox 1460 3255 1522 3295; x_wconf 84' lang='lat'>12.</span> 
     </span>
    </p>

    <p class='ocr_par' dir='ltr' id='par_1_17' title="bbox 1214 3309 2158 3518">
     <span class='ocr_line' id='line_1_71' title="bbox 1299 3309 2158 3363; baseline 0.005 -12"><span class='ocrx_word' id='word_1_466' title='bbox 1299 3309 1344 3361; x_wconf 91' lang='grc'>4)</span> <span class='ocrx_word' id='word_1_467' title='bbox 1373 3311 1466 3351; x_wconf 85' lang='lat' dir='ltr'>Le.</span> <span class='ocrx_word' id='word_1_468' title='bbox 1498 3311 1762 3363; x_wconf 89' lang='lat' dir='ltr'>quaesanctis</span> <span class='ocrx_word' id='word_1_469' title='bbox 1792 3311 1941 3351; x_wconf 81' lang='lat' dir='ltr'>referta</span> <span class='ocrx_word' id='word_1_470' title='bbox 1960 3318 2032 3363; x_wconf 89' lang='lat' dir='ltr'>est,</span> <span class='ocrx_word' id='word_1_471' title='bbox 2063 3327 2158 3355; x_wconf 90' lang='lat' dir='ltr'>eos-</span> 
     </span>
     <span class='ocr_line' id='line_1_72' title="bbox 1216 3365 2157 3419; baseline 0.005 -13"><span class='ocrx_word' id='word_1_472' title='bbox 1216 3379 1293 3419; x_wconf 91' lang='lat' dir='ltr'>que</span> <span class='ocrx_word' id='word_1_473' title='bbox 1323 3366 1437 3418; x_wconf 85' lang='lat' dir='ltr'>quasi</span> <span class='ocrx_word' id='word_1_474' title='bbox 1457 3378 1600 3418; x_wconf 89' lang='lat' dir='ltr'>parere</span> <span class='ocrx_word' id='word_1_475' title='bbox 1630 3366 1798 3407; x_wconf 89' lang='lat' dir='ltr'>videtur.</span> <span class='ocrx_word' id='word_1_476' title='bbox 1834 3365 2012 3409; x_wconf 78' lang='lat' dir='ltr'>Pearson.</span> <span class='ocrx_word' id='word_1_477' title='bbox 2062 3370 2157 3411; x_wconf 84' lang='lat' dir='ltr'>Gal-</span> 
     </span>
     <span class='ocr_line' id='line_1_73' title="bbox 1214 3421 2157 3477; baseline 0.006 -16"><span class='ocrx_word' id='word_1_478' title='bbox 1214 3421 1401 3462; x_wconf 89' lang='lat' dir='ltr'>licciolli:</span> <span class='ocrx_word' id='word_1_479' title='bbox 1452 3422 1525 3462; x_wconf 87' lang='lat' dir='ltr'>che</span> <span class='ocrx_word' id='word_1_480' title='bbox 1562 3425 1583 3461; x_wconf 78' lang='lat' dir='ltr'>e</span> <span class='ocrx_word' id='word_1_481' title='bbox 1628 3422 1867 3473; x_wconf 85' lang='lat' dir='ltr'>degnissima</span> <span class='ocrx_word' id='word_1_482' title='bbox 1914 3423 1953 3463; x_wconf 91' lang='lat' dir='ltr'>di</span> <span class='ocrx_word' id='word_1_483' title='bbox 1991 3425 2088 3477; x_wconf 85' lang='lat' dir='ltr'>Dio,</span> <span class='ocrx_word' id='word_1_484' title='bbox 2134 3441 2157 3467; x_wconf 89' lang='lat' dir='ltr'>e</span> 
     </span>
     <span class='ocr_line' id='line_1_74' title="bbox 1214 3477 1607 3518; baseline -0.005 0"><span class='ocrx_word' id='word_1_485' title='bbox 1214 3479 1347 3518; x_wconf 87' lang='lat' dir='ltr'>ferace</span> <span class='ocrx_word' id='word_1_486' title='bbox 1383 3478 1422 3517; x_wconf 89' lang='lat' dir='ltr'>di</span> <span class='ocrx_word' id='word_1_487' title='bbox 1452 3477 1607 3517; x_wconf 81' lang='lat' dir='ltr'>santita.</span> 
     </span>
    </p>

    <p class='ocr_par' dir='ltr' id='par_1_18' title="bbox 1299 3532 2068 3583">
     <span class='ocr_line' id='line_1_75' title="bbox 1299 3532 2068 3583; baseline 0.004 -8"><span class='ocrx_word' id='word_1_488' title='bbox 1299 3534 1343 3583; x_wconf 88' lang='lat'>5)</span> <span class='ocrx_word' id='word_1_489' title='bbox 1373 3532 1450 3573; x_wconf 80' lang='grc' dir='ltr'>καὶ</span> <span class='ocrx_word' id='word_1_490' title='bbox 1479 3533 1597 3572; x_wconf 87' lang='lat' dir='ltr'>textui</span> <span class='ocrx_word' id='word_1_491' title='bbox 1626 3533 1820 3575; x_wconf 88' lang='lat' dir='ltr'>Vossiano</span> <span class='ocrx_word' id='word_1_492' title='bbox 1855 3535 2068 3578; x_wconf 88' lang='lat' dir='ltr'>exciderat.</span> 
     </span>
    </p>

    <p class='ocr_par' dir='ltr' id='par_1_19' title="bbox 1213 3584 2154 3700">
     <span class='ocr_line' id='line_1_76' title="bbox 1299 3584 2154 3640; baseline 0.006 -10"><span class='ocrx_word' id='word_1_493' title='bbox 1299 3588 1343 3640; x_wconf 87' lang='grc'>6)</span> <span class='ocrx_word' id='word_1_494' title='bbox 1374 3589 1475 3628; x_wconf 90' lang='lat' dir='ltr'>Dedi</span> <span class='ocrx_word' id='word_1_495' title='bbox 1514 3584 1735 3638; x_wconf 76' lang='grc' dir='ltr'><strong><em>Δοξᾶζων</em></strong></span> <span class='ocrx_word' id='word_1_496' title='bbox 1784 3591 1883 3632; x_wconf 89' lang='lat' dir='ltr'>duce</span> <span class='ocrx_word' id='word_1_497' title='bbox 1936 3591 2034 3634; x_wconf 91' lang='lat' dir='ltr'>Cod.</span> <span class='ocrx_word' id='word_1_498' title='bbox 2075 3593 2154 3634; x_wconf 84' lang='lat' dir='ltr'>Ca-</span> 
     </span>
     <span class='ocr_line' id='line_1_77' title="bbox 1213 3643 2154 3700; baseline 0.003 -12"><span class='ocrx_word' id='word_1_499' title='bbox 1213 3645 1438 3694; x_wconf 86' lang='lat' dir='ltr'>sanatensi,</span> <span class='ocrx_word' id='word_1_500' title='bbox 1477 3644 1545 3685; x_wconf 90' lang='lat' dir='ltr'>ubi</span> <span class='ocrx_word' id='word_1_501' title='bbox 1585 3645 1707 3686; x_wconf 86' lang='lat' dir='ltr'>habes</span> <span class='ocrx_word' id='word_1_502' title='bbox 1738 3643 1980 3700; x_wconf 77' lang='grc' dir='ltr'><strong><em>Δοξάζων,</em></strong></span> <span class='ocrx_word' id='word_1_503' title='bbox 2021 3648 2154 3691; x_wconf 82' lang='lat' dir='ltr'>littera</span> 
     </span>
    </p>
   </div>
  </div>
 </body>
</html>
