2340 3900
184 166 283 216 458
490 166 720 213 HERMAE
756 165 986 212 PASTOR.
1056 164 1219 212 mun
1253 165 1307 213 11.
1361 166 1602 217 uANDAr.
1640 167 1705 214 v1.
1742 163 1814 224 (A)

182 306 296 350 scias
334 303 519 349 effectus
556 301 758 357 illorum,
810 314 900 361 quo
944 302 1079 347 modo
1116 302 1215 362 ipsa
1245 303 1395 363 posita
1425 309 1529 348 sunt
1565 303 1620 349 ad
1656 303 1821 348 iustum
1868 303 2040 362 pariter
2067 311 2127 350 ¹et

183 373 407 417 iniustum.
481 370 544 414 Tu
594 370 744 429 itaque
794 369 928 416 crede
974 370 1093 415 iusto
1109 363 1142 426 ,⁸
1191 370 1355 417 iniusto
1406 380 1553 417 autem
1589 371 1698 416 nihil
1737 371 1884 416 crede.
1956 371 2127 418 lustitia

180 440 298 486 enini
334 444 502 484 rectam
540 438 654 482 viam
688 432 842 493 habet.
874 430 939 483 at⁴
973 437 1188 484 iniustitia
1223 453 1416 499 pravam.
1487 439 1578 486 Sed
1612 445 1662 485 tu
1701 445 1868 484 rectam
1905 439 2018 484 viam
2049 453 2125 487 cu·

181 506 326 563 stodi,
373 519 553 566 pravam
600 512 746 551 autem
788 504 1011 565 relinque.
1081 505 1222 552 Prava
1266 513 1411 553 autem
1446 508 1516 552 via
1551 521 1640 553 non
1679 507 1813 551 habet
1849 507 2010 553 exitum
2045 506 2125 554 bo·

180 589 314 630 num,
363 575 445 620 sed
482 573 754 620 offendicula
786 572 926 619 multa
961 568 1143 631 habet35
1187 590 1347 636 aspera
1383 582 1453 621 est
1485 582 1528 621 et
1564 575 1773 635 spinosa,
1827 580 1872 619 et
1910 575 2032 621 ducit
2069 575 2126 621 ad

180 643 416 699 interitum,
456 649 501 688 et
536 643 666 688 noxia
703 647 772 687 est
806 642 1064 688 hominibus
1099 643 1428 689 ambulantibus
1466 644 1512 689 in
1549 644 1635 688 illa.
1708 643 1790 698 Qui
1827 649 1975 689 autem
2010 643 2126 689 viam

180 717 346 758 rectam
382 705 577 771 petunt‚⁰
614 709 860 770 aequaliter
895 710 1122 757 ambulant
1159 712 1256 757 sine
1294 712 1558 767 offensione,
1596 711 1700 771 quia
1736 724 1828 756 non
1865 717 1935 756 est
1965 725 2125 772 aspera

177 793 324 838 neque
363 779 562 838 spinosa.
635 778 769 824 Vides
807 779 955 838 igitur,
993 774 1136 839 quod⁷
1174 780 1335 826 melius
1374 787 1444 826 est
1478 794 1562 840 per
1598 781 1713 824 hanc
1750 779 1863 824 viam
1899 780 2125 826 incedere.

176 847 264 892 lhis
303 845 464 902 enim‚‘
500 848 669 907 inquit,
708 852 768 902 ,et
800 848 1060 908 quicunque
1098 862 1150 894 ex
1200 854 1294 894 toto
1333 848 1471 894 corde
1520 847 1796 894 crediderint
1839 847 1885 892 in
1922 849 2125 903 Domine,

175 915 306 961 ibunt
340 930 423 976 per
457 915 607 961 illam.‘

315 1048 380 1110 (Α)
406 1052 457 1098 ll.
526 1046 706 1110 *,Audi
742 1050 904 1110 nunc,‘
939 1054 1111 1113 inquit,
1159 1052 1368 1112 ,primum
1417 1051 1472 1097 de
1524 1052 1628 1098 fide.
1699 1053 1793 1099 Duo
1841 1059 1948 1099 sunt
1983 1045 2127 1100 Genii¹

180 1136 278 1168 cum
317 1121 523 1167 homine:
561 1136 678 1168 unus
718 1122 969 1182 aequitatis,
1009 1128 1054 1166 et
1087 1135 1205 1165 unus
1241 1117 1521 1179 iniquitatis.‘
1565 1119 1619 1165 Et
1655 1135 1739 1181 ego
1765 1122 1852 1167 dixi
1887 1121 1973 1167 illi:
2015 1134 2124 1181 ,quo

178 1190 331 1245 modo,
370 1189 565 1247 domine,
604 1192 720 1236 scire
757 1196 932 1250 potero,
974 1188 1098 1248 quod
1124 1188 1213 1233 duo
1251 1194 1356 1232 sunt
1395 1187 1523 1232 Genii
1560 1202 1659 1233 cum
1698 1189 1877 1235 homine
1892 1188 1927 1234 ’.ὅ
1963 1186 2126 1244 ,Audi,‘

178 1259 333 1319 inquit,
372 1264 430 1314 ,et
465 1258 677 1319 intellige.
746 1258 994 1317 Aequitatis
1033 1256 1200 1302 Genius
1236 1254 1349 1300 lenis
1388 1261 1456 1301 est
1491 1262 1536 1301 et
1569 1257 1882 1310 verecundus,
1919 1270 2125 1303 mansue·

179 1334 249 1372 tus
287 1333 331 1372 et
368 1320 598 1386 quietus.‘²
672 1325 780 1373 Cum
827 1340 935 1386 ergo
986 1326 1031 1371 in
1069 1339 1149 1371 cor
1184 1331 1309 1370 tuum
1347 1324 1625 1381 ascenderit,
1676 1325 1889 1372 continuo
1926 1326 2129 1386 loquitur

180 1403 327 1441 tecum
363 1395 417 1440 de
456 1395 643 1451 iustitia,
683 1397 738 1441 de
774 1394 1016 1455 pudicitia,
1055 1395 1109 1440 de
1146 1394 1380 1452 castitate,
1423 1393 1477 1438 de
1513 1392 1813 1453 benignitate,
1860 1394 1916 1441 de
1961 1386 2127 1450 νειιιίει,8

180 1464 235 1510 de
274 1463 458 1509 caritate
505 1471 551 1509 et
599 1464 654 1509 de
701 1464 883 1523 pietate.
956 1461 1077 1508 Haec
1115 1462 1263 1508 omnia
1304 1475 1405 1507 cum
1443 1462 1733 1508 ascenderint
1764 1462 1810 1507 in
1850 1477 1932 1509 cor
1966 1455 2128 1519 ῑιιιιιιι,4

179 1532 306 1587 scito,
346 1531 469 1590 quod
499 1531 664 1577 Genius
703 1530 938 1590 aequitatis
976 1537 1124 1575 tecum
1162 1537 1260 1584 est3
1298 1530 1405 1575 huic
1442 1543 1552 1590 ergo
1574 1530 1731 1576 ⁴Genio
1768 1531 1906 1577 crede
1943 1538 1990 1577 et
2019 1544 2126 1591 ope-

178 1600 305 1646 ribus
343 1600 453 1645 eiuS.
524 1600 689 1660 Accipe
739 1612 860 1644 nunc
909 1605 952 1644 et
990 1592 1136 1644 Genii⁵
1183 1599 1425 1658 iniquitatis
1462 1611 1614 1658 opera.
1684 1599 1883 1644 Primum
1932 1613 2126 1655 amarus,

179 1668 424 1714 iracundus
463 1675 507 1713 et
544 1668 733 1714 stolidus
772 1660 886 1723 est;⁶
937 1674 982 1713 et
1021 1681 1157 1727 opera
1194 1667 1312 1713 illius
1364 1667 1624 1727 perniciosa
1660 1673 1783 1723 sunt,
1833 1674 1880 1713 et
1923 1673 2128 1714 evertunt

179 1751 334 1782 servos
372 1737 463 1782 Dei.
537 1736 644 1782 Cum
681 1750 791 1796 ergo
832 1736 876 1780 in
918 1749 998 1781 cor
1032 1742 1159 1781 tuum
1195 1736 1481 1781 ascenderint
1513 1735 1638 1790 haec,
1670 1735 1894 1796 intelliges
1933 1735 1988 1782 ab
2020 1748 2125 1796 ope·

179 1804 304 1850 ribus
343 1805 454 1859 eiuS,
492 1805 611 1849 hunc
647 1818 749 1849 esse
787 1804 974 1848 Genium
1012 1797 1306 1862 iniquitatis.‘⁷
1377 1803 1432 1849 Et
1468 1803 1556 1849 dixi
1592 1797 1682 1848 eiz⁸
1735 1805 2007 1863 ‚quomodo,
2049 1803 2124 1849 do·

178 1874 310 1926 mine,
347 1872 588 1931 intelligam
603 1870 636 1916 2‘
685 1868 848 1927 ‚Audi‚‘
886 1871 1043 1930 inquit,
1083 1878 1145 1926 ,et
1182 1871 1394 1931 intellige.
1447 1871 1555 1915 Cum
1594 1871 1826 1916 iracundia
1859 1871 1942 1917 tibi
1977 1885 2126 1917 acces·

176 1942 298 1994 serit,
336 1946 411 1985 aut
447 1940 711 1995 amaritudo,
750 1938 948 1999 intellige
987 1953 1088 1984 eum
1146 1940 1192 1984 in
1229 1945 1271 1983 te
1309 1953 1410 1984 esse
1414 1931 1456 1995 ,⁹
1506 1939 1668 1983 deinde
1707 1939 1929 1998 cupiditas
1967 1939 2125 1984 multo-

174 2026 280 2096 γὰρ
299 2027 376 2079 ἐπὶ
413 2029 585 2111 δικαίῳ
631 2028 713 2079 καὶ
748 2025 914 2096 ἀδίκῳ.
986 2024 1063 2078 Σὺ
1098 2047 1187 2079 ουν
1221 2029 1413 2079 πίστευε
1447 2033 1514 2097 τῷ
1549 2028 1746 2098 δικαίῳ,
1781 2032 1849 2114 τῷ
1884 2025 1937 2078 δὲ
1973 2023 2126 2097 ἀδίκῳ

175 2096 325 2163 μηδὲν
358 2080 626 2183 πιστεύσῃς.
705 2095 771 2150 Τὸ
825 2097 916 2166 γὰρ
965 2098 1155 2149 δίκαιον
1206 2094 1370 2164 ὀρθὴν
1419 2080 1544 2149 ὁδὸν
1589 2080 1708 2163 ἔχει,
1755 2093 1808 2148 τὸ
1856 2095 1908 2147 δὲ
1957 2093 2128 2149 αδικον

175 2163 417 2234 στρεβλήν.

314 2258 448 2313 *Δύο
486 2263 606 2313 εἰσὶν
632 2259 842 2348 ἄγγελοι
866 2260 982 2329 μετὰ
1015 2267 1103 2314 τοῦ
1138 2259 1422 2348 ἀνθρώπου,
1458 2257 1528 2323 εἷς
1561 2266 1650 2328 τῆς
1684 2258 2011 2329 δικαιοσύνης,
2046 2260 2130 2312 καὶ

176 2325 246 2389 εἷς
277 2335 366 2396 τῆς
399 2332 659 2416 πονηρίας·
695 2332 776 2383 καὶ
813 2328 842 2383 ὁ
876 2331 962 2397 μὲν
995 2337 1082 2398 τῆς
1116 2329 1428 2398 δικαιοσύνης
1441 2329 1658 2419 fiyyekog·
1682 2330 1919 2418 τρυφερός
1938 2329 2130 2382 ἐστικαὶ

178 2397 491 2485 αἰσχυντηρὸς
527 2400 611 2450 καὶ
644 2405 800 2470 πρᾷος
829 2401 911 2451 καὶ
948 2400 1154 2487 ἰσχυρός.
1209 2401 1367 2453 “va
1403 2393 1493 2452 οὗν
1529 2394 1673 2461 οὗτος
1707 2400 1786 2453 ἐπὶ
1807 2398 1898 2466 τὴν
1923 2399 2129 2484 καρδίαν

178 2483 268 2518 σου
306 2465 491 2552 ἀναβῇ,
530 2452 730 2528 εὐθέως
761 2474 895 2519 λαλεῖ
936 2468 1053 2554 μετὰ
1101 2474 1191 2520 σοῦ
1224 2470 1330 2536 περὶ
1387 2467 1726 2556 δικαιοσύνης,
1774 2468 1884 2536 περὶ
1919 2465 2125 2536 ἆγνείας,

177 2535 287 2623 περὶ
320 2534 634 2623 σεμνότητος,
670 2537 752 2587 καὶ
786 2537 893 2602 περὶ
932 2534 1230 2620 αὐταρκείας,
1265 2539 1347 2588 καὶ
1382 2537 1491 2619 περὶ
1525 2535 1705 2597 παντὸς
1739 2536 1883 2621 ἔργου
1919 2537 2125 2598 δικαίου,

178 2604 261 2655 καὶ
294 2604 406 2690 περι
450 2601 609 2670 πάσης
644 2602 831 2690 ἀρετῆς
851 2603 1065 2666 ἐνδόξου.
1144 2610 1307 2656 Ταῦτα
1342 2603 1500 2656 πάντα
1536 2604 1652 2655 όταν
1699 2606 1767 2665 εἰς
1791 2602 1887 2690 τὴν
1921 2605 2126 2671 καρδίαν

179 2687 269 2725 σου
305 2670 488 2744 ἀναβῇ,
541 2674 767 2742 γίνωσκε,
802 2692 877 2725 οτι
926 2670 955 2725 ὁ
989 2671 1186 2742 αγγελος
1232 2678 1319 2740 τῆς
1354 2672 1663 2740 δικαιοσύνης
1696 2670 1813 2740 μετὰ
1847 2677 1936 2724 σοῦ
1974 2672 2124 2725 ἐστίν·

1179 2866 1463 2907 enuntiatione.
1536 2866 1761 2907 Cotelerius
1801 2866 1986 2908 adnotat:
2029 2868 2125 2918 ‚Ms.

265 2867 308 2920 3)
340 2869 416 2909 Sed
445 2874 486 2909 lu
516 2869 639 2908 credis
665 2869 766 2907 iusto
784 2867 881 2916 Vat.‚
917 2866 1007 2907 dein
1038 2879 1119 2907 cre-

1180 2923 1305 2962 eodex
1346 2921 1619 2962 Bibliothecae
1654 2923 1694 2962 S.
1725 2922 1894 2963 Victoris
1929 2929 2014 2963 toto
2045 2923 2124 2963 hoc

182 2926 253 2965 das
282 2937 322 2976 p.
354 2926 476 2965 crede.

264 2980 308 3031 4)
339 2985 379 3020 at
409 2992 484 3019 om.
517 2980 600 3019 Vat.
642 2977 761 3018 Plura
792 2977 840 3017 de
873 2977 1025 3016 duabus
1047 2977 1119 3016 viis

181 3035 356 3076 invenies
393 3035 434 3075 in
468 3036 542 3086 Ep.
573 3032 778 3074 Barnabae
808 3045 841 3072 c.
877 3031 1051 3072 18—20.
1084 3038 1121 3071 et

182 3090 365 3135 Constitt.
392 3091 529 3142 Apost.
559 3090 602 3139 V,
637 3089 672 3130 1.

265 3147 308 3196 5)
339 3147 427 3186 Non
458 3145 712 3190 dissuadente
742 3143 825 3184 Pal.
858 3142 1015 3182 adiunxi
1047 3143 1118 3182 lta-

182 3202 241 3240 bet
270 3214 315 3241 ex
348 3202 375 3240 F
380 3201 441 3240 ab.
474 3202 530 3240 St.
566 3206 604 3239 et
632 3200 730 3248 Vat.‚
759 3198 827 3239 uhi
858 3198 1119 3249 transpositio

182 3269 323 3307 aspera
369 3262 405 3296 et
452 3258 611 3307 spinosa
651 3260 730 3302 est,
781 3253 871 3294 dein
911 3255 1050 3293 nociva
1080 3266 1120 3303 p.

180 3323 318 3351 noma.

267 3366 310 3417 6)
341 3366 412 3410 Qui
453 3370 581 3405 autem
631 3370 775 3405 rectam
817 3364 921 3404 viam
970 3365 1121 3415 peliunt

185 3421 282 3469 Vat.‚
315 3433 406 3460 mox
439 3425 476 3459 et
501 3432 541 3470 p.
570 3432 706 3472 neque.

266 3475 311 3524 7)
345 3476 454 3514 Vides
484 3487 574 3526 erqo
607 3475 792 3527 quoniam
821 3475 930 3523 Vat.‚
972 3473 1013 3512 in
1042 3473 1119 3512 fine

184 3529 400 3568 sententiae
430 3531 484 3568 ire
514 3542 554 3580 p.
589 3531 778 3569 incedere.

274 3582 367 3633 Cap.
397 3583 445 3624 II.
505 3584 549 3635 1)
589 3585 719 3624 nuntii
748 3584 847 3624 Vat..
890 3584 948 3624 Ita
989 3583 1031 3622 in
1059 3593 1119 3633 sq.

1180 2978 1308 3028 capite
1339 2989 1483 3016 nomen
1513 2977 1656 3017 Nuncii
1686 2984 1725 3018 et
1741 2977 1978 3019 Nunciorum
2005 2991 2141 3018 usur--

1178 3039 1259 3084 pat,
1292 3045 1371 3071 non
1405 3038 1535 3071 autem
1569 3033 1677 3072 Genii
1700 3038 1739 3072 et
1762 3033 1978 3073 Geniorum.
2015 3032 2124 3073 Cita-

1178 3094 1241 3127 tur
1284 3094 1413 3127 autem
1454 3087 1528 3126 iste
1571 3087 1683 3127 locus
1727 3093 1765 3127 et
1795 3089 2042 3139 approbatur
2072 3088 2121 3127 ab

1180 3143 1349 3193 Origene
1382 3143 1450 3182 lib.
1481 3142 1519 3182 3.
1552 3142 1660 3196 περὶ
1690 3140 1846 3196 ἀρχῶν
1875 3155 1962 3194 cap.
1994 3144 2046 3192 2.‚
2082 3149 2121 3182 et

1178 3198 1325 3238 Homil.
1356 3198 1423 3238 35.
1450 3198 1491 3237 in
1525 3198 1685 3247 Lucam,
1717 3203 1836 3248 atque
1870 3211 1892 3237 a
1927 3197 2120 3237 Cassiano

1180 3253 1281 3293 Coll.
1320 3253 1358 3293 8.
1403 3265 1489 3303 cap.
1523 3253 1610 3301 17„
1651 3253 1700 3293 13
1744 3264 1830 3302 cap.
1875 3252 1938 3292 12.
1979 3253 2120 3303 quue

1176 3307 1397 3359 respiciunt
1427 3307 1662 3357 Origeniana
1690 3308 1788 3346 haec
1811 3306 1958 3346 Homil.
1989 3308 2051 3347 12.
2081 3307 2121 3346 in

1177 3364 1349 3411 Lucam,
1385 3364 1592 3414 Unicuique
1632 3363 1707 3402 duo
1740 3363 1933 3401 assistunt
1963 3362 2115 3413 Anyeli,

1179 3419 1275 3457 alter
1307 3419 1505 3465 iustitiae,
1548 3418 1647 3456 alter
1675 3417 1918 3467 iniquitatis.
1980 3417 2023 3456 Si
2042 3419 2114 3457 bo-

1175 3484 1250 3511 nae
1294 3473 1549 3521 coyitationes
1578 3473 1622 3510 in
1651 3472 1760 3511 corde
1789 3475 1924 3510 nostro
1956 3473 2117 3522 fuerint,

1177 3531 1214 3566 et
1242 3527 1283 3565 in
1313 3527 1442 3565 animo
1473 3526 1628 3566 iustitia
1654 3527 1876 3576 pullularit,
1909 3526 2015 3566 haud
2045 3527 2118 3566 du-

1178 3582 1293 3630 bium,
1330 3581 1424 3632 quin
1437 3581 1550 3621 nobis
1571 3581 1752 3633 loquatur
1763 3580 1930 3632 Anyelus
1944 3580 2116 3622 Domini.
