<?xml version="1.0" encoding="UTF-8"?>
<!DOCTYPE html PUBLIC "-//W3C//DTD XHTML 1.0 Transitional//EN"
    "http://www.w3.org/TR/xhtml1/DTD/xhtml1-transitional.dtd">
<html xmlns="http://www.w3.org/1999/xhtml" xml:lang="en" lang="en">
 <head>
  <title>
</title>
<meta http-equiv="Content-Type" content="text/html;charset=utf-8" />
  <meta name='ocr-system' content='tesseract 3.04.00' />
  <meta name='ocr-capabilities' content='ocr_page ocr_carea ocr_par ocr_line ocrx_word'/>
</head>
<body>
  <div class='ocr_page' id='page_1' title='image "./patrumapostolico00dresuoft_0466.png"; bbox 0 0 2340 3900; ppageno 0'>
   <div class='ocr_carea' id='block_1_1' title="bbox 123 137 1714 192">
    <p class='ocr_par' dir='ltr' id='par_1_1' title="bbox 123 137 1714 192">
     <span class='ocr_line' id='line_1_1' title="bbox 123 137 1714 192; baseline -0.008 1"><span class='ocrx_word' id='word_1_1' title='bbox 123 143 221 192; x_wconf 87' lang='grc'><em>360</em></span> <span class='ocrx_word' id='word_1_2' title='bbox 398 161 404 167; x_wconf 96' lang='grc'>·</span> <span class='ocrx_word' id='word_1_3' title='bbox 463 139 791 188; x_wconf 86' lang='lat' dir='ltr'><strong>MARTYRIUM</strong></span> <span class='ocrx_word' id='word_1_4' title='bbox 828 139 872 184; x_wconf 88' lang='lat' dir='ltr'><em>S.</em></span> <span class='ocrx_word' id='word_1_5' title='bbox 909 137 1132 184; x_wconf 89' lang='lat' dir='ltr'><strong>IGNATII.</strong></span> <span class='ocrx_word' id='word_1_6' title='bbox 1178 138 1284 186; x_wconf 89' lang='lat' dir='ltr'><strong>XIV.</strong></span> <span class='ocrx_word' id='word_1_7' title='bbox 1320 139 1404 185; x_wconf 89' lang='lat' dir='ltr'><em>XV.</em></span> <span class='ocrx_word' id='word_1_8' title='bbox 1444 138 1550 184; x_wconf 89' lang='lat' dir='ltr'><strong>XVI.</strong></span> <span class='ocrx_word' id='word_1_9' title='bbox 1587 137 1714 183; x_wconf 89' lang='lat' dir='ltr'><strong>XVII.</strong></span> 
     </span>
    </p>
   </div>
   <div class='ocr_carea' id='block_1_2' title="bbox 120 265 2067 546">
    <p class='ocr_par' dir='ltr' id='par_1_2' title="bbox 120 265 2066 546">
     <span class='ocr_line' id='line_1_2' title="bbox 123 265 2064 358; baseline -0.006 -31"><span class='ocrx_word' id='word_1_10' title='bbox 123 273 327 358; x_wconf 84' lang='grc' dir='ltr'><em>δύναμιν</em></span> <span class='ocrx_word' id='word_1_11' title='bbox 363 269 626 354; x_wconf 84' lang='grc' dir='ltr'><em>αἰτήσασθε</em></span> <span class='ocrx_word' id='word_1_12' title='bbox 663 271 878 334; x_wconf 86' lang='grc' dir='ltr'><em>δοθῆναι</em></span> <span class='ocrx_word' id='word_1_13' title='bbox 910 266 1041 335; x_wconf 83' lang='grc' dir='ltr'><em>παρὰ</em></span> <span class='ocrx_word' id='word_1_14' title='bbox 1075 274 1215 335; x_wconf 82' lang='grc' dir='ltr'><strong><em>θεοῦ,</em></strong></span> <span class='ocrx_word' id='word_1_15' title='bbox 1255 291 1334 322; x_wconf 87' lang='grc' dir='ltr'><em>ινα</em></span> <span class='ocrx_word' id='word_1_16' title='bbox 1369 266 1434 336; x_wconf 85' lang='grc' dir='ltr'><em>μὴ</em></span> <span class='ocrx_word' id='word_1_17' title='bbox 1471 265 1636 352; x_wconf 91' lang='grc' dir='ltr'><em>μόνον</em></span> <span class='ocrx_word' id='word_1_18' title='bbox 1644 266 1860 349; x_wconf 90' lang='grc' dir='ltr'><em>λέγωμαι</em></span> <span class='ocrx_word' id='word_1_19' title='bbox 1874 270 2064 334; x_wconf 89' lang='grc' dir='ltr'><em>Χριστι-</em></span> 
     </span>
     <span class='ocr_line' id='line_1_3' title="bbox 122 330 2066 430; baseline -0.006 -35"><span class='ocrx_word' id='word_1_20' title='bbox 122 341 264 404; x_wconf 89' lang='grc' dir='ltr'><em>ανὸς,</em></span> <span class='ocrx_word' id='word_1_21' title='bbox 303 338 420 391; x_wconf 78' lang='grc' dir='ltr'><em>ἀλλὰ</em></span> <span class='ocrx_word' id='word_1_22' title='bbox 455 338 535 390; x_wconf 86' lang='grc' dir='ltr'><em>καὶ</em></span> <span class='ocrx_word' id='word_1_23' title='bbox 572 335 777 430; x_wconf 72' lang='grc' dir='ltr'><em>εὑρεθῶ</em></span> <span class='ocrx_word' id='word_1_24' title='bbox 797 337 879 388; x_wconf 86' lang='grc' dir='ltr'><em>καὶ</em></span> <span class='ocrx_word' id='word_1_25' title='bbox 912 336 1136 405; x_wconf 87' lang='grc' dir='ltr'><em>λέγεσθαι</em></span> <span class='ocrx_word' id='word_1_26' title='bbox 1172 337 1415 426; x_wconf 81' lang='grc' dir='ltr'><em>δύνωμαι·</em></span> <span class='ocrx_word' id='word_1_27' title='bbox 1451 338 1532 390; x_wconf 88' lang='grc' dir='ltr'><em>καὶ</em></span> <span class='ocrx_word' id='word_1_28' title='bbox 1582 334 1687 388; x_wconf 91' lang='grc' dir='ltr'><em>τότε</em></span> <span class='ocrx_word' id='word_1_29' title='bbox 1731 332 1898 395; x_wconf 90' lang='grc' dir='ltr'><em>πιστὸς</em></span> <span class='ocrx_word' id='word_1_30' title='bbox 1944 330 2066 385; x_wconf 89' lang='grc' dir='ltr'><em>εἶναι</em></span> 
     </span>
     <span class='ocr_line' id='line_1_4' title="bbox 122 400 2067 501; baseline -0.005 -39"><span class='ocrx_word' id='word_1_31' title='bbox 122 409 432 501; x_wconf 58' lang='grc' dir='ltr'><em>ὀφθήσομαι,</em></span> <span class='ocrx_word' id='word_1_32' title='bbox 484 406 561 458; x_wconf 83' lang='grc' dir='ltr'><em>’ὅτε</em></span> <span class='ocrx_word' id='word_1_33' title='bbox 581 404 777 492; x_wconf 72' lang='grc' dir='ltr'><em>κόσμῳ1</em></span> <span class='ocrx_word' id='word_1_34' title='bbox 814 402 878 472; x_wconf 86' lang='grc' dir='ltr'><em>μὴ</em></span> <span class='ocrx_word' id='word_1_35' title='bbox 916 407 1189 491; x_wconf 77' lang='grc' dir='ltr'><em>φαίνομαι.2</em></span> <span class='ocrx_word' id='word_1_36' title='bbox 1260 406 1416 460; x_wconf 82' lang='grc' dir='ltr'><em>Οὐδὲν</em></span> <span class='ocrx_word' id='word_1_37' title='bbox 1450 404 1541 493; x_wconf 80' lang='grc' dir='ltr'><em>γὰρ</em></span> <span class='ocrx_word' id='word_1_38' title='bbox 1587 402 1908 470; x_wconf 89' lang='grc' dir='ltr'><em>φαινόμενον,</em></span> <span class='ocrx_word' id='word_1_39' title='bbox 1955 400 2067 454; x_wconf 82' lang='grc' dir='ltr'><em>αἰώ-</em></span> 
     </span>
     <span class='ocr_line' id='line_1_5' title="bbox 120 459 2064 546; baseline -0.004 -16"><span class='ocrx_word' id='word_1_40' title='bbox 120 491 247 531; x_wconf 91' lang='grc' dir='ltr'><em>νιον</em></span> <span class='ocrx_word' id='word_1_41' title='bbox 286 475 389 529; x_wconf 81' lang='grc' dir='ltr'><em>ἐπεὶ</em></span> <span class='ocrx_word' id='word_1_42' title='bbox 426 476 508 528; x_wconf 85' lang='grc' dir='ltr'><em>καὶ</em></span> <span class='ocrx_word' id='word_1_43' title='bbox 542 474 600 526; x_wconf 80' lang='grc' dir='ltr'><em>τὰ</em></span> <span class='ocrx_word' id='word_1_44' title='bbox 626 459 934 542; x_wconf 75' lang='grc' dir='ltr'><em>βλεπόμενα,8</em></span> <span class='ocrx_word' id='word_1_45' title='bbox 970 473 1264 546; x_wconf 87' lang='grc' dir='ltr'><em>πρόσκαιρα·</em></span> <span class='ocrx_word' id='word_1_46' title='bbox 1301 476 1359 528; x_wconf 83' lang='grc' dir='ltr'><em>τὰ</em></span> <span class='ocrx_word' id='word_1_47' title='bbox 1395 476 1446 528; x_wconf 85' lang='grc' dir='ltr'><em>δὲ</em></span> <span class='ocrx_word' id='word_1_48' title='bbox 1482 474 1546 542; x_wconf 82' lang='grc' dir='ltr'><em>μὴ</em></span> <span class='ocrx_word' id='word_1_49' title='bbox 1571 471 1854 541; x_wconf 78' lang='grc' dir='ltr'><em>βλεπόμενα,</em></span> <span class='ocrx_word' id='word_1_50' title='bbox 1878 470 2064 523; x_wconf 82' lang='grc' dir='ltr'><em>αἰώνια.</em></span> 
     </span>
    </p>
   </div>
   <div class='ocr_carea' id='block_1_3' title="bbox 119 605 2084 1576">
    <p class='ocr_par' dir='ltr' id='par_1_3' title="bbox 119 605 2084 1576">
     <span class='ocr_line' id='line_1_6' title="bbox 257 605 2066 699; baseline -0.003 -33"><span class='ocrx_word' id='word_1_51' title='bbox 257 621 343 666; x_wconf 89' lang='lat' dir='ltr'><em>XV.</em></span> <span class='ocrx_word' id='word_1_52' title='bbox 407 610 537 681; x_wconf 76' lang='grc' dir='ltr'><em>Ἐγὼ</em></span> <span class='ocrx_word' id='word_1_53' title='bbox 538 610 795 699; x_wconf 85' lang='grc' dir='ltr'><em>γράφω</em></span> <span class='ocrx_word' id='word_1_54' title='bbox 778 619 883 674; x_wconf 87' lang='grc' dir='ltr'><em>ταῖς</em></span> <span class='ocrx_word' id='word_1_55' title='bbox 918 614 1189 698; x_wconf 75' lang='grc' dir='ltr'><em>ἐκκλησίαις</em></span> <span class='ocrx_word' id='word_1_56' title='bbox 1223 614 1306 667; x_wconf 86' lang='grc' dir='ltr'><em>καὶ</em></span> <span class='ocrx_word' id='word_1_57' title='bbox 1340 612 1607 697; x_wconf 80' lang='grc' dir='ltr'><em>ἐντέλλομαι</em></span> <span class='ocrx_word' id='word_1_58' title='bbox 1656 616 1824 672; x_wconf 84' lang='grc' dir='ltr'><em>πᾶσιν,</em></span> <span class='ocrx_word' id='word_1_59' title='bbox 1864 609 1939 661; x_wconf 77' lang='grc' dir='ltr'><em>ὅτι</em></span> <span class='ocrx_word' id='word_1_60' title='bbox 1975 605 2066 678; x_wconf 76' lang='grc' dir='ltr'><em>ἐγὼ</em></span> 
     </span>
     <span class='ocr_line' id='line_1_7' title="bbox 120 653 2084 778; baseline -0.003 -44"><span class='ocrx_word' id='word_1_61' title='bbox 120 679 244 734; x_wconf 80' lang='grc' dir='ltr'><em>ἕκῶν</em></span> <span class='ocrx_word' id='word_1_62' title='bbox 279 679 399 767; x_wconf 75' lang='grc' dir='ltr'><em>ὑπὲρ</em></span> <span class='ocrx_word' id='word_1_63' title='bbox 437 687 560 733; x_wconf 86' lang='grc' dir='ltr'><em>θεοῦ</em></span> <span class='ocrx_word' id='word_1_64' title='bbox 596 680 926 767; x_wconf 83' lang='grc' dir='ltr'><em>αποθνήσκω,</em></span> <span class='ocrx_word' id='word_1_65' title='bbox 962 679 1048 734; x_wconf 83' lang='grc' dir='ltr'><em>ἐάν</em></span> <span class='ocrx_word' id='word_1_66' title='bbox 1072 703 1161 751; x_wconf 89' lang='grc' dir='ltr'><em>περ</em></span> <span class='ocrx_word' id='word_1_67' title='bbox 1193 681 1332 778; x_wconf 69' lang='grc' dir='ltr'><em>ιὑμεῖς</em></span> <span class='ocrx_word' id='word_1_68' title='bbox 1365 680 1429 748; x_wconf 90' lang='grc' dir='ltr'><em>μὴ</em></span> <span class='ocrx_word' id='word_1_69' title='bbox 1458 679 1711 747; x_wconf 80' lang='grc' dir='ltr'><em>κωλύσητε.</em></span> <span class='ocrx_word' id='word_1_70' title='bbox 1787 653 2084 747; x_wconf 80' lang='grc' dir='ltr'><em>Παρακαλῶ.</em></span> 
     </span>
     <span class='ocr_line' id='line_1_8' title="bbox 121 745 2069 838; baseline -0.003 -36"><span class='ocrx_word' id='word_1_71' title='bbox 121 748 272 836; x_wconf 72' lang='grc' dir='ltr'><em>ὑμᾶς,</em></span> <span class='ocrx_word' id='word_1_72' title='bbox 310 748 376 838; x_wconf 84' lang='grc' dir='ltr'><em>μὴ</em></span> <span class='ocrx_word' id='word_1_73' title='bbox 417 749 581 803; x_wconf 80' lang='grc' dir='ltr'><em>εῦνοια</em></span> <span class='ocrx_word' id='word_1_74' title='bbox 618 748 819 820; x_wconf 88' lang='grc' dir='ltr'><em>άκαιρος</em></span> <span class='ocrx_word' id='word_1_75' title='bbox 853 751 1059 821; x_wconf 86' lang='grc' dir='ltr'><em>γένησθέ</em></span> <span class='ocrx_word' id='word_1_76' title='bbox 1094 750 1454 837; x_wconf 63' lang='grc' dir='ltr'><em>μοι.1”Αφετέ</em></span> <span class='ocrx_word' id='word_1_77' title='bbox 1490 751 1567 817; x_wconf 78' lang='grc' dir='ltr'><em>με2</em></span> <span class='ocrx_word' id='word_1_78' title='bbox 1603 750 1796 816; x_wconf 88' lang='grc' dir='ltr'><em>θηρίων</em></span> <span class='ocrx_word' id='word_1_79' title='bbox 1832 745 1952 799; x_wconf 85' lang='grc' dir='ltr'><em>εἶναι</em></span> <span class='ocrx_word' id='word_1_80' title='bbox 1987 749 2069 831; x_wconf 88' lang='grc' dir='ltr'><em>βο-</em></span> 
     </span>
     <span class='ocr_line' id='line_1_9' title="bbox 121 795 2068 905; baseline -0.002 -35"><span class='ocrx_word' id='word_1_81' title='bbox 121 817 234 887; x_wconf 79' lang='grc' dir='ltr'><em>ρὰν,</em></span> <span class='ocrx_word' id='word_1_82' title='bbox 262 795 341 870; x_wconf 81' lang='grc' dir='ltr'><em>δι’</em></span> <span class='ocrx_word' id='word_1_83' title='bbox 379 840 450 871; x_wconf 91' lang='grc' dir='ltr'><em>ων</em></span> <span class='ocrx_word' id='word_1_84' title='bbox 489 821 656 871; x_wconf 74' lang='grc' dir='ltr'><em>ε’νεστι3</em></span> <span class='ocrx_word' id='word_1_85' title='bbox 703 826 827 873; x_wconf 85' lang='grc' dir='ltr'><em>θεοῦ</em></span> <span class='ocrx_word' id='word_1_86' title='bbox 875 821 1120 887; x_wconf 81' lang='grc' dir='ltr'><em>ἐπιτυχεῖν.</em></span> <span class='ocrx_word' id='word_1_87' title='bbox 1193 818 1338 881; x_wconf 89' lang='grc' dir='ltr'><em>Σῐτός</em></span> <span class='ocrx_word' id='word_1_88' title='bbox 1390 822 1491 905; x_wconf 86' lang='grc' dir='ltr'><em>εἰμι</em></span> <span class='ocrx_word' id='word_1_89' title='bbox 1519 825 1672 881; x_wconf 88' lang='grc' dir='ltr'><em>θεοῦ,</em></span> <span class='ocrx_word' id='word_1_90' title='bbox 1708 818 1790 869; x_wconf 89' lang='grc' dir='ltr'><em>καὶ</em></span> <span class='ocrx_word' id='word_1_91' title='bbox 1822 814 1887 868; x_wconf 91' lang='grc' dir='ltr'><em>δι’</em></span> <span class='ocrx_word' id='word_1_92' title='bbox 1930 813 2068 868; x_wconf 87' lang='grc' dir='ltr'><em>ὀδόν-</em></span> 
     </span>
     <span class='ocr_line' id='line_1_10' title="bbox 119 886 2067 977; baseline -0.002 -38"><span class='ocrx_word' id='word_1_93' title='bbox 119 909 214 940; x_wconf 88' lang='grc' dir='ltr'><em>των</em></span> <span class='ocrx_word' id='word_1_94' title='bbox 260 890 452 975; x_wconf 86' lang='grc' dir='ltr'><em>θηρίων</em></span> <span class='ocrx_word' id='word_1_95' title='bbox 506 887 779 974; x_wconf 83' lang='grc' dir='ltr'><em>ἆλήθομαι,</em></span> <span class='ocrx_word' id='word_1_96' title='bbox 834 891 915 941; x_wconf 90' lang='grc' dir='ltr'><em>ι’να</em></span> <span class='ocrx_word' id='word_1_97' title='bbox 965 887 1188 956; x_wconf 86' lang='grc' dir='ltr'><em>καθαρὸς</em></span> <span class='ocrx_word' id='word_1_98' title='bbox 1239 887 1381 957; x_wconf 66' lang='grc' dir='ltr'><em>ἄρτος</em></span> <span class='ocrx_word' id='word_1_99' title='bbox 1410 886 1625 977; x_wconf 84' lang='grc' dir='ltr'><em>εὖρεθῶ</em></span> <span class='ocrx_word' id='word_1_100' title='bbox 1685 892 1771 938; x_wconf 90' lang='grc' dir='ltr'><em>τοῦ</em></span> <span class='ocrx_word' id='word_1_101' title='bbox 1838 889 2067 954; x_wconf 84' lang='grc' dir='ltr'><em>Χριστοῦ.</em></span> 
     </span>
     <span class='ocr_line' id='line_1_11' title="bbox 123 955 2069 1043; baseline -0.001 -35"><span class='ocrx_word' id='word_1_102' title='bbox 123 962 331 1009; x_wconf 83' lang='grc' dir='ltr'><em>Μᾶλλον</em></span> <span class='ocrx_word' id='word_1_103' title='bbox 368 956 440 1008; x_wconf 58' lang='grc' dir='ltr'><em>δὲ’*</em></span> <span class='ocrx_word' id='word_1_104' title='bbox 475 957 792 1012; x_wconf 87' lang='grc' dir='ltr'><em>κολακεύσατε</em></span> <span class='ocrx_word' id='word_1_105' title='bbox 825 957 883 1010; x_wconf 81' lang='grc' dir='ltr'><em>τὰ</em></span> <span class='ocrx_word' id='word_1_106' title='bbox 906 961 1097 1043; x_wconf 85' lang='grc' dir='ltr'><em>θηρία,</em></span> <span class='ocrx_word' id='word_1_107' title='bbox 1133 959 1215 1010; x_wconf 69' lang='grc' dir='ltr'><em>’ἵνα</em></span> <span class='ocrx_word' id='word_1_108' title='bbox 1250 979 1332 1024; x_wconf 91' lang='grc' dir='ltr'><em>μοι</em></span> <span class='ocrx_word' id='word_1_109' title='bbox 1366 955 1520 1023; x_wconf 84' lang='grc' dir='ltr'><em>τάφος</em></span> <span class='ocrx_word' id='word_1_110' title='bbox 1553 958 1805 1043; x_wconf 80' lang='grc' dir='ltr'><em>γένωνται,</em></span> <span class='ocrx_word' id='word_1_111' title='bbox 1854 955 1937 1007; x_wconf 86' lang='grc' dir='ltr'><em>καὶ</em></span> <span class='ocrx_word' id='word_1_112' title='bbox 1982 975 2069 1021; x_wconf 84' lang='grc' dir='ltr'><em>μη-</em></span> 
     </span>
     <span class='ocr_line' id='line_1_12' title="bbox 121 1024 2068 1114; baseline -0.002 -37"><span class='ocrx_word' id='word_1_113' title='bbox 121 1026 203 1077; x_wconf 83' lang='grc' dir='ltr'><em>δὲν</em></span> <span class='ocrx_word' id='word_1_114' title='bbox 236 1028 574 1079; x_wconf 59' lang='grc' dir='ltr'><em>καταλείπωσί·</em></span> <span class='ocrx_word' id='word_1_115' title='bbox 606 1033 693 1079; x_wconf 90' lang='grc' dir='ltr'><em>τοῦ</em></span> <span class='ocrx_word' id='word_1_116' title='bbox 729 1026 946 1114; x_wconf 83' lang='grc' dir='ltr'><em>σώματός</em></span> <span class='ocrx_word' id='word_1_117' title='bbox 977 1049 1097 1094; x_wconf 85' lang='grc' dir='ltr'><em>μου,</em></span> <span class='ocrx_word' id='word_1_118' title='bbox 1135 1028 1217 1078; x_wconf 79' lang='grc' dir='ltr'><em>ἱνα</em></span> <span class='ocrx_word' id='word_1_119' title='bbox 1254 1026 1318 1093; x_wconf 86' lang='grc' dir='ltr'><em>μὴ</em></span> <span class='ocrx_word' id='word_1_120' title='bbox 1355 1028 1618 1113; x_wconf 85' lang='grc' dir='ltr'><em>κοιμηθεὶς</em></span> <span class='ocrx_word' id='word_1_121' title='bbox 1657 1024 1812 1114; x_wconf 79' lang='grc' dir='ltr'><em>βαρὺς</em></span> <span class='ocrx_word' id='word_1_122' title='bbox 1845 1024 2068 1108; x_wconf 87' lang='grc' dir='ltr'><em>γένωμαι.</em></span> 
     </span>
     <span class='ocr_line' id='line_1_13' title="bbox 128 1091 2071 1183; baseline -0.001 -37"><span class='ocrx_word' id='word_1_123' title='bbox 128 1093 246 1147; x_wconf 88' lang='grc' dir='ltr'><em>Τότε</em></span> <span class='ocrx_word' id='word_1_124' title='bbox 293 1096 458 1162; x_wconf 86' lang='grc' dir='ltr'><em>ε’σομαι</em></span> <span class='ocrx_word' id='word_1_125' title='bbox 501 1095 727 1183; x_wconf 82' lang='grc' dir='ltr'><em>μαθητὴς</em></span> <span class='ocrx_word' id='word_1_126' title='bbox 775 1095 967 1163; x_wconf 76' lang='grc' dir='ltr'><em>ἀληθὴς</em></span> <span class='ocrx_word' id='word_1_127' title='bbox 1013 1101 1099 1147; x_wconf 91' lang='grc' dir='ltr'><em>τοῦ</em></span> <span class='ocrx_word' id='word_1_128' title='bbox 1136 1100 1384 1160; x_wconf 85' lang='grc' dir='ltr'><em>Χριστοῦ,</em></span> <span class='ocrx_word' id='word_1_129' title='bbox 1434 1095 1512 1147; x_wconf 77' lang='grc' dir='ltr'><em>’ὅτε</em></span> <span class='ocrx_word' id='word_1_130' title='bbox 1541 1094 1679 1183; x_wconf 61' lang='lat'>0666</span> <span class='ocrx_word' id='word_1_131' title='bbox 1713 1092 1766 1147; x_wconf 89' lang='grc' dir='ltr'><em>τὸ</em></span> <span class='ocrx_word' id='word_1_132' title='bbox 1804 1091 1941 1160; x_wconf 81' lang='grc' dir='ltr'><em>σῶμά</em></span> <span class='ocrx_word' id='word_1_133' title='bbox 1975 1113 2071 1179; x_wconf 90' lang='grc' dir='ltr'><em>μου</em></span> 
     </span>
     <span class='ocr_line' id='line_1_14' title="bbox 122 1158 2072 1252; baseline -0.001 -37"><span class='ocrx_word' id='word_1_134' title='bbox 122 1165 189 1216; x_wconf 89' lang='grc' dir='ltr'><em>ε’τι</em></span> <span class='ocrx_word' id='word_1_135' title='bbox 225 1162 253 1216; x_wconf 86' lang='lat'><em>6</em></span> <span class='ocrx_word' id='word_1_136' title='bbox 275 1163 480 1252; x_wconf 73' lang='grc' dir='ltr'><em>κόσμος</em></span> <span class='ocrx_word' id='word_1_137' title='bbox 530 1163 719 1231; x_wconf 74' lang='grc' dir='ltr'><em>ὄψεται.</em></span> <span class='ocrx_word' id='word_1_138' title='bbox 790 1163 1116 1217; x_wconf 85' lang='grc' dir='ltr'><em>Λιτανεύσατε</em></span> <span class='ocrx_word' id='word_1_139' title='bbox 1162 1169 1224 1234; x_wconf 76' lang='grc' dir='ltr'><em>τῷ</em></span> <span class='ocrx_word' id='word_1_140' title='bbox 1253 1164 1480 1248; x_wconf 76' lang='grc' dir='ltr'><em>Χριστῷ6</em></span> <span class='ocrx_word' id='word_1_141' title='bbox 1524 1161 1644 1250; x_wconf 74' lang='grc' dir='ltr'><em>ὑπὲρ</em></span> <span class='ocrx_word' id='word_1_142' title='bbox 1677 1164 1833 1248; x_wconf 80' lang='grc' dir='ltr'><em>ἐμοῦ,</em></span> <span class='ocrx_word' id='word_1_143' title='bbox 1871 1163 1954 1214; x_wconf 87' lang='grc' dir='ltr'><em>ι’να</em></span> <span class='ocrx_word' id='word_1_144' title='bbox 1990 1158 2072 1214; x_wconf 79' lang='grc' dir='ltr'><em>διὰ</em></span> 
     </span>
     <span class='ocr_line' id='line_1_15' title="bbox 123 1216 2073 1320; baseline -0.001 -36"><span class='ocrx_word' id='word_1_145' title='bbox 123 1239 216 1284; x_wconf 83' lang='grc' dir='ltr'><em>τῶν</em></span> <span class='ocrx_word' id='word_1_146' title='bbox 265 1232 498 1320; x_wconf 86' lang='grc' dir='ltr'><em>ὀργάνων</em></span> <span class='ocrx_word' id='word_1_147' title='bbox 528 1233 711 1287; x_wconf 86' lang='grc' dir='ltr'><em>τούτων</em></span> <span class='ocrx_word' id='word_1_148' title='bbox 767 1236 922 1286; x_wconf 88' lang='grc' dir='ltr'><em>θυσία</em></span> <span class='ocrx_word' id='word_1_149' title='bbox 970 1229 1175 1319; x_wconf 81' lang='grc' dir='ltr'><em>καθαρὰ</em></span> <span class='ocrx_word' id='word_1_150' title='bbox 1191 1216 1417 1317; x_wconf 81' lang='grc' dir='ltr'><em>εύρεθῶ.</em></span> <span class='ocrx_word' id='word_1_151' title='bbox 1502 1229 1603 1318; x_wconf 79' lang='grc' dir='ltr'><em>Οὐχ</em></span> <span class='ocrx_word' id='word_1_152' title='bbox 1653 1253 1718 1292; x_wconf 89' lang='grc' dir='ltr'><em>ως</em></span> <span class='ocrx_word' id='word_1_153' title='bbox 1768 1231 1955 1299; x_wconf 79' lang='grc' dir='ltr'><em>Πέτρος</em></span> <span class='ocrx_word' id='word_1_154' title='bbox 1989 1231 2073 1282; x_wconf 91' lang='grc' dir='ltr'><em>καὶ</em></span> 
     </span>
     <span class='ocr_line' id='line_1_16' title="bbox 124 1298 2073 1392; baseline -0.001 -40"><span class='ocrx_word' id='word_1_155' title='bbox 124 1307 323 1363; x_wconf 77' lang='grc' dir='ltr'><em>Παῦλος</em></span> <span class='ocrx_word' id='word_1_156' title='bbox 360 1300 674 1370; x_wconf 78' lang='grc' dir='ltr'><em>διατάσσομαι</em></span> <span class='ocrx_word' id='word_1_157' title='bbox 711 1301 839 1392; x_wconf 81' lang='grc' dir='ltr'><em>ύμῖν.</em></span> <span class='ocrx_word' id='word_1_158' title='bbox 905 1301 1115 1354; x_wconf 89' lang='grc' dir='ltr'><em>Ἐκεῖνοι</em></span> <span class='ocrx_word' id='word_1_159' title='bbox 1150 1298 1436 1364; x_wconf 76' lang='grc' dir='ltr'><em>ἀπόστολοι,</em></span> <span class='ocrx_word' id='word_1_160' title='bbox 1453 1298 1566 1388; x_wconf 77' lang='grc' dir='ltr'><em>ἐγώ</em></span> <span class='ocrx_word' id='word_1_161' title='bbox 1612 1298 1918 1384; x_wconf 78' lang='grc' dir='ltr'><em>κατάκριτος·</em></span> <span class='ocrx_word' id='word_1_162' title='bbox 1955 1299 2073 1351; x_wconf 79' lang='grc' dir='ltr'><em>ἐκεῖ·</em></span> 
     </span>
     <span class='ocr_line' id='line_1_17' title="bbox 122 1341 2072 1441; baseline -0.002 -18"><span class='ocrx_word' id='word_1_163' title='bbox 122 1391 198 1423; x_wconf 91' lang='grc' dir='ltr'><em>νοι</em></span> <span class='ocrx_word' id='word_1_164' title='bbox 245 1369 517 1438; x_wconf 79' lang='grc' dir='ltr'><em>ἐλεύθεροι,</em></span> <span class='ocrx_word' id='word_1_165' title='bbox 565 1371 657 1441; x_wconf 77' lang='grc' dir='ltr'><em>ἐγὼ</em></span> <span class='ocrx_word' id='word_1_166' title='bbox 702 1372 755 1424; x_wconf 80' lang='grc' dir='ltr'><em>δὲ</em></span> <span class='ocrx_word' id='word_1_167' title='bbox 801 1372 933 1439; x_wconf 87' lang='grc' dir='ltr'><em>μέχρι</em></span> <span class='ocrx_word' id='word_1_168' title='bbox 981 1377 1071 1423; x_wconf 90' lang='grc' dir='ltr'><em>νῦν</em></span> <span class='ocrx_word' id='word_1_169' title='bbox 1106 1373 1303 1431; x_wconf 88' lang='grc' dir='ltr'><em>δοῦλος</em></span> <span class='ocrx_word' id='word_1_170' title='bbox 1361 1341 1466 1422; x_wconf 82' lang='grc' dir='ltr'><em>ἀλλ’</em></span> <span class='ocrx_word' id='word_1_171' title='bbox 1506 1368 1591 1421; x_wconf 81' lang='grc' dir='ltr'><em>ἐὰν</em></span> <span class='ocrx_word' id='word_1_172' title='bbox 1626 1367 1911 1435; x_wconf 52' lang='grc' dir='ltr'><em>θελησητε]</em></span> <span class='ocrx_word' id='word_1_173' title='bbox 1961 1366 2072 1420; x_wconf 77' lang='grc' dir='ltr'><em>άπε-</em></span> 
     </span>
     <span class='ocr_line' id='line_1_18' title="bbox 122 1436 2075 1525; baseline -0.001 -34"><span class='ocrx_word' id='word_1_174' title='bbox 122 1438 354 1525; x_wconf 85' lang='grc' dir='ltr'><em>λεύθερος</em></span> <span class='ocrx_word' id='word_1_175' title='bbox 380 1439 549 1506; x_wconf 87' lang='grc' dir='ltr'><em>Ἰησοῦ</em></span> <span class='ocrx_word' id='word_1_176' title='bbox 586 1447 822 1510; x_wconf 89' lang='grc' dir='ltr'><em>Χριστοῦ,</em></span> <span class='ocrx_word' id='word_1_177' title='bbox 859 1442 940 1492; x_wconf 83' lang='grc' dir='ltr'><em>καὶ</em></span> <span class='ocrx_word' id='word_1_178' title='bbox 977 1438 1306 1506; x_wconf 81' lang='grc' dir='ltr'><em>ἆναστήσομαι</em></span> <span class='ocrx_word' id='word_1_179' title='bbox 1340 1440 1392 1491; x_wconf 86' lang='grc' dir='ltr'><em>έν</em></span> <span class='ocrx_word' id='word_1_180' title='bbox 1439 1438 1579 1525; x_wconf 80' lang='grc' dir='ltr'><em>αὐτῷ</em></span> <span class='ocrx_word' id='word_1_181' title='bbox 1616 1436 1884 1508; x_wconf 77' lang='grc' dir='ltr'><em>ἐλεύθερος.</em></span> <span class='ocrx_word' id='word_1_182' title='bbox 1960 1441 2075 1490; x_wconf 92' lang='grc' dir='ltr'><em>Νῦν</em></span> 
     </span>
     <span class='ocr_line' id='line_1_19' title="bbox 121 1493 1731 1576; baseline 0 -16"><span class='ocrx_word' id='word_1_183' title='bbox 121 1516 356 1575; x_wconf 89' lang='grc' dir='ltr'><em>μανθανω</em></span> <span class='ocrx_word' id='word_1_184' title='bbox 392 1511 664 1576; x_wconf 82' lang='grc' dir='ltr'><em>δεδεμένος,</em></span> <span class='ocrx_word' id='word_1_185' title='bbox 701 1510 849 1576; x_wconf 89' lang='grc' dir='ltr'><em>μηδεν</em></span> <span class='ocrx_word' id='word_1_186' title='bbox 886 1511 1143 1576; x_wconf 80' lang='grc' dir='ltr'><em>ἐπιθυμεῖν</em></span> <span class='ocrx_word' id='word_1_187' title='bbox 1178 1507 1410 1575; x_wconf 88' lang='grc' dir='ltr'><em>κοσμικὸν</em></span> <span class='ocrx_word' id='word_1_188' title='bbox 1446 1531 1476 1575; x_wconf 89' lang='grc' dir='ltr'><em>η</em></span> <span class='ocrx_word' id='word_1_189' title='bbox 1515 1493 1731 1575; x_wconf 84' lang='grc' dir='ltr'><em>μάταιον.</em></span> 
     </span>
    </p>
   </div>
   <div class='ocr_carea' id='block_1_4' title="bbox 121 1641 2136 2473">
    <p class='ocr_par' dir='ltr' id='par_1_4' title="bbox 121 1641 2136 2472">
     <span class='ocr_line' id='line_1_20' title="bbox 258 1641 2075 1735; baseline -0.001 -38"><span class='ocrx_word' id='word_1_190' title='bbox 258 1652 367 1697; x_wconf 88' lang='lat' dir='ltr'><strong>XVI.</strong></span> <span class='ocrx_word' id='word_1_191' title='bbox 431 1643 553 1698; x_wconf 81' lang='grc' dir='ltr'><em>Ἀπὸ</em></span> <span class='ocrx_word' id='word_1_192' title='bbox 601 1649 788 1735; x_wconf 84' lang='grc' dir='ltr'><em>Συρίας</em></span> <span class='ocrx_word' id='word_1_193' title='bbox 833 1647 982 1735; x_wconf 71' lang='grc' dir='ltr'><em>μέχρι1</em></span> <span class='ocrx_word' id='word_1_194' title='bbox 1028 1644 1208 1712; x_wconf 80' lang='grc' dir='ltr'><em>Ρῶμης</em></span> <span class='ocrx_word' id='word_1_195' title='bbox 1257 1643 1410 1712; x_wconf 82' lang='grc' dir='ltr'><em>αὐτῆς</em></span> <span class='ocrx_word' id='word_1_196' title='bbox 1459 1645 1794 1731; x_wconf 61' lang='grc' dir='ltr'><em>θηριομαχῶνεξ</em></span> <span class='ocrx_word' id='word_1_197' title='bbox 1843 1641 1940 1696; x_wconf 83' lang='grc' dir='ltr'><em>ἆπο</em></span> <span class='ocrx_word' id='word_1_198' title='bbox 2050 1665 2075 1706; x_wconf 90' lang='grc' dir='ltr'><em>ς</em></span> 
     </span>
     <span class='ocr_line' id='line_1_21' title="bbox 123 1711 2075 1802; baseline -0.001 -37"><span class='ocrx_word' id='word_1_199' title='bbox 123 1714 206 1766; x_wconf 87' lang='grc' dir='ltr'><em>καὶ</em></span> <span class='ocrx_word' id='word_1_200' title='bbox 240 1711 521 1798; x_wconf 78' lang='grc' dir='ltr'><em>θαλάσσης,</em></span> <span class='ocrx_word' id='word_1_201' title='bbox 560 1715 733 1776; x_wconf 88' lang='grc' dir='ltr'><em>νυκτὸς</em></span> <span class='ocrx_word' id='word_1_202' title='bbox 768 1717 851 1766; x_wconf 87' lang='grc' dir='ltr'><em>καὶ</em></span> <span class='ocrx_word' id='word_1_203' title='bbox 885 1713 1080 1802; x_wconf 71' lang='grc' dir='ltr'><em>ἡμέρας,</em></span> <span class='ocrx_word' id='word_1_204' title='bbox 1118 1715 1367 1779; x_wconf 88' lang='grc' dir='ltr'><em>δεδεμένος</em></span> <span class='ocrx_word' id='word_1_205' title='bbox 1403 1715 1517 1767; x_wconf 89' lang='grc' dir='ltr'><em>δέκα</em></span> <span class='ocrx_word' id='word_1_206' title='bbox 1552 1714 1851 1783; x_wconf 87' lang='grc' dir='ltr'><em>λεοπάρδοις,</em></span> <span class='ocrx_word' id='word_1_207' title='bbox 1891 1712 1940 1765; x_wconf 83' lang='lat'><em>6³</em></span> <span class='ocrx_word' id='word_1_208' title='bbox 2001 1729 2075 1764; x_wconf 91' lang='grc' dir='ltr'><em>στι</em></span> 
     </span>
     <span class='ocr_line' id='line_1_22' title="bbox 123 1780 2075 1874; baseline 0.001 -41"><span class='ocrx_word' id='word_1_209' title='bbox 123 1780 462 1869; x_wconf 60' lang='grc' dir='ltr'><em>στρατιωτικόν</em></span> <span class='ocrx_word' id='word_1_210' title='bbox 509 1782 784 1869; x_wconf 86' lang='grc' dir='ltr'><em>τάγμα·οἱ</em></span> <span class='ocrx_word' id='word_1_211' title='bbox 824 1785 907 1835; x_wconf 88' lang='grc' dir='ltr'><em>καὶ</em></span> <span class='ocrx_word' id='word_1_212' title='bbox 960 1782 1340 1866; x_wconf 80' lang='grc' dir='ltr'><em>εὐεργετούμενοι</em></span> <span class='ocrx_word' id='word_1_213' title='bbox 1389 1787 1576 1874; x_wconf 79' lang='grc' dir='ltr'><em>χείρους</em></span> <span class='ocrx_word' id='word_1_214' title='bbox 1612 1786 1838 1852; x_wconf 88' lang='grc' dir='ltr'><em>γίνονται.</em></span> <span class='ocrx_word' id='word_1_215' title='bbox 1897 1782 1988 1834; x_wconf 89' lang='grc' dir='ltr'><em>Ἐν</em></span> <span class='ocrx_word' id='word_1_216' title='bbox 2023 1782 2075 1834; x_wconf 82' lang='grc' dir='ltr'><em>δὲ</em></span> 
     </span>
     <span class='ocr_line' id='line_1_23' title="bbox 122 1849 2136 1940; baseline 0.001 -39"><span class='ocrx_word' id='word_1_217' title='bbox 122 1858 223 1911; x_wconf 89' lang='grc' dir='ltr'><em>τοῖς</em></span> <span class='ocrx_word' id='word_1_218' title='bbox 276 1849 568 1915; x_wconf 76' lang='grc' dir='ltr'><em>ἀδικήμασιν</em></span> <span class='ocrx_word' id='word_1_219' title='bbox 618 1849 778 1903; x_wconf 78' lang='grc' dir='ltr'><em>αὐτῶν</em></span> <span class='ocrx_word' id='word_1_220' title='bbox 824 1858 1005 1936; x_wconf 78' lang='grc' dir='ltr'><em>μᾶλλον</em></span> <span class='ocrx_word' id='word_1_221' title='bbox 1052 1850 1401 1939; x_wconf 80' lang='grc' dir='ltr'><em>μαθητεύομαι.</em></span> <span class='ocrx_word' id='word_1_222' title='bbox 1466 1853 1705 1938; x_wconf 88' lang='grc' dir='ltr'><em>Ὀναίμην</em></span> <span class='ocrx_word' id='word_1_223' title='bbox 1752 1857 1848 1905; x_wconf 80' lang='grc' dir='ltr'><em>τῶν</em></span> <span class='ocrx_word' id='word_1_224' title='bbox 1883 1853 2076 1940; x_wconf 84' lang='grc' dir='ltr'><em>θηρίων</em></span> <span class='ocrx_word' id='word_1_225' title='bbox 2134 1863 2136 1865; x_wconf 79' lang='grc'>’</span> 
     </span>
     <span class='ocr_line' id='line_1_24' title="bbox 123 1918 2077 2007; baseline 0.001 -37"><span class='ocrx_word' id='word_1_226' title='bbox 123 1925 220 1970; x_wconf 83' lang='grc' dir='ltr'><em>τῶν</em></span> <span class='ocrx_word' id='word_1_227' title='bbox 254 1920 359 1985; x_wconf 79' lang='grc' dir='ltr'><em>ἐμοὶ</em></span> <span class='ocrx_word' id='word_1_228' title='bbox 394 1918 776 1986; x_wconf 76' lang='grc' dir='ltr'><em>ἡτοιμασμένων·</em></span> <span class='ocrx_word' id='word_1_229' title='bbox 813 1922 893 1972; x_wconf 82' lang='grc' dir='ltr'><em>καὶ</em></span> <span class='ocrx_word' id='word_1_230' title='bbox 933 1918 1130 1987; x_wconf 76' lang='grc' dir='ltr'><em>εὔχομαι</em></span> <span class='ocrx_word' id='word_1_231' title='bbox 1164 1919 1332 2007; x_wconf 76' lang='grc' dir='ltr'><em>ἕτοιμά</em></span> <span class='ocrx_word' id='word_1_232' title='bbox 1368 1941 1449 1986; x_wconf 90' lang='grc' dir='ltr'><em>μοι</em></span> <span class='ocrx_word' id='word_1_233' title='bbox 1486 1919 1775 1989; x_wconf 78' lang='grc' dir='ltr'><em>εὑρεθῆναι·</em></span> <span class='ocrx_word' id='word_1_234' title='bbox 1813 1919 1844 1971; x_wconf 79' lang='grc' dir='ltr'><em>οὶ</em></span> <span class='ocrx_word' id='word_1_235' title='bbox 1879 1921 1962 1972; x_wconf 90' lang='grc' dir='ltr'><em>καὶ</em></span> <span class='ocrx_word' id='word_1_236' title='bbox 1995 1941 2077 1972; x_wconf 85' lang='grc' dir='ltr'><em>κο-</em></span> 
     </span>
     <span class='ocr_line' id='line_1_25' title="bbox 122 1986 2077 2077; baseline 0.001 -38"><span class='ocrx_word' id='word_1_237' title='bbox 122 1986 356 2053; x_wconf 88' lang='grc' dir='ltr'><em>λακεύσω,</em></span> <span class='ocrx_word' id='word_1_238' title='bbox 391 1987 638 2075; x_wconf 89' lang='grc' dir='ltr'><em>συντόμως</em></span> <span class='ocrx_word' id='word_1_239' title='bbox 673 2010 730 2056; x_wconf 91' lang='grc' dir='ltr'><em>με</em></span> <span class='ocrx_word' id='word_1_240' title='bbox 762 1996 1085 2077; x_wconf 81' lang='grc' dir='ltr'><em>καταφαγεῖν,</em></span> <span class='ocrx_word' id='word_1_241' title='bbox 1125 1987 1210 2055; x_wconf 78' lang='grc' dir='ltr'><em>οὐχ</em></span> <span class='ocrx_word' id='word_1_242' title='bbox 1247 1988 1405 2074; x_wconf 77' lang='grc' dir='ltr'><em>ὥσπερ</em></span> <span class='ocrx_word' id='word_1_243' title='bbox 1441 1996 1584 2042; x_wconf 82' lang='grc' dir='ltr'><em>τινῶν</em></span> <span class='ocrx_word' id='word_1_244' title='bbox 1622 1988 1954 2055; x_wconf 89' lang='grc' dir='ltr'><em>δειλαινόμενα</em></span> <span class='ocrx_word' id='word_1_245' title='bbox 1990 1987 2077 2056; x_wconf 76' lang='grc' dir='ltr'><em>οὐχ</em></span> 
     </span>
     <span class='ocr_line' id='line_1_26' title="bbox 121 2055 2078 2147; baseline 0.001 -39"><span class='ocrx_word' id='word_1_246' title='bbox 121 2057 330 2122; x_wconf 74' lang='grc' dir='ltr'><em>ἥψαντο,</em></span> <span class='ocrx_word' id='word_1_247' title='bbox 399 2055 510 2110; x_wconf 81' lang='grc' dir='ltr'><em>Κᾶν</em></span> <span class='ocrx_word' id='word_1_248' title='bbox 556 2057 679 2110; x_wconf 80' lang='grc' dir='ltr'><em>αὐτὰ</em></span> <span class='ocrx_word' id='word_1_249' title='bbox 725 2058 778 2110; x_wconf 83' lang='grc' dir='ltr'><em>δὲ</em></span> <span class='ocrx_word' id='word_1_250' title='bbox 825 2057 1003 2110; x_wconf 86' lang='grc' dir='ltr'><em>άκοντα</em></span> <span class='ocrx_word' id='word_1_251' title='bbox 1053 2056 1118 2125; x_wconf 85' lang='grc' dir='ltr'><em>μὴ</em></span> <span class='ocrx_word' id='word_1_252' title='bbox 1151 2056 1426 2125; x_wconf 78' lang='grc' dir='ltr'><em>θελήσειεν,</em></span> <span class='ocrx_word' id='word_1_253' title='bbox 1463 2057 1554 2147; x_wconf 75' lang='grc' dir='ltr'><em>ἐγὼ</em></span> <span class='ocrx_word' id='word_1_254' title='bbox 1592 2060 1642 2111; x_wconf 84' lang='grc' dir='ltr'><em>δὲ</em></span> <span class='ocrx_word' id='word_1_255' title='bbox 1676 2056 2078 2144; x_wconf 75' lang='grc' dir='ltr'><em>παραβιοίσομαι.4</em></span> 
     </span>
     <span class='ocr_line' id='line_1_27' title="bbox 123 2125 2079 2217; baseline 0.002 -40"><span class='ocrx_word' id='word_1_256' title='bbox 123 2125 433 2214; x_wconf 83' lang='grc' dir='ltr'><em>Συγγνώμην</em></span> <span class='ocrx_word' id='word_1_257' title='bbox 461 2128 583 2194; x_wconf 87' lang='grc' dir='ltr'><em>ε’χετέ</em></span> <span class='ocrx_word' id='word_1_258' title='bbox 628 2145 730 2194; x_wconf 91' lang='grc' dir='ltr'><em>μοι</em></span> <span class='ocrx_word' id='word_1_259' title='bbox 764 2130 810 2179; x_wconf 90' lang='grc' dir='ltr'><em>τί</em></span> <span class='ocrx_word' id='word_1_260' title='bbox 843 2130 945 2195; x_wconf 86' lang='grc' dir='ltr'><em>μοι5</em></span> <span class='ocrx_word' id='word_1_261' title='bbox 982 2128 1241 2217; x_wconf 81' lang='grc' dir='ltr'><em>συμφέρει,</em></span> <span class='ocrx_word' id='word_1_262' title='bbox 1262 2126 1368 2213; x_wconf 77' lang='grc' dir='ltr'><em>ἐγώ</em></span> <span class='ocrx_word' id='word_1_263' title='bbox 1404 2129 1638 2197; x_wconf 80' lang='grc' dir='ltr'><em>γινώσκω.</em></span> <span class='ocrx_word' id='word_1_264' title='bbox 1712 2133 1827 2180; x_wconf 92' lang='grc' dir='ltr'><em>Νῦν</em></span> <span class='ocrx_word' id='word_1_265' title='bbox 1857 2125 2079 2216; x_wconf 77' lang='grc' dir='ltr'><em>ἄρχομαι</em></span> 
     </span>
     <span class='ocr_line' id='line_1_28' title="bbox 123 2192 2078 2287; baseline 0.002 -41"><span class='ocrx_word' id='word_1_266' title='bbox 123 2194 349 2263; x_wconf 82' lang='grc' dir='ltr'><em>μαθητὴς</em></span> <span class='ocrx_word' id='word_1_267' title='bbox 385 2192 537 2260; x_wconf 81' lang='grc' dir='ltr'><em>εἶναι,</em></span> <span class='ocrx_word' id='word_1_268' title='bbox 574 2198 656 2248; x_wconf 87' lang='grc' dir='ltr'><em>ι’να</em></span> <span class='ocrx_word' id='word_1_269' title='bbox 681 2195 848 2284; x_wconf 89' lang='grc' dir='ltr'><em>Ἰησοῦ</em></span> <span class='ocrx_word' id='word_1_270' title='bbox 888 2202 1103 2266; x_wconf 88' lang='grc' dir='ltr'><em>Χριστοῦ</em></span> <span class='ocrx_word' id='word_1_271' title='bbox 1139 2194 1357 2264; x_wconf 77' lang='grc' dir='ltr'><em>ἐπιτύχω.</em></span> <span class='ocrx_word' id='word_1_272' title='bbox 1431 2203 1545 2268; x_wconf 90' lang='grc' dir='ltr'><em>Πῦρ</em></span> <span class='ocrx_word' id='word_1_273' title='bbox 1580 2220 1662 2251; x_wconf 89' lang='grc' dir='ltr'><em>και</em></span> <span class='ocrx_word' id='word_1_274' title='bbox 1698 2196 1932 2287; x_wconf 85' lang='grc' dir='ltr'><em>σταυρὸς,</em></span> <span class='ocrx_word' id='word_1_275' title='bbox 1981 2205 2078 2285; x_wconf 82' lang='grc' dir='ltr'><em>θη-</em></span> 
     </span>
     <span class='ocr_line' id='line_1_29' title="bbox 124 2264 2068 2355; baseline 0.002 -40"><span class='ocrx_word' id='word_1_276' title='bbox 124 2266 242 2332; x_wconf 90' lang='grc' dir='ltr'><em>ρίων</em></span> <span class='ocrx_word' id='word_1_277' title='bbox 276 2286 325 2316; x_wconf 89' lang='grc' dir='ltr'><em>τε</em></span> <span class='ocrx_word' id='word_1_278' title='bbox 358 2264 632 2329; x_wconf 80' lang='grc' dir='ltr'><em>συστάσεις,</em></span> <span class='ocrx_word' id='word_1_279' title='bbox 670 2264 929 2351; x_wconf 84' lang='grc' dir='ltr'><em>ἇνατομαὶ,</em></span> <span class='ocrx_word' id='word_1_280' title='bbox 967 2267 1253 2335; x_wconf 84' lang='grc' dir='ltr'><em>διαιρέσεις,</em></span> <span class='ocrx_word' id='word_1_281' title='bbox 1291 2268 1578 2354; x_wconf 87' lang='grc' dir='ltr'><em>σκορπισμοὶ</em></span> <span class='ocrx_word' id='word_1_282' title='bbox 1614 2266 1819 2329; x_wconf 84' lang='grc' dir='ltr'><em>ὀστέων,</em></span> <span class='ocrx_word' id='word_1_283' title='bbox 1855 2265 2068 2355; x_wconf 88' lang='grc' dir='ltr'><em>συγκοπ</em></span> 
     </span>
     <span class='ocr_line' id='line_1_30' title="bbox 123 2331 2078 2405; baseline 0.002 -21"><span class='ocrx_word' id='word_1_284' title='bbox 123 2338 303 2400; x_wconf 80' lang='grc' dir='ltr'><em>μελῶν,</em></span> <span class='ocrx_word' id='word_1_285' title='bbox 342 2331 538 2400; x_wconf 85' lang='grc' dir='ltr'><em>ἄλεσμοὶ</em></span> <span class='ocrx_word' id='word_1_286' title='bbox 574 2334 691 2387; x_wconf 75' lang='grc' dir='ltr'><em>’ὅλου</em></span> <span class='ocrx_word' id='word_1_287' title='bbox 729 2342 815 2387; x_wconf 91' lang='grc' dir='ltr'><em>τοῦ</em></span> <span class='ocrx_word' id='word_1_288' title='bbox 853 2334 1071 2402; x_wconf 83' lang='grc' dir='ltr'><em>σώματος</em></span> <span class='ocrx_word' id='word_1_289' title='bbox 1104 2336 1188 2387; x_wconf 88' lang='grc' dir='ltr'><em>καὶ</em></span> <span class='ocrx_word' id='word_1_290' title='bbox 1222 2335 1443 2397; x_wconf 79' lang='grc' dir='ltr'><em>κολάσεις</em></span> <span class='ocrx_word' id='word_1_291' title='bbox 1476 2343 1562 2389; x_wconf 91' lang='grc' dir='ltr'><em>τοῦ</em></span> <span class='ocrx_word' id='word_1_292' title='bbox 1611 2336 1842 2405; x_wconf 86' lang='grc' dir='ltr'><em>διαβόλου</em></span> <span class='ocrx_word' id='word_1_293' title='bbox 1876 2333 1953 2389; x_wconf 82' lang='grc' dir='ltr'><em>ἔπ’</em></span> <span class='ocrx_word' id='word_1_294' title='bbox 1995 2337 2078 2404; x_wconf 76' lang='grc' dir='ltr'><em>ἔμε</em></span> 
     </span>
     <span class='ocr_line' id='line_1_31' title="bbox 125 2401 1483 2473; baseline 0.004 -21"><span class='ocrx_word' id='word_1_295' title='bbox 125 2401 452 2469; x_wconf 85' lang='grc' dir='ltr'><em>έρχέσθωσαν,</em></span> <span class='ocrx_word' id='word_1_296' title='bbox 492 2402 643 2468; x_wconf 91' lang='grc' dir='ltr'><em>μόνον</em></span> <span class='ocrx_word' id='word_1_297' title='bbox 678 2405 780 2455; x_wconf 72' lang='grc' dir='ltr'><em>ι’να6</em></span> <span class='ocrx_word' id='word_1_298' title='bbox 811 2403 975 2471; x_wconf 90' lang='grc' dir='ltr'><em>Ἰησοῦ</em></span> <span class='ocrx_word' id='word_1_299' title='bbox 1016 2410 1229 2473; x_wconf 88' lang='grc' dir='ltr'><em>Χριστοῦ</em></span> <span class='ocrx_word' id='word_1_300' title='bbox 1266 2404 1483 2472; x_wconf 79' lang='grc' dir='ltr'><em>ἐπιτύχω.</em></span> 
     </span>
    </p>
   </div>
   <div class='ocr_carea' id='block_1_5' title="bbox 118 2530 2077 3101">
    <p class='ocr_par' dir='ltr' id='par_1_5' title="bbox 123 2530 2077 3085">
     <span class='ocr_line' id='line_1_32' title="bbox 264 2530 2075 2622; baseline 0.002 -40"><span class='ocrx_word' id='word_1_301' title='bbox 264 2538 393 2583; x_wconf 92' lang='lat' dir='ltr'><strong>XVII.</strong></span> <span class='ocrx_word' id='word_1_302' title='bbox 462 2530 622 2584; x_wconf 81' lang='grc' dir='ltr'><em>Οὐδέν</em></span> <span class='ocrx_word' id='word_1_303' title='bbox 658 2553 716 2598; x_wconf 87' lang='grc' dir='ltr'><em>με</em></span> <span class='ocrx_word' id='word_1_304' title='bbox 751 2531 989 2598; x_wconf 83' lang='grc' dir='ltr'><em>ὧφελησει</em></span> <span class='ocrx_word' id='word_1_305' title='bbox 1023 2531 1082 2584; x_wconf 78' lang='grc' dir='ltr'><em>τὰ</em></span> <span class='ocrx_word' id='word_1_306' title='bbox 1118 2531 1295 2619; x_wconf 75' lang='grc' dir='ltr'><em>τερπνά</em></span> <span class='ocrx_word' id='word_1_307' title='bbox 1327 2540 1413 2585; x_wconf 93' lang='grc' dir='ltr'><em>τοῦ</em></span> <span class='ocrx_word' id='word_1_308' title='bbox 1450 2532 1665 2599; x_wconf 90' lang='grc' dir='ltr'><em>κόσμου,</em></span> <span class='ocrx_word' id='word_1_309' title='bbox 1705 2531 1819 2586; x_wconf 80' lang='grc' dir='ltr'><em>οὔδε</em></span> <span class='ocrx_word' id='word_1_310' title='bbox 1855 2536 1910 2586; x_wconf 83' lang='grc' dir='ltr'><em>αἴ</em></span> <span class='ocrx_word' id='word_1_311' title='bbox 1939 2537 2075 2622; x_wconf 89' lang='grc' dir='ltr'><em>βασι-</em></span> 
     </span>
     <span class='ocr_line' id='line_1_33' title="bbox 124 2599 2073 2691; baseline 0.003 -40"><span class='ocrx_word' id='word_1_312' title='bbox 124 2607 246 2652; x_wconf 91' lang='grc' dir='ltr'><em>λεῖαι</em></span> <span class='ocrx_word' id='word_1_313' title='bbox 279 2606 366 2651; x_wconf 91' lang='grc' dir='ltr'><em>τοῦ</em></span> <span class='ocrx_word' id='word_1_314' title='bbox 403 2602 581 2661; x_wconf 82' lang='grc' dir='ltr'><em>αἰῶνος</em></span> <span class='ocrx_word' id='word_1_315' title='bbox 618 2599 805 2654; x_wconf 86' lang='grc' dir='ltr'><em>τούτου.</em></span> <span class='ocrx_word' id='word_1_316' title='bbox 877 2600 1043 2654; x_wconf 90' lang='grc' dir='ltr'><em>Καλόν</em></span> <span class='ocrx_word' id='word_1_317' title='bbox 1077 2622 1160 2668; x_wconf 91' lang='grc' dir='ltr'><em>μοι</em></span> <span class='ocrx_word' id='word_1_318' title='bbox 1197 2599 1471 2654; x_wconf 77' lang='grc' dir='ltr'><em>ἀποθανεῖν</em></span> <span class='ocrx_word' id='word_1_319' title='bbox 1507 2603 1557 2653; x_wconf 80' lang='grc' dir='ltr'><em>ἐν</em></span> <span class='ocrx_word' id='word_1_320' title='bbox 1595 2607 1789 2688; x_wconf 76' lang='grc' dir='ltr'><em>Χριστῷ</em></span> <span class='ocrx_word' id='word_1_321' title='bbox 1818 2601 2007 2671; x_wconf 88' lang='grc' dir='ltr'><em>Ἰησοῦ,</em></span> <span class='ocrx_word' id='word_1_322' title='bbox 2026 2627 2073 2691; x_wconf 93' lang='grc' dir='ltr'><em>η</em></span> 
     </span>
     <span class='ocr_line' id='line_1_34' title="bbox 123 2667 2076 2760; baseline 0.002 -40"><span class='ocrx_word' id='word_1_323' title='bbox 123 2667 394 2735; x_wconf 88' lang='grc' dir='ltr'><em>βασιλεύειν</em></span> <span class='ocrx_word' id='word_1_324' title='bbox 427 2675 524 2721; x_wconf 78' lang='grc' dir='ltr'><em>τῶν</em></span> <span class='ocrx_word' id='word_1_325' title='bbox 559 2668 778 2755; x_wconf 79' lang='grc' dir='ltr'><em>περάτων</em></span> <span class='ocrx_word' id='word_1_326' title='bbox 812 2692 898 2736; x_wconf 89' lang='grc' dir='ltr'><em>της</em></span> <span class='ocrx_word' id='word_1_327' title='bbox 930 2677 1033 2739; x_wconf 85' lang='grc' dir='ltr'><em>γῆς.</em></span> <span class='ocrx_word' id='word_1_328' title='bbox 1112 2672 1187 2721; x_wconf 89' lang='grc' dir='ltr'><em>Τί1</em></span> <span class='ocrx_word' id='word_1_329' title='bbox 1224 2668 1315 2739; x_wconf 78' lang='grc' dir='ltr'><em>γὰρ</em></span> <span class='ocrx_word' id='word_1_330' title='bbox 1353 2669 1602 2736; x_wconf 81' lang='grc' dir='ltr'><em>ὠφελεῖται</em></span> <span class='ocrx_word' id='word_1_331' title='bbox 1649 2669 1941 2760; x_wconf 87' lang='grc' dir='ltr'><em>άνθρωπος,</em></span> <span class='ocrx_word' id='word_1_332' title='bbox 1991 2670 2076 2724; x_wconf 78' lang='grc' dir='ltr'><em>ἐὰν</em></span> 
     </span>
     <span class='ocr_line' id='line_1_35' title="bbox 125 2736 2077 2825; baseline 0.003 -36"><span class='ocrx_word' id='word_1_333' title='bbox 125 2737 334 2809; x_wconf 85' lang='grc' dir='ltr'><em>κερδήση</em></span> <span class='ocrx_word' id='word_1_334' title='bbox 386 2736 472 2790; x_wconf 85' lang='grc' dir='ltr'><em>τὸν</em></span> <span class='ocrx_word' id='word_1_335' title='bbox 521 2736 704 2825; x_wconf 90' lang='grc' dir='ltr'><em>κόσμον</em></span> <span class='ocrx_word' id='word_1_336' title='bbox 751 2739 890 2803; x_wconf 72' lang='grc' dir='ltr'><em>ὅλον,</em></span> <span class='ocrx_word' id='word_1_337' title='bbox 927 2740 1006 2790; x_wconf 86' lang='grc' dir='ltr'><em>καὶ</em></span> <span class='ocrx_word' id='word_1_338' title='bbox 1042 2743 1265 2810; x_wconf 83' lang='grc' dir='ltr'><em>ζημιωθῆ</em></span> <span class='ocrx_word' id='word_1_339' title='bbox 1301 2760 1388 2806; x_wconf 87' lang='grc' dir='ltr'><em>την</em></span> <span class='ocrx_word' id='word_1_340' title='bbox 1420 2739 1586 2807; x_wconf 80' lang='grc' dir='ltr'><em>ψυχὴν</em></span> <span class='ocrx_word' id='word_1_341' title='bbox 1622 2739 1824 2805; x_wconf 66' lang='grc' dir='ltr'><em>αὐτοῦ,2</em></span> <span class='ocrx_word' id='word_1_342' title='bbox 1854 2739 2077 2794; x_wconf 88' lang='grc' dir='ltr'><em>Ἐκεῖνον</em></span> 
     </span>
     <span class='ocr_line' id='line_1_36' title="bbox 125 2791 2074 2896; baseline 0.002 -38"><span class='ocrx_word' id='word_1_343' title='bbox 125 2812 272 2872; x_wconf 80' lang='grc' dir='ltr'><em>ζητῶ,</em></span> <span class='ocrx_word' id='word_1_344' title='bbox 323 2804 409 2859; x_wconf 85' lang='grc' dir='ltr'><em>τὸν</em></span> <span class='ocrx_word' id='word_1_345' title='bbox 460 2805 581 2875; x_wconf 83' lang='grc' dir='ltr'><em>ύπὲρ</em></span> <span class='ocrx_word' id='word_1_346' title='bbox 629 2805 768 2874; x_wconf 75' lang='grc' dir='ltr'><em>ἡμῶν</em></span> <span class='ocrx_word' id='word_1_347' title='bbox 804 2806 1132 2862; x_wconf 83' lang='grc' dir='ltr'><em>ἀποθανόντα.</em></span> <span class='ocrx_word' id='word_1_348' title='bbox 1205 2791 1463 2896; x_wconf 83' lang='grc' dir='ltr'><em>Σύγγνωτέ</em></span> <span class='ocrx_word' id='word_1_349' title='bbox 1498 2830 1592 2875; x_wconf 92' lang='grc' dir='ltr'><em>μοι,</em></span> <span class='ocrx_word' id='word_1_350' title='bbox 1631 2807 1857 2874; x_wconf 81' lang='grc' dir='ltr'><em>ἀδελφοί·</em></span> <span class='ocrx_word' id='word_1_351' title='bbox 1896 2808 1962 2877; x_wconf 88' lang='grc' dir='ltr'><em>μὴ</em></span> <span class='ocrx_word' id='word_1_352' title='bbox 1999 2811 2074 2877; x_wconf 82' lang='grc' dir='ltr'><em>έμ-</em></span> 
     </span>
     <span class='ocr_line' id='line_1_37' title="bbox 124 2875 2074 2945; baseline 0.003 -19"><span class='ocrx_word' id='word_1_353' title='bbox 124 2875 352 2941; x_wconf 91' lang='grc' dir='ltr'><em>ποδίσητέ</em></span> <span class='ocrx_word' id='word_1_354' title='bbox 400 2897 481 2941; x_wconf 93' lang='grc' dir='ltr'><em>μοι</em></span> <span class='ocrx_word' id='word_1_355' title='bbox 526 2881 691 2942; x_wconf 82' lang='grc' dir='ltr'><em>ζῆσαι·</em></span> <span class='ocrx_word' id='word_1_356' title='bbox 742 2875 828 2944; x_wconf 71' lang='grc' dir='ltr'><em>μὴ3</em></span> <span class='ocrx_word' id='word_1_357' title='bbox 863 2875 1100 2944; x_wconf 84' lang='grc' dir='ltr'><em>θελήσητέ</em></span> <span class='ocrx_word' id='word_1_358' title='bbox 1149 2899 1206 2943; x_wconf 91' lang='grc' dir='ltr'><em>με</em></span> <span class='ocrx_word' id='word_1_359' title='bbox 1254 2875 1540 2934; x_wconf 80' lang='grc' dir='ltr'><em>ἀποθανεῖν</em></span> <span class='ocrx_word' id='word_1_360' title='bbox 1599 2875 1780 2943; x_wconf 75' lang='grc' dir='ltr'><em>’Ἀφετέ</em></span> <span class='ocrx_word' id='word_1_361' title='bbox 1827 2900 1883 2945; x_wconf 91' lang='grc' dir='ltr'><em>με</em></span> <span class='ocrx_word' id='word_1_362' title='bbox 1918 2886 2074 2931; x_wconf 87' lang='grc' dir='ltr'><em>καθα-</em></span> 
     </span>
     <span class='ocr_line' id='line_1_38' title="bbox 118 2942 2072 3032; baseline 0.003 -37.021"><span class='ocrx_word' id='word_1_363' title='bbox 118 2942 216 3031; x_wconf 84' lang='grc' dir='ltr'><em>ρὸν</em></span> <span class='ocrx_word' id='word_1_364' title='bbox 252 2950 360 3009; x_wconf 82' lang='grc' dir='ltr'><em>φῶς</em></span> <span class='ocrx_word' id='word_1_365' title='bbox 394 2947 572 3011; x_wconf 89' lang='grc' dir='ltr'><em>λαβεῖν.</em></span> <span class='ocrx_word' id='word_1_366' title='bbox 636 2944 776 2998; x_wconf 87' lang='grc' dir='ltr'><em>Ἐκεῖ</em></span> <span class='ocrx_word' id='word_1_367' title='bbox 783 2945 904 3032; x_wconf 78' lang='grc' dir='ltr'><em>γὰρ</em></span> <span class='ocrx_word' id='word_1_368' title='bbox 955 2946 1365 3031; x_wconf 87' lang='grc' dir='ltr'><em>παραγενόμενος,</em></span> <span class='ocrx_word' id='word_1_369' title='bbox 1415 2945 1679 3015; x_wconf 81' lang='grc' dir='ltr'><em>ἄνθρωπος</em></span> <span class='ocrx_word' id='word_1_370' title='bbox 1731 2953 1855 3000; x_wconf 87' lang='grc' dir='ltr'><em>θεοῦ</em></span> <span class='ocrx_word' id='word_1_371' title='bbox 1888 2948 2072 3015; x_wconf 85' lang='grc' dir='ltr'><em>ε’σομαι.</em></span> 
     </span>
     <span class='ocr_line' id='line_1_39' title="bbox 118 3011 2077 3101; baseline 0.003 -38.043"><span class='ocrx_word' id='word_1_372' title='bbox 118 3011 442 3100; x_wconf 85' lang='grc' dir='ltr'><em>Ἐπιτρέψατέ</em></span> <span class='ocrx_word' id='word_1_373' title='bbox 489 3035 572 3080; x_wconf 92' lang='grc' dir='ltr'><em>μοι</em></span> <span class='ocrx_word' id='word_1_374' title='bbox 621 3012 831 3082; x_wconf 85' lang='grc' dir='ltr'><em>μιμητὴν</em></span> <span class='ocrx_word' id='word_1_375' title='bbox 877 3012 1002 3066; x_wconf 83' lang='grc' dir='ltr'><em>εἶναι</em></span> <span class='ocrx_word' id='word_1_376' title='bbox 1049 3022 1134 3067; x_wconf 94' lang='grc' dir='ltr'><em>τοῦ</em></span> <span class='ocrx_word' id='word_1_377' title='bbox 1188 3015 1387 3077; x_wconf 86' lang='grc' dir='ltr'><em>πάθους</em></span> <span class='ocrx_word' id='word_1_378' title='bbox 1443 3022 1528 3068; x_wconf 91' lang='grc' dir='ltr'><em>τοῦ</em></span> <span class='ocrx_word' id='word_1_379' title='bbox 1585 3021 1812 3101; x_wconf 89' lang='grc' dir='ltr'><em>Χριστοῦ.</em></span> <span class='ocrx_word' id='word_1_380' title='bbox 1889 3019 1964 3069; x_wconf 80' lang='grc' dir='ltr'><em>Εἴ</em></span> <span class='ocrx_word' id='word_1_381' title='bbox 2003 3038 2077 3079; x_wconf 89' lang='grc' dir='ltr'><em>τις</em></span> 
     </span>
    </p>
   </div>
   <div class='ocr_carea' id='block_1_6' title="bbox 124 3079 2076 3218">
    <p class='ocr_par' dir='ltr' id='par_1_6' title="bbox 124 3079 2076 3218">
     <span class='ocr_line' id='line_1_40' title="bbox 125 3079 2076 3168; baseline 0.003 -36"><span class='ocrx_word' id='word_1_382' title='bbox 125 3079 274 3133; x_wconf 80' lang='grc' dir='ltr'><em>αὐτὸν</em></span> <span class='ocrx_word' id='word_1_383' title='bbox 309 3083 361 3134; x_wconf 81' lang='grc' dir='ltr'><em>ἒν</em></span> <span class='ocrx_word' id='word_1_384' title='bbox 409 3082 562 3168; x_wconf 74' lang='grc' dir='ltr'><em>ἑαυτῷ</em></span> <span class='ocrx_word' id='word_1_385' title='bbox 598 3083 716 3150; x_wconf 71' lang='grc' dir='ltr'><em>ἔχει,</em></span> <span class='ocrx_word' id='word_1_386' title='bbox 751 3083 970 3150; x_wconf 88' lang='grc' dir='ltr'><em>νοησάτω</em></span> <span class='ocrx_word' id='word_1_387' title='bbox 1006 3083 1033 3136; x_wconf 80' lang='grc' dir='ltr'>ὃ</span> <span class='ocrx_word' id='word_1_388' title='bbox 1069 3085 1224 3148; x_wconf 87' lang='grc' dir='ltr'><em>θέλω,</em></span> <span class='ocrx_word' id='word_1_389' title='bbox 1261 3086 1343 3136; x_wconf 90' lang='grc' dir='ltr'><em>καὶ</em></span> <span class='ocrx_word' id='word_1_390' title='bbox 1380 3084 1746 3153; x_wconf 86' lang='grc' dir='ltr'><em>συμπαθησάτω</em></span> <span class='ocrx_word' id='word_1_391' title='bbox 1793 3106 1901 3153; x_wconf 89' lang='grc' dir='ltr'><em>μοι,</em></span> <span class='ocrx_word' id='word_1_392' title='bbox 1935 3084 2076 3148; x_wconf 75' lang='grc' dir='ltr'><em>εἰδὼς</em></span> 
     </span>
     <span class='ocr_line' id='line_1_41' title="bbox 124 3148 578 3218; baseline 0.005 -17"><span class='ocrx_word' id='word_1_393' title='bbox 124 3148 183 3201; x_wconf 80' lang='grc' dir='ltr'><em>τὰ</em></span> <span class='ocrx_word' id='word_1_394' title='bbox 217 3150 475 3217; x_wconf 82' lang='grc' dir='ltr'><em>συνέχοντά</em></span> <span class='ocrx_word' id='word_1_395' title='bbox 507 3172 578 3218; x_wconf 90' lang='grc' dir='ltr'><em>με.</em></span> 
     </span>
    </p>
   </div>
   <div class='ocr_carea' id='block_1_7' title="bbox 125 3278 471 3285">
    <p class='ocr_par' dir='ltr' id='par_1_7' title="bbox 125 3278 471 3285">
     <span class='ocr_line' id='line_1_42' title="bbox 125 3278 471 3285; baseline 0 615"><span class='ocrx_word' id='word_1_396' title='bbox 125 3278 471 3285; x_wconf 95' lang='lat' dir='ltr'><em> </em></span> 
     </span>
    </p>
   </div>
   <div class='ocr_carea' id='block_1_8' title="bbox 210 3340 2075 3624">
    <p class='ocr_par' dir='ltr' id='par_1_8' title="bbox 210 3340 2075 3405">
     <span class='ocr_line' id='line_1_43' title="bbox 210 3340 2075 3405; baseline 0.003 -20"><span class='ocrx_word' id='word_1_397' title='bbox 210 3346 304 3397; x_wconf 85' lang='lat' dir='ltr'><strong>Cap.</strong></span> <span class='ocrx_word' id='word_1_398' title='bbox 336 3346 429 3387; x_wconf 85' lang='lat' dir='ltr'><strong>XIV.</strong></span> <span class='ocrx_word' id='word_1_399' title='bbox 490 3344 530 3398; x_wconf 90' lang='lat'><em>1)</em></span> <span class='ocrx_word' id='word_1_400' title='bbox 558 3345 618 3386; x_wconf 88' lang='lat' dir='ltr'><strong>Al.</strong></span> <span class='ocrx_word' id='word_1_401' title='bbox 647 3343 724 3385; x_wconf 85' lang='grc' dir='ltr'><em>καὶ</em></span> <span class='ocrx_word' id='word_1_402' title='bbox 751 3340 924 3402; x_wconf 86' lang='grc' dir='ltr'><em>κόσμῳ.</em></span> <span class='ocrx_word' id='word_1_403' title='bbox 960 3347 1039 3388; x_wconf 84' lang='lat' dir='ltr'><strong>Cot.</strong></span> <span class='ocrx_word' id='word_1_404' title='bbox 1128 3348 1172 3396; x_wconf 92' lang='lat' dir='ltr'><em>E,</em></span> <span class='ocrx_word' id='word_1_405' title='bbox 1209 3341 1397 3402; x_wconf 73' lang='grc' dir='ltr'><em>ἄκαιρος</em></span> <span class='ocrx_word' id='word_1_406' title='bbox 1426 3347 1647 3400; x_wconf 80' lang='grc' dir='ltr'><em>γενοίσθε</em></span> <span class='ocrx_word' id='word_1_407' title='bbox 1675 3360 1767 3402; x_wconf 85' lang='grc' dir='ltr'><em>μου</em></span> <span class='ocrx_word' id='word_1_408' title='bbox 1796 3346 1851 3395; x_wconf 88' lang='grc' dir='ltr'><em>Ν,</em></span> <span class='ocrx_word' id='word_1_409' title='bbox 1884 3341 2075 3405; x_wconf 68' lang='grc' dir='ltr'><em>ἄκαιρος</em></span> 
     </span>
    </p>

    <p class='ocr_par' dir='ltr' id='par_1_9' title="bbox 210 3400 1781 3467">
     <span class='ocr_line' id='line_1_44' title="bbox 210 3400 1781 3467; baseline 0.001 -27"><span class='ocrx_word' id='word_1_410' title='bbox 210 3401 257 3452; x_wconf 87' lang='grc'><em>2)</em></span> <span class='ocrx_word' id='word_1_411' title='bbox 288 3401 346 3440; x_wconf 90' lang='grc' dir='ltr'><em>ΑΙ.</em></span> <span class='ocrx_word' id='word_1_412' title='bbox 376 3402 635 3457; x_wconf 84' lang='grc' dir='ltr'><em>φαίνωμαι.</em></span> <span class='ocrx_word' id='word_1_413' title='bbox 671 3400 746 3441; x_wconf 81' lang='lat' dir='ltr'><strong>Cot.</strong></span> <span class='ocrx_word' id='word_1_414' title='bbox 1125 3402 1332 3467; x_wconf 82' lang='grc' dir='ltr'><em>γένησθέ</em></span> <span class='ocrx_word' id='word_1_415' title='bbox 1355 3416 1447 3457; x_wconf 85' lang='grc' dir='ltr'><em>μου</em></span> <span class='ocrx_word' id='word_1_416' title='bbox 1476 3402 1615 3454; x_wconf 85' lang='lat' dir='ltr'>(supra</span> <span class='ocrx_word' id='word_1_417' title='bbox 1645 3401 1707 3454; x_wconf 90' lang='grc' dir='ltr'><em>οι)</em></span> <span class='ocrx_word' id='word_1_418' title='bbox 1739 3403 1781 3442; x_wconf 99' lang='lat' dir='ltr'><strong>A.</strong></span> 
     </span>
    </p>

    <p class='ocr_par' dir='ltr' id='par_1_10' title="bbox 210 3451 2041 3562">
     <span class='ocr_line' id='line_1_45' title="bbox 210 3451 2041 3514; baseline 0.003 -20.003"><span class='ocrx_word' id='word_1_419' title='bbox 210 3455 254 3508; x_wconf 89' lang='grc'><em>3)</em></span> <span class='ocrx_word' id='word_1_420' title='bbox 287 3457 319 3495; x_wconf 91' lang='grc' dir='ltr'><em>ΙΙ</em></span> <span class='ocrx_word' id='word_1_421' title='bbox 338 3456 428 3496; x_wconf 88' lang='lat' dir='ltr'><strong>Cor.</strong></span> <span class='ocrx_word' id='word_1_422' title='bbox 459 3458 498 3507; x_wconf 89' lang='lat'><em>4,</em></span> <span class='ocrx_word' id='word_1_423' title='bbox 530 3457 593 3497; x_wconf 84' lang='lat'><strong>18.</strong></span> <span class='ocrx_word' id='word_1_424' title='bbox 1217 3456 1261 3508; x_wconf 80' lang='lat'><em>2)</em></span> <span class='ocrx_word' id='word_1_425' title='bbox 1295 3451 1444 3511; x_wconf 76' lang='grc' dir='ltr'><em>ἄφετέ</em></span> <span class='ocrx_word' id='word_1_426' title='bbox 1474 3470 1556 3513; x_wconf 88' lang='grc' dir='ltr'><em>μοι</em></span> <span class='ocrx_word' id='word_1_427' title='bbox 1586 3463 1812 3498; x_wconf 86' lang='lat' dir='ltr'><strong>correctum</strong></span> <span class='ocrx_word' id='word_1_428' title='bbox 1842 3457 1882 3498; x_wconf 90' lang='lat' dir='ltr'><em>in</em></span> <span class='ocrx_word' id='word_1_429' title='bbox 1909 3471 1970 3514; x_wconf 86' lang='grc' dir='ltr'><em>με</em></span> <span class='ocrx_word' id='word_1_430' title='bbox 1999 3459 2041 3500; x_wconf 85' lang='grc' dir='ltr'><em>Α.</em></span> 
     </span>
     <span class='ocr_line' id='line_1_46' title="bbox 1213 3509 1607 3562; baseline -0.005 -10"><span class='ocrx_word' id='word_1_431' title='bbox 1213 3512 1257 3562; x_wconf 87' lang='lat'><em>3)</em></span> <span class='ocrx_word' id='word_1_432' title='bbox 1288 3512 1346 3551; x_wconf 89' lang='grc' dir='ltr'><em>ΑΙ.</em></span> <span class='ocrx_word' id='word_1_433' title='bbox 1377 3509 1488 3551; x_wconf 74' lang='grc' dir='ltr'><em>ἐστὶ.</em></span> <span class='ocrx_word' id='word_1_434' title='bbox 1527 3510 1607 3550; x_wconf 78' lang='lat' dir='ltr'><strong>Cot.</strong></span> 
     </span>
    </p>

    <p class='ocr_par' dir='ltr' id='par_1_11' title="bbox 213 3561 1651 3624">
     <span class='ocr_line' id='line_1_47' title="bbox 213 3561 1651 3624; baseline 0.002 -22"><span class='ocrx_word' id='word_1_435' title='bbox 213 3563 306 3615; x_wconf 85' lang='lat' dir='ltr'><strong>Cap.</strong></span> <span class='ocrx_word' id='word_1_436' title='bbox 335 3566 410 3605; x_wconf 88' lang='lat' dir='ltr'><strong>XV.</strong></span> <span class='ocrx_word' id='word_1_437' title='bbox 473 3566 513 3619; x_wconf 93' lang='lat'><em>1)</em></span> <span class='ocrx_word' id='word_1_438' title='bbox 545 3561 709 3624; x_wconf 77' lang='grc' dir='ltr'><em>ἅκερος</em></span> <span class='ocrx_word' id='word_1_439' title='bbox 730 3568 955 3622; x_wconf 80' lang='grc' dir='ltr'><em>γενέσθαι</em></span> <span class='ocrx_word' id='word_1_440' title='bbox 977 3581 1069 3623; x_wconf 87' lang='grc' dir='ltr'><em>μου</em></span> <span class='ocrx_word' id='word_1_441' title='bbox 1209 3566 1252 3619; x_wconf 92' lang='grc'><em>4)</em></span> <span class='ocrx_word' id='word_1_442' title='bbox 1285 3563 1338 3607; x_wconf 77' lang='grc' dir='ltr'><em>δὲ</em></span> <span class='ocrx_word' id='word_1_443' title='bbox 1369 3566 1504 3606; x_wconf 81' lang='lat' dir='ltr'>addidi</span> <span class='ocrx_word' id='word_1_444' title='bbox 1536 3578 1581 3606; x_wconf 86' lang='lat' dir='ltr'><em>ex</em></span> <span class='ocrx_word' id='word_1_445' title='bbox 1610 3567 1651 3606; x_wconf 91' lang='lat' dir='ltr'><strong>A.</strong></span> 
     </span>
    </p>
   </div>
   <div class='ocr_carea' id='block_1_9' title="bbox 2251 0 2340 3330">
    <p class='ocr_par' dir='ltr' id='par_1_12' title="bbox 2251 0 2340 3330">
     <span class='ocr_line' id='line_1_48' title="bbox 2251 0 2340 3330; baseline 0 0"><span class='ocrx_word' id='word_1_446' title='bbox 2251 0 2340 3330; x_wconf 95' lang='lat' dir='ltr'><em> </em></span> 
     </span>
    </p>
   </div>
  </div>
 </body>
</html>
