2340 3900
242 240 338 289 100
633 238 662 283 Ι.
700 233 1008 282 CLEMENTIS
1046 235 1113 280 AD
1152 235 1272 281 COR.
1323 235 1429 282 LIII.
1470 236 1574 281 LIV.
1612 235 1694 281 LV.
1730 234 1833 281 LVI.

246 367 534 434 τελειότητος
570 361 963 451 ἀνυπερβλήτου]
1017 364 1403 451 Παῤῥησιᾶζεται
1439 362 1669 432 θεράπων
1691 361 1812 449 πρὸς
1835 361 2022 449 κύριον,
2053 364 2192 415 αἰτεῖ-

245 460 323 491 ται
358 436 532 502 ἄφεσιν
567 439 633 506 τῷ
671 432 878 500 πλήθει,
915 430 947 499 ἢ
984 433 1067 484 καὶ
1103 431 1273 486 ἑαυτὸν
1309 434 1652 499 ἐξαλειφθῆναι
1689 429 1790 499 μετ’
1843 429 2002 482 αὐτῶν
2049 430 2188 494 ἀξιοῖ.

244 571 348 616 LIV.
422 569 515 625 Qui
563 567 786 613 ohamtate
827 566 994 625 plenus
1045 571 1133 621 est,
1184 580 1313 611 omne
1358 569 1578 612 damnum
1623 565 1766 618 subit,
1817 565 2061 610 dummodo
2093 578 2191 623 paoe

953 648 1170 694 ecelesiae
1202 650 1484 693 restituatur.

386 741 471 799 Τίς
507 730 596 789 οὗν
631 737 683 788 ἐν
716 733 834 818 ὑμῖν
868 742 1108 823 γενναῖος,
1146 739 1217 796 τίς
1255 733 1598 823 εῦσπλαγχνος,
1652 735 1724 794 τίς
1767 733 2191 802 πεπληροφορημέ-

241 830 326 871 νος
363 806 579 895 ἀγάπης,
637 804 877 857 Είπατωι·
934 807 994 869 ,εἰ
1028 803 1092 856 δι’
1136 806 1215 872 ἐμέ
1251 803 1411 865 στάσις
1437 804 1518 855 καὶ
1550 804 1646 870 ε’ρις
1672 803 1753 854 καὶ
1784 804 2028 890 σχίσματα,
2051 804 2192 890 ἐκχω-

247 885 338 948 ρῶ,
390 897 583 944 απειμι,
632 867 691 926 οὗ
739 873 822 926 ἐὰν
857 873 1130 942 βούλησθε,
1167 875 1248 926 καὶ
1294 879 1420 925 ποιῶ
1454 871 1512 924 τὰ
1546 870 1936 958 προστασσόμενα
1970 869 2068 925 ὖπὸ
2105 878 2193 924 τοῦ

243 946 492 1014 πλήθους·
533 943 682 1013 μόνον
718 942 772 996 τὸ
808 946 1034 1011 ποίμνιον
1067 949 1153 995 τοῦ
1174 949 1404 1030 Χριστοῦ
1442 941 1730 1030 εἰρηνευέτω
1765 939 1882 1007 μετὰ
1915 947 2011 994 τῶν
2045 951 2192 994 καθε-

245 1019 489 1085 σταμένων
524 1015 888 1103 πρεσβυτέρων.ι
967 1019 1121 1065 Τοῦτο
1160 1010 1189 1064 ὁ
1241 1030 1446 1079 ποιησας
1482 1012 1635 1098 ἑαυτῷ
1671 1011 1791 1079 μέγα
1822 1011 1959 1073 κλέος
2010 1011 2062 1063 ἐν
2097 1033 2192 1107 'ng

242 1089 331 1158 ρίω
364 1083 751 1172 περιποιήσεται,
788 1084 870 1135 καὶ
904 1088 1000 1170 πᾶς
1035 1080 1181 1143 τόπος
1234 1082 1413 1144 δέξεται
1457 1065 1619 1132 αὐτόν.
1693 1086 1815 1149 ,Τοῦ
1861 1077 1950 1170 γὰρ
1979 1081 2192 1168 κυρίου2

981 1158 1003 1168 “’
1051 1159 1063 1180 ί

240 1155 275 1223 ἦ
308 1162 370 1226 γῆ
406 1156 490 1209 καὶ
521 1152 575 1206 τὸ
611 1151 845 1222 πλήρωμα
880 1173 1045 1219 αυτης
1142 1157 1303 1203 Ταῦτα
1339 1152 1388 1203 οἱ
1436 1126 1795 1235 πολιτευόμενοι
1829 1149 1918 1218 τὴν
1967 1147 2192 1218 ἀμεταμέ-

244 1233 388 1294 λητον
420 1226 663 1278 πολιτείαν
698 1229 784 1276 τοῦ
826 1225 952 1274 Θεοῦ
990 1223 1220 1288 ἐποίησαν
1253 1221 1335 1272 καὶ
1369 1236 1671 1287 ποιησουσιν.

795 1355 876 1401 LV.
951 1355 1103 1399 Huius
1142 1354 1380 1398 charitatis
1417 1355 1639 1413 eaeempla.

365 1445 488 1499 Ἰνα1
538 1445 589 1498 δὲ
638 1445 719 1497 καὶ
765 1441 1091 1529 ὑποδείγματα
1137 1442 1303 1493 ἐθνῶν
1340 1442 1627 1511 ἐνέγκωμεν·
1664 1441 1830 1494 πολλοὶ
1866 1443 2078 1508 βασιλεῖς
2112 1439 2195 1492 καὶ

242 1514 526 1604 ἡγούμενοι,
565 1519 788 1582 λοιμικοῦ
824 1511 956 1573 τινὸς
988 1509 1237 1573 ἐνστάντος
1273 1518 1471 1595 καιροῦ,
1507 1511 2004 1600 χρησμοδοτηθέντες,
2054 1509 2195 1578 παρέ-

243 1590 406 1639 δωκαν
457 1583 657 1647 ἑαυτοὺς
707 1586 774 1645 εἰς
826 1580 1067 1649 θάνατον,
1115 1582 1197 1632 ι’να
1243 1579 1480 1647 ρύσωνται
1529 1580 1610 1633 διὰ
1658 1588 1744 1635 τοῦ
1781 1582 1964 1634 ἑαυτῶν
1997 1581 2197 1646 αἵματος

242 1655 356 1718 τοὺς
391 1656 600 1717 πολίτας.
676 1654 860 1704 Πολλοὶ
897 1627 1188 1736 ἐξεχώρησαν
1225 1652 1362 1702 ἰδίων
1395 1649 1608 1715 πόλεων,
1645 1653 1728 1703 ι’να
1763 1649 1828 1718 μὴ
1882 1649 2194 1712 στασιάζωσιν

243 1726 323 1778 ἐπὶ
358 1731 534 1776 πλεῖον.
600 1721 932 1789 Ἐπιστάμεθα
967 1717 1173 1781 πολλοὺς
1207 1721 1258 1771 ἐν
1291 1718 1407 1787 ἡμῖν
1440 1720 1865 1810 παραδεδωκότας2
1901 1717 2105 1781 ἑαυτοὺς
2125 1720 2194 1780 εἰς

244 1793 420 1861 δεσμὰ,
467 1793 599 1853 όπως
653 1792 841 1875 ἑτέρους
886 1788 1242 1877 λυτρώσονται3.
1315 1791 1495 1843 Πολλοὶ
1545 1789 1746 1853 ἑαυτοὺς
1793 1791 2077 1859 παρέδωκαν
2125 1790 2194 1850 εἰς

244 1866 491 1930 δουλείαν,
530 1863 613 1914 καὶ
647 1858 874 1927 λαβόντες
905 1858 988 1920 τὰς
1021 1857 1159 1925 τιμὰς
1195 1857 1383 1922 αὐτῶν,
1414 1861 1601 1929 ἑτέρους
1637 1858 1922 1927 ἐψώμισανῆ
2004 1858 2195 1911 Πολλαὶ

242 1940 467 2020 γυναῖκες
503 1932 922 1996 ἐνδυναμωθεῖσαι
954 1926 1035 1979 διὰ
1069 1934 1154 1993 τῆς
1189 1926 1377 1996 χάριτος
1397 1935 1484 1981 τοῦ
1511 1933 1652 1994 Θεοῦ,
1685 1930 2011 1982 ἐπετελέσαντο
2045 1925 2197 1980 πολλὰ

244 2000 454 2069 ἀνδρεῖα.
521 1999 731 2051 Ἰουδὶθ5
767 1997 802 2064 ἦ
838 1999 1071 2064 μακαρία,
1109 1998 1160 2047 ἐν
1197 2004 1494 2084 συγκλεισμῷ
1532 1997 1680 2065 οὔσης
1715 2005 1802 2066 τῆς
1834 1997 2044 2060 πόλεως,
2081 1995 2196 2070 ᾐτή-

244 2087 358 2123 σατο
395 2066 526 2137 παρὰ
561 2073 657 2119 τῶν
692 2066 1049 2153 πρεσβυτέρων,
1089 2066 1300 2137 ἐαθῆναι
1338 2065 1506 2153 αὐτὴν
1527 2069 1740 2130 ἐξελθεῖν
1777 2069 1844 2129 εἰς
1879 2065 1968 2134 τὴν
2017 2087 2194 2136 παρεμ-

242 2137 392 2228 βολην
427 2144 524 2190 τῶν
559 2136 866 2203 ἀλλοφύλων·
905 2138 1192 2203 παραδοῦσα
1229 2137 1319 2187 οὐν
1368 2134 1545 2203 ἑαυτὴν
1588 2142 1655 2208 τῷ
1699 2135 1939 2208 κινδύνῳ,
1993 2137 2197 2203 ἐξῆλθεν

245 2207 311 2260 δι’
354 2205 546 2277 ἀγάπην
581 2228 674 2292 της
701 2209 932 2294 πατρίδος
967 2227 1048 2257 και
1084 2210 1169 2256 τοῦ
1206 2211 1340 2268 λαοῦ,
1376 2212 1462 2258 τοῦ
1500 2190 1640 2268 όντος
1676 2207 1727 2258 ἐν
1759 2211 2078 2294 συγκλεισμω·
2116 2205 2197 2257 καὶ

242 2278 540 2362 παρέδωκεν
566 2275 733 2343 κύριος
771 2274 1072 2364 Ὀλοφέρνην
1123 2275 1175 2325 ἐν
1217 2275 1336 2343 χειρὶ
1370 2279 1602 2363 θηλείας.
1676 2274 1778 2344 Οὐχ
1822 2275 2007 2363 ἥττονι6
2049 2275 2132 2328 καὶ
2165 2272 2199 2341 ἦ

245 2349 397 2398 τελεία
429 2343 550 2397 κατὰ
583 2347 743 2397 πίστιν
771 2343 964 2413 Ἐσθὴρ
999 2341 1209 2413 κινδύνῳ
1247 2344 1419 2412 ἑαυτὴν
1443 2346 1749 2430 παρέβαλεν,
1789 2367 1868 2397 ινα
1903 2343 1957 2398 τὸ
1992 2342 2199 2397 δωδεκά-

246 2422 403 2482 φυλον
448 2420 534 2466 τοῦ
570 2412 785 2483 Ἰσραὴλ,
835 2414 1004 2480 μέλλον
1049 2397 1348 2477 απολέσθαι,
1395 2413 1612 2503 ῥ’ύσηται.
1700 2413 1799 2467 Διὰ
1844 2412 1934 2500 γὰρ
1983 2420 2071 2481 τῆς
2116 2434 2197 2501 νη-

247 2486 406 2545 στείας
454 2484 536 2534 καὶ
581 2489 667 2549 τῆς
712 2481 1042 2542 ταπεινώσεως
1087 2480 1237 2569 αὐτῆς
1283 2481 1485 2549 ἠξίωσεν
1532 2483 1617 2537 τὸν
1652 2483 1992 2572 παντεπόπτην
2030 2482 2199 2537 δεσπό-

245 2574 357 2620 την,
401 2550 525 2604 Θεὸν
560 2558 656 2603 τῶν
692 2551 904 2603 αἰώνων
945 2550 1002 2612 ὃς
1039 2549 1154 2603 ἰδὼν
1189 2550 1241 2603 τὸ
1281 2552 1507 2606 ταπεινὸν
1542 2561 1628 2622 τῆς
1662 2561 1826 2623 ψυχῆς
1860 2552 2012 2622 αυτῆς
2057 2551 2195 2622 6666-

250 2640 367 2675 σατο
406 2618 489 2673 τὸν
520 2619 660 2683 λαὸ’,ν
700 2615 768 2673 ὧν
803 2642 940 2689 χαριν
978 2620 1326 2673 ἐκινδύνευσεν.

247 2753 353 2800 LVl.
433 2752 769 2799 Admoneamus
817 2759 856 2798 et
910 2754 1214 2813 corripiamus
1264 2769 1346 2800 nos
1398 2755 1621 2808 invicem,·
1678 2756 1759 2814 qui
1805 2755 1944 2800 talem
1992 2755 2194 2813 eastiya-

615 2836 780 2880 tionem
816 2850 906 2881 non
944 2837 1119 2891 renuit,
1162 2836 1309 2881 Deum
1349 2836 1484 2881 habet
1511 2841 1828 2896 protectorem

389 2924 487 2974 Καὶ
523 2921 660 2989 ημεῖς
696 2916 785 2975 οὗν
822 2922 1104 2990 «ἐντύχωμεν1
1140 2925 1250 2992 περὶ
1288 2929 1385 2975 τῶν
1416 2924 1467 2975 ἐν
1501 2945 1595 2975 τινι
1641 2921 2008 2990 παραπτώματι2
2021 2923 2193 3012 ὕπαρ-

248 2991 456 3081 χόντων,
495 2990 630 3053 όπως
665 2994 796 3080 δοθῇ
833 2991 997 3053 αὐτοῖς
1032 2994 1260 3045 ἐπιείκεια
1296 2994 1378 3044 καὶ
1411 2991 1844 3079 ταπεινοφροσύνη,
1883 2996 1951 3056 εἰς
1984 2992 2039 3047 τὸ
2076 2991 2197 3057 εἶξαι

250 3059 428 3122 αυτοὺς
462 3058 527 3127 μὴ
562 3059 702 3130 ημῖν,
739 3045 857 3113 αλλὰ
892 3068 959 3132 τῷ
989 3060 1239 3148 θελήματι
1262 3068 1349 3114 τοῦ
1392 3065 1533 3114 Θεοῦ.
1610 3062 1777 3124 Οὕτως
1821 3060 1912 3152 γὰρ
1946 3065 2075 3116 ἔσται
2110 3062 2195 3116 αὗ-

249 3139 350 3192 τοῑς
397 3131 652 3226 ἔγκαρπος3
667 3131 749 3182 καὶ
785 3133 935 3182 τελεία
970 3153 1000 3197 η
1037 3130 1159 3199 πρὸς
1193 3129 1278 3183 τὸν
1319 3129 1446 3184 Θεὸν
1481 3132 1562 3183 καὶ
1598 3130 1713 3193 τοὺς
1763 3130 1932 3223 ἆγίους
1976 3131 2076 3200 μετ’
2129 3135 2196 3186 οἰ-

249 3206 459 3268 κτιρμῶν
494 3201 667 3266 μνεία3.
729 3198 1068 3267 Ἀναλάβωμεν
1101 3203 1351 3264 παιδείαν,
1387 3200 1467 3265 ἐφ’
1509 3203 1539 3272 ᾑ
1577 3199 1739 3263 ουδεὶς
1785 3205 1970 3267 οφείλει
2021 3201 2196 3271 ἀγανα-

317 3340 435 3404 pap.
475 3341 567 3379 LIV.
598 3339 681 3407 ml)
722 3339 852 3380 Locus
893 3340 1082 3379 1Uecitatu1
1131 3353 1192 3392 ap.
1341 3342 1382 3392 2)
1414 3341 1492 3381 Cfr.
1524 3342 1633 3381 Rom.
1671 3342 1744 3390 16,
1776 3342 1814 3381 4.
1844 3341 2017 3395 Philipp.
2048 3343 2092 3393 2,
2126 3343 2193 3384 30.

252 3395 644 3500 Ep¹¹32¹3‘13¹s³⁰33‚²‘1’
667 3395 704 3436 ⁶·
1249 3397 1406 3492 ...ἐξ
1420 3392 1748 3492 ²¹²1fffi‘30‘3’0353‘5
1773 3397 1944 3494 υὲἷᾶἓῗ
1962 3398 2194 3500 ..553232-3'252

338 3506 432 3557 Cap.
474 3507 548 3546 IV.
612 3506 650 3557 1)
692 3507 777 3546 Huc
814 3506 1046 3555 referenda,
1093 3519 1192 3558 quae
1248 3509 1432 3547 redimere
1472 3506 1622 3556 (Herm.
1655 3508 1759 3548 Past.
1790 3509 1918 3549 Mand.
1954 3511 2030 3560 8.,)
2071 3523 2093 3550 a
2131 3510 2193 3550 Ia-

253 3575 316 3612 ap.
354 3561 564 3611 Origenem
612 3561 687 3612 leg.
733 3562 772 3601 in
822 3562 1191 3601 Ev.1oan.'rom.
1251 3563 1429 3602 eobsono
1462 3563 1634 3612 citatum,
1666 3563 1744 3603 huc
1772 3577 1851 3604 non
1886 3571 2053 3617 spectat.

251 3617 311 3665 VI,
328 3617 394 3656 36
428 3617 538 3656 Tom.
559 3618 586 3657 Ι.
618 3617 659 3657 Ρ.
690 3617 717 3656 I.
746 3629 786 3669 p.
804 3616 906 3667 2623
937 3623 974 3656 et
1005 3617 1057 3656 ib.
1081 3617 1191 3657 Tom.
1331 3619 1375 3670 4)
1406 3619 1554 3658 Eadem
1586 3618 1761 3660 elocutio
1782 3632 1844 3671 ap.
1865 3620 2030 3661 Paulum
2055 3621 2192 3673 Apost.

248 3671 408 3721 XXVIII,
446 3673 507 3712 14.
539 3684 578 3724 p.
609 3672 702 3713 355
734 3673 795 3713 ed.
825 3672 1112 3713 Lommatzsch.
1248 3673 1385 3715 ICor.
1422 3675 1483 3723 13,
1517 3674 1554 3714 3.
