2340 3900
673 900 889 972 ΤΟΥ
939 900 1250 972 ΑΓΙΟῩ
1302 895 1793 969 ΙΓΝΑΤΙΟῩ

973 1065 1018 1116 E
1030 1066 1079 1115 Π
1090 1065 1116 1117 1
1129 1069 1174 1118 Σ
1193 1067 1238 1118 Τ
1253 1063 1303 1116 O
1319 1068 1362 1118 Λ
1377 1064 1420 1113 A
1431 1063 1469 1114 I.
1484 1062 1499 1093 1

804 1340 971 1384 ΠΡΟΣ
1003 1340 1329 1383 ΕΦΕΣΙΟΥΣ
1360 1335 1686 1380 ΙΓΝΔἹῚΟΣ.2

706 1447 720 1466 ‹·

398 1444 634 1518 Ἰγνάτιος
649 1491 662 1513 ,
700 1471 725 1500 ο

763 1453 843 1502 καὶ
886 1451 1170 1520 ΘεοφόροςΒ,
1207 1457 1264 1522 τῇ
1305 1447 1681 1533 εὐλογημένῃὶἔν
1717 1443 1928 1530 μεγέθει*1
1969 1445 2095 1494 Θεοῦ
2130 1462 2219 1492 πα-

481 1516 591 1586 τρὸς
637 1519 960 1587 πληρώματι5,
1022 1528 1079 1593 τῇ
1128 1520 1482 1590 προωρισμένῃ6
1531 1538 1623 1585 προ
1678 1517 1895 1576 αι’ωυων,
1945 1508 2086 1564 εἷναιῗ
2138 1507 2220 1562 διὰ

481 1585 661 1648 παντὸς
707 1591 775 1650 εἰς
818 1589 964 1653 δόξαν
1013 1591 1321 1657 παράμονον,
1370 1587 1627 1656 ἄτρεπτον,
1674 1583 1945 1652 ἦνωμένηνῦ
1979 1581 2062 1633 καὶ
2097 1580 2221 1632 {xte—
2304 1630 2306 1634 .

481 1658 709 1725 λεγμένην
766 1659 818 1710 ἐν
863 1659 1016 1711 πάθει
1064 1658 1315 1729 ἀληθινῷ,
1374 1659 1424 1709 ἐν
1479 1655 1716 1721 θελήματι
1766 1659 1850 1705 τοῦ
1902 1648 2083 1719 πατρὸς
2139 1649 2222 1726 καὶ
2295 1657 2300 1662 ”

477 1723 638 1791 Ἰησοῦ
678 1732 914 1794 Χριστοῦ,
963 1735 1048 1780 τοῦ
1090 1732 1214 1780 Θεοῦ
1261 1726 1423 1794 ἡμῶν,
1469 1732 1526 1797 τῇ
1563 1726 1788 1794 ἐκκλησίᾳ
1822 1727 1879 1794 τῇ
1915 1718 2223 1787 ἆξιομακαρί-

483 1813 604 1865 στῳ,
641 1802 698 1866 τῇ
735 1795 855 1868 οὔσῃ
904 1799 955 1849 ἐν
983 1796 1177 1868 Ἐφέσῳ
1229 1804 1314 1863 τῆς
1343 1795 1558 1858 Ἀσίας9,
1596 1801 1789 1846 πλεῖστα
1826 1793 1877 1843 ἐν
1905 1789 2067 1857 Ἰησοῦ
2107 1793 2220 1857 Χρι-

483 1869 579 1933 στῷ
615 1867 697 1916 καὶ
733 1867 788 1917 ἐν
825 1866 1005 1938 ἀμώμῳ
1037 1866 1226 1936 χάριτι10
1261 1868 1453 1933 χαίρειν.

366 2085 408 2130 1]
442 2085 615 2125 Titulum
647 2086 768 2125 debes
800 2086 938 2126 Codici
961 2087 1226 2127 Laurentiano

298 2142 507 2190 Mediceo)‚
539 2142 606 2193 qui
636 2142 794 2193 quidem
824 2137 864 2181 α’
889 2145 969 2184 τοῦ
990 2140 1124 2196 ἁγίου
1157 2144 1229 2197 ἰγ-

280 2199 442 2239 νατίου
473 2196 714 2238 ἐπιστολαὶ
731 2200 1004 2254 σμυρναίοις
1023 2199 1063 2238 in
1097 2199 1227 2238 fronte

282 2254 357 2292 sert
386 2260 584 2304 notatum;
617 2255 698 2294 τοῦ
716 2251 849 2308 ἁγίου
874 2253 1104 2322 Ἰγνατίου
1126 2253 1227 2294 ἔπι-

282 2303 460 2349 σκόπου
480 2311 774 2365 σμυρναιόις;
798 2332 855 2337 ——
878 2325 905 2350 α
939 2310 1147 2361 inscriptio
1169 2316 1229 2349 est

283 2363 380 2403 Cod.
400 2363 690 2404 Casanatensis.
741 2365 910 2404 Titulum
930 2366 1033 2405 enim
1055 2366 1095 2404 in
1114 2371 1228 2404 utro-

284 2432 359 2470 que
391 2420 460 2459 Ms.
500 2420 643 2470 excipit
671 2421 852 2471 Epistola
883 2422 933 2460 ad
975 2422 1227 2472 Smyrnaeos.

283 2474 375 2513 Tria
404 2481 507 2524 sunt,
539 2488 638 2526 quae
669 2477 807 2526 Ignatii
837 2476 1066 2528 Epistolae,
1097 2477 1131 2515 si
1162 2489 1228 2515 ex-

284 2530 408 2581 cipias
445 2531 555 2569 illam
593 2531 641 2569 ad
675 2532 874 2571 Romanos
918 2533 1067 2581 datam,
1110 2545 1228 2582 prae—

285 2586 399 2637 cipue
429 2592 622 2637 spectant.
671 2587 826 2627 Idcirco
866 2587 1015 2626 bellum
1050 2588 1229 2626 indicunt

283 2643 381 2686 τοῖς
419 2642 741 2694 σαββατίζουσι
772 2659 823 2677 =
859 2643 1149 2682 Iudaizantibus
1187 2643 1227 2682 in

284 2697 430 2737 Christi
461 2697 684 2747 evaugelio,
715 2698 986 2738 monarchiam
1015 2699 1228 2749 episcopa-

285 2753 362 2792 lem
393 2753 688 2802 commendant,
726 2755 817 2805 quia
846 2755 886 2793 in
919 2754 1135 2794 concordia
1167 2760 1227 2793 at-

286 2821 361 2860 que
406 2809 552 2848 unione
596 2821 683 2848 cum
735 2810 927 2849 ecclesiae
974 2810 1226 2861 praesidibus

283 2865 397 2904 unice
432 2865 540 2904 salus
570 2864 639 2913 sit,
682 2865 788 2905 unde
828 2878 1006 2917 quoque,
1049 2865 1228 2917 quicum-

286 2933 361 2972 que
394 2919 593 2972 αἱρέσεις
623 2919 768 2960 Christi
809 2921 917 2972 gregi
957 2921 1104 2960 inferre
1140 2927 1227 2961 ten-

284 2982 380 3026 tent,
410 2976 616 3016 reiiciendi
646 2976 724 3016 sint
755 2989 903 3017 omnes.

371 3045 415 3097 2)
448 3047 503 3085 lta
541 3045 716 3085 inscribo
765 3059 797 3084 c.
837 3046 864 3084 C
886 3047 915 3085 L
957 3052 995 3085 et
1030 3046 1227 3086 Holstenii

285 3101 539 3153 apographo,
580 3101 647 3140 uhi
680 3107 739 3141 est
769 3099 887 3157 πρὸς
915 3100 1128 3156 ἐφεσίους
1160 3103 1226 3155 ry-

286 3167 464 3217 νάτιοςε
485 3171 619 3210 —Ad
654 3184 762 3211 oram
783 3184 970 3211 numerus
993 3168 1062 3212 Γ’.
1102 3173 1229 3212 Etiam

290 3226 387 3266 Cod.
434 3226 566 3266 Caien.
636 3227 812 3278 Jynatius
855 3229 1047 3279 Ephesiis.
1113 3229 1232 3268 Deest

287 3294 392 3322 nom.
424 3283 744 3324 ΙΓΝΑΤΙΟΣ
776 3283 816 3322 in
855 3284 1037 3323 versione
1076 3284 1231 3323 Armen.

289 3343 328 3377 et
367 3338 460 3377 libb.
497 3338 612 3389 impr.
681 3338 776 3378 Cum
814 3339 987 3389 ignatius
1024 3340 1231 3379 Antiochia

290 3393 440 3433 vinctus
473 3394 635 3433 Romam
675 3395 982 3445 perduceretur,
1024 3396 1230 3447 Smyrnam

289 3449 469 3499 appulit,
505 3449 572 3488 ubi
604 3450 849 3501 Polycarpus
889 3451 962 3490 fuit
1003 3451 1229 3502 episcopus,

290 3504 451 3554 Ephesii
500 3517 547 3544 eo
595 3505 823 3545 Onesimum
866 3506 1100 3557 episcopum
1143 3519 1230 3546 cum

292 3559 461 3599 diacono
480 3561 647 3609 Burrho,
678 3561 822 3612 Croco,
853 3562 996 3613 Euplo,
1030 3563 1239 3602 Frontone·

292 3615 483 3656 miserunt
514 3617 563 3656 ad
587 3629 674 3656 eum
692 3617 954 3658 salutandum.
984 3618 1096 3658 Unde
1119 3618 1233 3668 lgna-—

1284 2087 1361 2127 tius
1409 2086 1662 2126 occasionem
1715 2084 1820 2135 capit
1857 2083 2031 2123 caritatis
2089 2093 2227 2122 eorum

1287 2143 1548 2183 celebrandae
1591 2142 1644 2193 (c.
1686 2141 1719 2180 1.
1756 2141 1822 2179 21.
1849 2138 1918 2191 2.).
1983 2139 2117 2178 Monet
2156 2149 2227 2177 eos

1287 2199 1443 2248 deinde,
1473 2204 1517 2237 ut
1551 2209 1686 2237 omnes
1716 2196 1815 2236 uniti
1844 2196 1888 2235 in
1918 2194 2113 2234 ecclesiae
2145 2192 2228 2232 dis-

1286 2254 1431 2305 ciplina
1470 2258 1772 2305 perseverantes
1803 2251 1996 2303 episcopo
2038 2257 2077 2290 et
2112 2260 2228 2300 pres-

1284 2310 1440 2362 byterio
1481 2309 1668 2349 obediant
1699 2309 1752 2357 (c.
1782 2306 1957 2357 3—6.)‚
1988 2310 2229 2356 caveantque

1285 2379 1305 2405 a
1329 2366 1445 2405 fatuis
1467 2372 1584 2417 atque
1612 2364 1744 2415 pravis
1767 2362 1960 2403 doctrinis
1980 2359 2230 2413 (c.7-—10.).

1286 2422 1473 2472 Sequitur
1485 2420 1689 2472 Epistolae
1705 2432 1799 2471 pars
1818 2417 2096 2466 admonitoria,
2128 2428 2229 2468 quae

1283 2476 1323 2515 in
1377 2477 1619 2528 singularum
1672 2487 1805 2516 rerum
1860 2487 1908 2514 eo
1965 2471 2230 2525 spectantium

1286 2532 1562 2583 disquisitione
1582 2533 1743 2572 uberius
1760 2537 1938 2571 versatur
1953 2530 2005 2580 (c.
2024 2527 2230 2578 11—20.).

1282 2610 1339 2614 ——
1371 2588 1620 2627 Prooemium
1644 2594 1681 2626 et
1698 2587 1870 2639 primum
1888 2586 2004 2626 huius
2022 2583 2229 2637 Epistolae

1286 2649 1415 2694 caput,
1448 2644 1652 2682 nonnullis
1682 2643 1793 2694 parvi
1823 2641 2012 2682 momenti
2041 2639 2229 2691 exceptis,

1286 2699 1408 2749 Syrus
1448 2699 1529 2750 (ap.
1575 2699 1765 2746 Cureton)
1807 2697 1935 2737 vertit.
1993 2697 2050 2736 Ex
2097 2709 2145 2735 eo
2193 2701 2232 2735 et

1282 2754 1466 2794 Armenio
1496 2754 1577 2805 (ap.
1608 2752 1942 2805 Petermannum)‚
1973 2764 2073 2804 quae
2103 2752 2231 2792 maio-

1283 2809 1338 2849 ris
1378 2810 1568 2861 ponderis
1610 2822 1698 2849 esse
1738 2809 1994 2858 videbantur,
2036 2807 2230 2848 lectiones

1284 2865 1482 2905 adnotavi.

1374 2949 1418 3000 3)
1451 2948 1530 2988 Cfr.
1564 2948 1817 2997 Wernsdorf‚
1851 2948 1900 2988 de
1931 2947 2084 2999 Ignatio
2119 2948 2232 2989 Θεο-

1284 3002 1430 3059 φόρῳ,
1461 3005 1501 3043 in
1533 3004 1710 3044 eiusdem
1742 3004 1929 3044 Memoria
1961 3003 2002 3044 C.
2035 3003 2232 3043 Timothei

1286 3061 1472 3110 Seidelii,
1513 3060 1678 3109 Helmst.
1724 3060 1841 3100 1758.
1879 3060 1919 3100 4.
1987 3059 2232 3099 Vocabulum

1290 3112 1525 3173 Θεοφόρος
1555 3116 1594 3155 in
1630 3116 1811 3155 omnibus
1847 3115 2028 3167 epistolis
2061 3114 2232 3165 Ignatia-

1287 3173 1348 3212 nis
1370 3174 1418 3212 ab
1442 3173 1520 3212 alio
1547 3172 1720 3223 quodam
1736 3172 1913 3211 additum
1927 3176 2048 3222 putat
2066 3171 2231 3210 Duster-

1288 3229 1414 3278 dieck,
1446 3231 1491 3268 de
1516 3229 1639 3278 Iynat.
1674 3231 1786 3279 epist.
1810 3227 2022 3266 authentia.
2056 3226 2230 3276 Gotting.

1290 3284 1409 3324 1843.
1446 3296 1486 3335 p.
1530 3284 1594 3323 89.
1646 3283 1691 3322 H.
1749 3281 2041 3322 Diisterdieckii
2086 3281 2231 3321 librum

1285 3353 1348 3380 me
1379 3352 1459 3379 non
1494 3339 1641 3379 vidisse
1675 3338 1807 3378 doleo.
1868 3336 2045 3378 Similem
2073 3337 2231 3377 laudem

1287 3395 1502 3445 suiipsius
1541 3393 1815 3433 contradicere
1853 3392 2074 3432 modestiae
2112 3398 2230 3444 atque

1287 3450 1498 3490 humilitati
1530 3450 1621 3501 (Ep.
1653 3449 1702 3488 ad
1723 3450 1848 3499 Magn.
1880 3461 1912 3488 c.
1936 3449 1998 3489 11.
2020 3448 2069 3489 12
2087 3454 2125 3488 et
2150 3448 2231 3498 14.)

1288 3506 1405 3545 facile
1431 3505 1574 3557 aliquis
1606 3504 1822 3544 crediderit
1840 3504 1962 3554 illius,
1995 3504 2061 3556 qui
2078 3503 2230 3556 pluries

1290 3561 1412 3614 (infra
1458 3574 1491 3601 c.
1525 3561 1562 3600 8.
1605 3566 1643 3600 et
1673 3559 1784 3611 alibi)
1823 3560 1927 3599 infra
1966 3573 1998 3600 c.
2030 3559 2068 3600 3.
2105 3565 2231 3599 semet

1289 3617 1418 3668 ipsum
1456 3617 1556 3656 adeo
1597 3617 1846 3672 περίψημα
1888 3616 2069 3656 affirmet.
2125 3614 2230 3654 Illud
