2340 3900
240 220 337 270 132

454 221 664 269 IGNATII
700 218 972 270 EPISTOLA
1006 218 1078 265 AD
1114 218 1397 266 EPHESIOS.
1452 219 1545 266 XII.
1580 219 1695 267 XIII.
1730 218 1840 264 XIV.
1875 217 1964 264 XV.

236 352 676 440 μεμαρτυρημένον,
714 348 1145 417 ἆξιομακαρίστου,
1182 371 1244 403 ου
1278 349 1462 421 γένοιτό
1502 372 1582 418 μοι
1618 348 1716 403 ύπὸ
1753 347 1813 401 τὰ
1846 349 1956 436 ἰ’χνη
1988 345 2200 435 εὖρεθῆ-

234 444 339 486 ναι,
377 420 450 474 ὅτ’
491 419 553 473 ἂν
596 423 724 473 Θεοῦ
761 418 1032 488 ἐπιτύχω,
1018 419 1075 483 69
1109 420 1162 473 ἐν
1195 420 1349 494 πάσῃ5
1385 422 1610 494 ἐπιστολῇ
1648 416 1938 488 μνημονεύει
1970 415 2111 486 ὖμῶν
2146 418 2200 471 ἐν

241 497 435 564 Χριστῷ
465 488 644 560 Ἰησοῦ.

669 637 783 683 ΧΙΙΙ.
856 620 1098 684 Convenite
1132 638 1320 698 saepius
1356 640 1420 684 ad
1456 639 1628 684 cultum
1669 637 1769 683 Dei·

373 726 679 790 Σπουδάζετε
725 722 816 780 οῦν
871 723 1186 814 πυκνότερον1
1234 727 1550 814 συνέρχεσθαι
1599 727 1667 787 εἰς
1719 722 2022 794 εὐχαριστίαν
2062 725 2192 776 Θεοῦ

239 794 322 846 καὶ
355 798 424 857 εἰς
460 794 646 860 δόξαν.2

701 795 883 850 ονεὈταν
920 793 1011 866 γὰρ
1046 801 1245 858 πυκνῶς
1280 797 1359 848 ἐπὶ
1391 794 1446 847 τὸ
1483 794 1599 847 αυτὸ
1634 797 1856 883 γίνεσθε,
1902 798 2202 880 καθαιροῦν-

240 886 319 916 ται
353 867 408 917 αἱ
439 865 672 934 δυνάμεις
704 873 792 920 τοῦ
829 871 1052 929 Σατανᾶ,
1087 867 1171 918 καὶ
1204 864 1363 918 λύεται
1400 864 1429 918 ὁ
1465 864 1673 950 ὄλεθρος
1718 863 1871 917 αὐτοῦ
1907 864 1959 916 ἐν
1993 869 2053 936 τῇ
2089 861 2201 931 ὅμο-

242 937 352 986 νοία
386 933 527 1004 ὑμῶν
561 943 650 1005 τῆς
684 939 901 999 πίστεως.

979 907 1137 989 Ούδέν
1173 936 1300 988 ἐστιν
1338 933 1536 1002 άμεινον
1572 933 1789 1005 εἶρηνης,
1825 935 1880 988 ἐν
1913 927 1947 1006 ᾗ
1981 939 2080 996 πᾶς
2112 932 2203 986 πό-

238 1009 381 1072 λεμος
415 1009 741 1078 καταργεῖται4
775 1008 1079 1077 ἐπουρανίων
1115 1006 1198 1059 καὶ
1235 1006 1472 1075 ἐπιγείων.

241 1150 348 1198 XIV.
424 1154 634 1201 Teneatis
655 1154 794 1214 fidem
816 1160 856 1200 el
876 1153 1160 1209 charitalem,
1189 1159 1229 1199 et
1258 1155 1470 1213 operibus
1499 1166 1581 1198 vos
1612 1151 1898 1198 Christianos
1920 1151 2202 1212 praebeatis·

370 1236 483 1294 ᾨν1
518 1240 665 1295 οὐδὲν
699 1240 938 1295 λανθάνει
972 1240 1112 1310 ὑμᾶς,
1151 1239 1237 1294 ἐὰν
1270 1243 1458 1302 τελείως
1493 1242 1561 1301 εἰς
1587 1238 1782 1308 Ἰησοῦν
1823 1245 2046 1328 Χριστον
2071 1240 2203 1327 ἔχητε

240 1332 331 1399 την
378 1314 539 1365 πίστιν
585 1313 669 1364 καὶ
701 1333 791 1380 την
827 1310 1046 1402 ἀγάπην,
1084 1332 1192 1399 ητις
1228 1312 1356 1364 ἐστὶν
1392 1309 1510 1380 ἀρχὴ
1549 1316 1673 1377 ζωῆς
1706 1311 1791 1363 καὶ
1823 1310 1970 1373 τέλος.
2031 1307 2202 1377 'Am'

242 1380 416 1502 (ἔὲν
361 1385 541 1446 πίστις,
579 1383 729 1443 τέλος3
766 1382 819 1434 δὲ
855 1381 1032 1470 ἀγάπη.

269 1453 416 1503 στίν·4

465 1449 525 1503 τὰ
579 1452 632 1504 δὲ
667 1450 784 1504 άλλα
818 1451 975 1504 πάντα
1009 1454 1077 1513 είς
1099 1450 1482 1541 καλοκάγαθίαν
1518 1448 1773 1504 ἆκόλουθά
1800 1450 1951 1505 ἔστιν.

1112 1380 1184 1434 Τὰ
1218 1382 1270 1434 δὲ
1306 1379 1427 1445 δύο,
1466 1382 1517 1433 ἐν
1530 1379 1739 1468 ἓνότητι
1760 1377 2032 1467 γενόμενα,
2073 1382 2202 1432 Θεοῦ

2027 1447 2206 1511 Οὐδεὶς

250 1522 412 1574 πίστιν
461 1520 863 1591 ἐπαγγελλόμενος
925 1519 1212 1611 ἁμαρτάνει,
1273 1520 1390 1575 οὐδε
1442 1518 1637 1609 ἀγάπην
1706 1521 1994 1589 κεκτημένος
2060 1525 2201 1587 μισεῖ.

249 1588 490 1676 Φανερὸνὸ
547 1613 601 1644 το
661 1593 862 1662 δένδρον
919 1590 1016 1644 ἀπὸ
1059 1598 1147 1644 τοῦ
1205 1598 1395 1678 καρποῦ
1443 1589 1618 1645 αὐτοῦ·
1677 1591 1831 1654 οῦτως
1877 1592 1929 1644 οἱ
1980 1591 2206 1680 ἐπαγγελ-
2258 1611 2261 1613 ’

245 1659 439 1727 λόμενοι
487 1663 772 1749 Χριστιανοὶ
823 1659 963 1726 εἶναι,
1014 1661 1078 1714 δι’
1132 1684 1202 1714 ων
1253 1661 1551 1749 πράσσουσιν
1597 1660 1923 1729 ὄφθήσονται.
1989 1658 2065 1713 Οὗ
2110 1657 2203 1782 γὰρ

242 1736 334 1782 νῦν
370 1731 670 1801 ἐπαγγελίας6
704 1730 758 1785 τὸ
795 1733 955 1802 ε’,ργον
994 1730 1099 1784 αλλ’
1139 1733 1193 1785 ἐν
1229 1730 1432 1800 δυνάμει
1463 1735 1667 1795 πίστεως
1697 1730 1784 1785 ἐάν
1816 1753 1889 1795 τις
1920 1727 2102 1803 εὑρεθῇ
2137 1731 2183 1783 εἰ
2181 1751 2206 1792 ς

244 1801 388 1862 τέλος.

327 1932 416 1978 XV.
488 1934 594 1982 Non
628 1935 861 1994 loquentes
896 1935 1073 1991 solum,
1111 1937 1193 1982 sed
1225 1942 1266 1981 et
1300 1937 1485 1982 silentes
1521 1935 1774 1982 Dominum
1802 1934 2121 1996 profiteamur.

366 2019 617 2088 ’Ἀμεινόνι
653 2023 781 2074 ἐστιν
817 2023 1029 2075 σιωπᾶνῖ
1065 2024 1149 2075 καὶ
1186 2021 1323 2089 εἶναι,
1359 2022 1419 2111 ἢ
1428 2030 1666 2076 λαλοῦντα
1700 2021 1766 2092 μὴ
1804 2019 1943 2077 εἶναι.
2011 2020 2198 2076 Καλὸν8

245 2088 300 2143 τὸ
339 2089 608 2157 διδάσκειν,
649 2090 734 2144 ἐὰν
772 2089 802 2144 ὁ
836 2093 987 2162 λέγων
1021 2099 1156 2166 ποιῇ.
1227 2090 1324 2157 Εἷς
1359 2087 1450 2147 οὖν
1487 2091 1802 2160 διδάσκαλος,
1841 2091 1898 2157 ὃς
1942 2089 2090 2159 εἶπεν,
2124 2093 2207 2147 καὶ

327 2287 370 2340 5)
401 2288 522 2329 Non
512 2303 552 2329 m
572 2302 824 2342 unaquaque,
855 2290 983 2331 sedin
1015 2304 1093 2332 una
1111 2297 1193 2333 tota

246 2344 371 2395 ipsius
403 2344 597 2397 Epistola.

331 2427 425 2477 Cap.
457 2429 552 2468 XIII.
608 2428 649 2482 1)
680 2429 759 2470 Csr.
779 2430 829 2470 ad
858 2430 995 2482 Polyc.
1015 2444 1048 2471 c.
1058 2431 1097 2481 4,
1126 2432 1193 2471 ubi

245 2481 533 2547 πυκνότερον
563 2485 788 2525 Pearsonus
832 2486 880 2526 de
922 2487 1112 2527 consertis
1157 2495 1194 2528 et

246 2539 403 2590 plenis,
445 2552 525 2579 non
557 2540 605 2579 de
652 2541 803 2580 crebris
833 2543 1094 2582 conventibus
1128 2556 1195 2583 ex-

243 2595 370 2646 ponit.
416 2596 523 2642 Quae
543 2596 703 2648 quidem
733 2597 927 2648 expositio
955 2611 1039 2638 rem
1068 2599 1195 2650 ipsam

244 2663 328 2690 non
366 2658 504 2691 mutat.
564 2652 608 2691 In
638 2653 710 2703 Ep.
743 2652 864 2694 Clem.
898 2654 1008 2694 Rom.
1053 2655 1103 2694 ad
1133 2656 1196 2694 Ia·-

246 2707 390 2746 cobum
421 2720 454 2747 c.
489 2708 554 2750 17.
584 2720 624 2759 p.
657 2709 722 2748 22.
754 2708 816 2748 ed.
846 2710 1004 2749 Dressel
1046 2707 1099 2751 οὑ
1131 2711 1196 2751 ει-

241 2774 374 2805 νεκεν
392 2764 639 2820 πειρᾶσθε,
656 2760 776 2804 κατὰ
797 2759 956 2812 πάσας
970 2761 1198 2813 συνόδους

246 2815 482 2882 ἔρχεσθαι.
523 2819 782 2859 Amanuensis
805 2819 903 2861 Cod.
923 2821 964 2860 C.
997 2835 1091 2862 orae
1122 2823 1194 2862 ad-

245 2875 429 2926 scripsit:
484 2875 593 2932 περὶ
639 2877 720 2928 τῆς
763 2874 1075 2931 εὐχαριστίας.
1139 2879 1194 2918 Ac

242 2930 339 2970 mihi
370 2930 531 2983 quidem
559 2931 632 2971 sub
658 2931 800 2983 eapitis
827 2933 946 2973 finem
979 2933 1026 2973 de
1049 2934 1193 2986 Agapis

246 2999 406 3038 quoque
435 2999 568 3038 sermo
601 3000 688 3028 esse
717 2988 885 3028 videtur.

332 3042 377 3094 2)
405 3032 711 3094 Intelligendum
752 3044 924 3084 fortasse
976 3044 1023 3084 de
1069 3044 1193 3095 glori-

247 3098 406 3138 ficando
451 3099 536 3139 Deo
581 3099 797 3150 gratiarum
844 3100 1000 3140 actione
1043 3107 1082 3141 et
1120 3101 1193 3154 hy-

244 3154 348 3194 mnis
381 3154 571 3195 canendis
601 3154 694 3208 (cfr.
725 3167 846 3207 supra
881 3169 914 3196 c.
943 3157 981 3196 4.
1039 3157 1112 3208 Ep.
1143 3157 1194 3197 ad

246 3211 404 3262 Smyrn.
451 3223 486 3250 c.
519 3212 570 3261 7,
610 3211 661 3251 ad
692 3211 828 3263 Polyc.
869 3225 901 3252 c.
932 3211 1004 3265 4.).
1070 3213 1193 3264 Magis

245 3272 379 3306 tamen
407 3266 540 3319 placet
567 3266 702 3307 Rothii
740 3268 969 3308 coniectura
1007 3268 1075 3315 εἰς
1114 3266 1195 3309 δο-

241 3320 346 3376 χὴν,
382 3335 483 3374 quae
512 3334 588 3363 vox
617 3335 680 3375 ap.
711 3323 811 3364 LXX
833 3324 1075 3376 interpretes
1103 3337 1194 3364 sae-

244 3378 335 3430 pius
367 3384 428 3418 est
458 3379 692 3420 convivium.
848 3400 855 3408 ·

333 3433 379 3486 3)
408 3430 526 3478 ὅταν
555 3434 598 3486 C,
628 3431 702 3477 ὅτ’
736 3430 840 3478 ἄνΙι
873 3436 987 3476 Voss.
1018 3442 1057 3475 et
1085 3436 1191 3488 rqu.

247 3488 357 3529 editt.

333 3545 379 3598 4)
408 3548 685 3604 καταργεῖτε
714 3546 758 3597 C,
786 3546 828 3586 in
858 3559 981 3599 marg.
1013 3561 1104 3588 ται.

327 3627 422 3679 Cap.
462 3629 555 3669 XIV.
621 3628 661 3678 1)
689 3630 750 3670 Nil
795 3630 874 3671 nisi
915 3631 1005 3671 finis
1050 3630 1191 3683 capitis

1252 2287 1355 2331 ἀλλ
1390 2286 1442 2334 ἐν
1470 2285 1667 2348 δυνάμει
1697 2291 1904 2340 πίστεως
1933 2288 2104 2352 εὑρεθῇ
2135 2306 2207 2341 τις

1252 2343 1311 2390 αν
1341 2347 1407 2394 εἰς
1438 2347 1583 2398 τέλος)
1614 2359 1677 2400 ap.
1714 2348 1870 2400 Sy.rum

1341 2404 1384 2456 2)
1417 2403 1496 2444 Csr.
1526 2404 1640 2444 Rom.
1673 2404 1708 2454 1,
1743 2405 1807 2445 17.

1336 2460 1380 2511 3)
1412 2460 1492 2500 Csr.
1523 2460 1538 2499 Ι
1570 2460 1669 2501 Tim.
1707 2461 1740 2510 1,
1772 2461 1810 2501 5.

1337 2517 1381 2568 4)
1413 2515 1618 2556 Graziani:
1683 2517 1828 2565 Queste
1871 2517 1947 2558 due
1990 2530 2085 2558 cose
2135 2518 2202 2570 poi

1253 2569 1419 2612 insieme
1456 2572 1565 2612 unite
1607 2585 1709 2612 sono
1744 2586 1870 2639 opera
1914 2573 1955 2615 di
1992 2574 2082 2616 Dio.
2121 2575 2204 2616 Vet.

1251 2626 1325 2667 Int.
1356 2634 1394 2667 et
1424 2629 1527 2668 Arm.
1562 2628 1637 2678 leg.
1667 2623 1782 2675 θεός
1810 2627 1965 2682 ἐστιν,
1997 2630 2202 2684 quomodo

1252 2683 1488 2723 Damasceni
1519 2684 1716 2735 Excerpta
1756 2685 1805 2725 de
1851 2686 1930 2726 fide
1971 2699 2017 2727 ac
2055 2687 2204 2739 pietate

1252 2737 1292 2777 in
1325 2739 1463 2788 Deum,
1493 2739 1561 2778 ubi
1591 2745 1716 2780 totum
1748 2747 1868 2792 caput
1894 2741 2098 2783 recitatur.

1337 2793 1381 2846 5)
1411 2795 1546 2834 Matth.
1587 2794 1659 2845 12,
1699 2795 1766 2836 33.
1834 2797 1878 2837 In
1923 2796 1951 2838 C
1992 2798 2043 2838 ad
2091 2810 2201 2840 oram

1250 2861 1354 2889 man.
1386 2862 1467 2891 sec.
1498 2825 1711 2902 manisefsta
1741 2853 1858 2893 arbor
1887 2867 1916 2893 a
1941 2856 2083 2906 fructu.

1335 2905 1379 2957 6)
1409 2906 1658 2946 Praecedens
1687 2909 1773 2950 νῦν
1802 2909 1890 2961 Syr.
1925 2916 1962 2950 et
1986 2910 2091 2951 Arm.
2121 2923 2202 2952 non

1252 2968 1489 3013 agnoscunt.
1557 2963 1676 3003 Recte
1729 2963 1994 3006 Gallicciolli:
2050 2967 2201 3007 Perche

1250 3018 1277 3057 il
1309 3024 1411 3058 tutto
1444 3031 1525 3058 non
1555 3019 1729 3060 consiste
1766 3021 1870 3062 mica
1906 3021 2014 3063 nella
2041 3024 2203 3075 prores-

1251 3074 1378 3124 sione,
1410 3087 1473 3114 ma
1500 3074 1606 3115 nella
1639 3075 1739 3116 virt&
1771 3077 1877 3118 della
1907 3079 2014 3129 fede,
2044 3091 2090 3121 se
2119 3091 2200 3120 uno

1249 3130 1286 3170 vi
1333 3131 1537 3182 perseveri
1588 3131 1677 3172 sino
1717 3133 1796 3174 atla
1836 3109 2199 3178 fine.(’:rr.1ac.

1249 3186 1288 3236 2,
1321 3187 1388 3227 20.
1418 3187 1486 3229 26.
1518 3187 1604 3228 Gal.
1636 3189 1674 3239 5,
1705 3190 1744 3230 5.

1338 3297 1433 3350 Cap.
1463 3300 1539 3341 XV.
1605 3299 1647 3366 1)
1677 3301 1802 3351 Syrus
1830 3299 1947 3341 huius
1987 3312 2075 3353 cap.
2104 3314 2199 3343 sen-

1249 3354 1411 3394 tentiam
1449 3349 1662 3423 Ἄμεινόν
1710 3354 1841 3398 ἔστιν
1886 3358 2075 3400 σιωπᾶν
2121 3358 2200 3399 καὶ

1250 3406 1375 3451 εἶναί
1381 3409 1503 3475 (τι)
1530 3407 1560 3463 ἢ
1589 3411 1819 3453 λαλοῦντα
1845 3409 1912 3469 μὴ
1943 3410 2088 3466 εἶναι,
2120 3414 2199 3481 ἵνα

1251 3461 1319 3504 δι’
1362 3462 1429 3508 ὠν
1472 3467 1607 3508 λαλεῖ
1640 3462 1852 3531 πράσση,
1901 3468 1979 3509 καὶ
2015 3446 2095 3510 δι’
2132 3483 2200 3512 ων

1251 3522 1362 3574 σιγᾷ
1395 3517 1684 3575 γινώσκηται
1722 3523 2018 3575 interpretatur.
2082 3525 2198 3576 Legit

1248 3576 1352 3617 sicut
1391 3577 1598 3618 Armenius
1642 3578 1720 3619 καὶ
1769 3577 1894 3623 εἷναί
1939 3594 1985 3622 τι
2027 3592 2068 3633 p.
2119 3581 2197 3622 καὶ

1249 3629 1381 3675 εἶναι.
1438 3633 1483 3672 In
1524 3645 1626 3675 vers.
1656 3635 1745 3686 Syr.
1781 3636 1990 3690 sequentia
2036 3636 2196 3679 deside-

255 3682 316 3723 14.
358 3681 478 3739 (Οὐχ
516 3681 591 3726 ὅτι
637 3684 892 3742 ἐπαγγελία
939 3686 993 3730 τὸ
1042 3685 1190 3745 ἔργον,
1245 3694 1385 3729 rantur
1411 3701 1539 3743 usque
1574 3690 1624 3731 ad
1655 3703 1689 3731 c.
1722 3691 1786 3734 18.

2293 728 2308 787 i
