2340 3900
217 164 316 214 656

672 293 706 340 ζ.

221 379 271 420 τὸ
306 378 431 429 ζῆλος
464 376 554 416 156.
601 372 681 415 διὰ
715 374 841 426 ζῆλος
872 375 937 416 50.
969 373 1066 426 (bis)
1100 373 1167 413 52.

275 431 355 473 διὰ
387 432 516 482 ζῆλον
545 432 599 471 50
645 431 711 471 52.
743 430 854 482 (ter.)

221 485 417 542 ζηλωτὴς
457 485 623 543 ἀρετῆς
664 486 758 526 350.
815 483 1013 539 ζηλωτὴς
1061 482 1168 539 περὶ

275 543 328 585 τὸ
358 540 500 584 καλὸν
535 542 630 583 384.

221 601 371 653 ζηλοΐν
400 599 493 639 322.
527 604 609 638 not.
639 598 677 638 4.

217 654 337 697 κατὰ
366 649 624 710 ἄνθρωπον
657 653 734 705 ζῆν
766 654 857 694 154.
901 652 996 694 228.
1050 648 1170 692 κατὰ

274 705 559 766 ἀνθρώπους
594 709 669 761 ζῆν
704 710 794 750 172.
825 709 921 749 346.
941 708 1037 749 362.
1050 705 1170 748 κατὰ

273 764 389 808 θεὸν
430 766 506 817 ζῆν
549 765 644 806 326.
695 762 812 805 κατὰ
838 762 1020 817 Ἰησοῦν
1050 766 1170 818 Χρι-

274 820 388 864 στὸν
417 821 510 862 228.
562 817 682 860 κατὰ
710 817 905 877 γνώμην
945 821 1060 860 θεοῦ
1093 820 1170 870 ζῆν

272 879 369 919 362.
412 873 531 917 κατὰ
564 872 715 931 σάρκα
737 877 814 928 ζῆν
833 876 930 917 328.
976 873 1028 916 τὸ
1061 872 1170 927 ἀλη-

274 931 414 975 θινὸν
444 933 521 983 ζῆν
559 932 650 973 160.

217 990 261 1030 οἱ
284 987 376 1030 ὑπὸ
406 985 541 1042 ζυγὸν
566 984 847 1042 τῆςχάριτος
866 983 1087 1032 ἐλθόντες
1100 986 1168 1026 64.

220 1043 335 1102 ζύμη
367 1039 562 1099 χάριτος
609 1045 703 1086 250.
737 1038 851 1099 ζύμη
893 1037 1033 1095 κακή,
1078 1055 1171 1081 πα-

274 1103 555 1150 λαιωθεῐσα,
609 1101 842 1152 σεσηπυῖα
901 1096 1172 1149 (ἐνοξίσασα

279 1156 393 1208 148.)
427 1157 525 1197 250.
562 1155 651 1195 148.
698 1155 780 1196 νέα
817 1150 933 1212 ζύμη
974 1150 1002 1194 ὅ
1043 1151 1173 1194 ἔστιν

272 1212 384 1266 Ἰησ.
418 1214 506 1267 Χρ.
545 1211 631 1252 148.

221 1267 348 1324 ὕδωρ
381 1268 470 1318 ζῶν
504 1268 594 1309 170.

224 1326 465 1375 ζωοποιεῖν
501 1324 560 1365 14.
592 1322 660 1364 28.
690 1323 760 1363 30.
802 1328 840 1362 et
883 1333 1019 1373 saepe.
1065 1321 1171 1369 ζωο-

278 1382 524 1477 ἒπῧτὲἐεῐσθαι
566 1379 627 1420 12.
687 1379 940 1427 ζωοποιοῦν
985 1377 1173 1433 πνεῦμα

678 1545 718 1582 η.

219 1629 394 1686 μείζων
422 1622 450 1680 ἢ
479 1625 651 1673 ἐκεῖνος
682 1627 750 1667 30.

221 1683 341 1741 ἤπερ
377 1684 467 1725 126.

216 1738 346 1794 ἥκειν
373 1737 424 1781 ἐν
457 1739 693 1795 προσευχῇ
724 1738 794 1778 42.

679 1850 726 1887 θ.

224 1939 560 2000 θανατηφόρος
600 1944 691 1984 160.

224 2002 428 2056 θέατρον
466 2000 693 2054 γενέσθαι
724 2002 789 2055 τῷ
822 1995 986 2056 κόσμῳ
1016 1999 1112 2040 356.

223 2055 454 2109 θελήσατε
485 2055 562 2097 ἵνα
582 2055 661 2095 καὶ
682 2054 817 2113 ὑμεῖς
837 2057 1069 2108 θεληθῆτε
1087 2055 1178 2097 172.

226 2112 278 2153 τὸ
308 2113 437 2168 θέμα
467 2112 563 2152 200.

225 2167 249 2207 ὀ
297 2167 377 2209 ἐπὶ
419 2164 614 2210 πάντων
658 2165 772 2214 θεὸς
814 2167 910 2208 258.
954 2167 1049 2208 268.
1096 2165 1179 2208 τὸν

904 157 1068 205 INDEX
1108 154 1482 203 GRAECITATIS.

1186 282 1436 356 ’ἱερωσύνη
1468 284 1520 326 τὸ
1550 282 1744 328 πάντων
1773 282 1972 339 ἀγαθῶν
1999 278 2050 323 ἐν
2079 279 2159 322 ἀνα

1266 339 1481 397 θρώποις
1515 339 1795 395 ἀναβεβηκός
1825 339 1923 380 298.

1211 395 1323 444 θεὸς
1348 395 1525 450 Ἰησοῦς
1555 395 1763 455 Χριστὸς
1797 396 1888 437 158.

1211 454 1443 507 ἰλλιγγιᾶν
1474 455 1565 495 270.

1213 510 1290 551 ἵνα
1321 508 1400 549 δεῖ.
1425 509 1486 551 16.
1518 515 1602 549 not.
1635 509 1703 549 38.
1751 507 1828 549 ἵνα
1867 502 2034 546 ἄδεται
2070 503 2162 543 124.

1267 571 1338 604 not
1380 564 1417 605 3.
1466 564 1543 606 ἵνα
1583 556 1639 616 ἦν
1668 565 1764 603 374.
1814 562 1890 604 ἵνα
1934 553 2167 612 ἐκπλαγή-

1270 630 1432 662 σονται.
1475 621 1534 661 16.
1586 620 1710 660 θέλω
1755 618 1831 660 ἵνα
1863 617 1959 657 342.
2014 614 2168 655 θέλων

1269 676 1346 717 ἵνα
1375 674 1602 732 εὐλογηθῇ
1625 675 1691 716 30.
1738 671 1830 716 ἔδει
1864 672 1942 714 ἵνα
1974 665 2108 725 πάθη
2126 668 2165 709 8.

1214 727 1523 772 ἰνδάλλεσθαι.
1553 732 1620 771 70.

1214 784 1492 843 tonsa-eque».-
1525 788 1619 828 146.
1657 786 1747 827 148.
1782 784 1872 825 178.

1214 839 1467 890 ἰουδαΐζειν
1498 843 1588 883 148.

1214 895 1294 938 ἶσα
1324 898 1399 937 καὶ
1429 899 1558 944 θεοῖς
1588 897 1734 953 τιμᾶν
1765 895 1860 935 350.

1214 950 1412 1020 ilg‘iddca
1447 954 1512 993 22.

1215 1023 1268 1050 ου
1301 1004 1485 1104 γενρὲἒό
1509 1022 1589 1064 μοι
1623 1003 1714 1048 ὑπὸ
1751 1002 1808 1046 τὰ
1840 1005 1942 1058 ἴχνη
1975 1001 2168 1058 εὑρεθῆ·-

1271 1077 1350 1106 ναι
1466 1094 1474 1102 .

1678 1185 1716 1214 κ.

1217 1281 1345 1327 καθά
1377 1298 1468 1325 που
1499 1285 1596 1325 219.

1215 1339 1241 1396 ἡ
1277 1337 1500 1393 καθολικὴ
1530 1338 1760 1391 ἐκκλησία,
1786 1337 1877 1379 192.
1906 1334 2005 1376 404.

1217 1395 1441 1495 καζιῖὲὺμὶιξξ
1468 1394 1521 1438 δὲ
1555 1397 1630 1490 1ὶ42
1684 1394 1761 1462 καὶ
1793 1389 1906 1489 rob}
1926 1385 2172 1487 ngfflggoec

1217 1508 1240 1550 ὁ
1272 1463 1732 1605 οἷὲκὲνός.ἄῖθριςιινειῖιὲ
1755 1452 1934 1556 ῧξίὲξῦῖ
1962 1471 2172 1559 Χριστός

1219 1620 1496 1673 καθαιρεῖτο
1525 1617 1621 1658 336.

1219 1675 1440 1731 καθαιρεῖ
1452 1687 1502 1726 ης
1530 1674 1659 1714 θεῶν
1690 1671 1784 1713 398.

1220 1731 1540 1783 κακεντρεχεΐς
1568 1729 1663 1768 308.

1219 1781 1494 1837 κακόβουλος
1523 1784 1620 1824 244.

1220 1838 1524 1895 κακοδαίμων
1554 1839 1649 1880 210.

1220 1892 1643 1992 καῗῗδιὲμὲῐκαλεῖν
1687 1893 1778 1934 114.
1828 1886 2175 1932 κακοὸιδασκα·

1293 1982 1302 1992 .
1327 1965 1358 1991 α
1421 1963 1431 1990 ι
1475 1982 1482 1991 .

1221 2008 1518 2060 κακοτεχνίαι.
1550 2005 1646 2046 202.
1676 2004 1773 2046 304.

1221 2062 1416 2116 καλλονὴ
1458 2062 1523 2103 80.
1565 2061 1634 2101 94.
1700 2057 1752 2100 τὸ
1802 2056 2053 2116 μεγαλεῖον
2096 2056 2176 2108 τῆς

1278 2118 1499 2170 καλλονῆς
1532 2116 1674 2159 αὑτοῦ
1705 2117 1772 2158 94.

1222 2172 1547 2228 καλοκάγαθία
1582 2172 1672 2213 132.

281 2222 399 2266 θεὸν
436 2222 520 2265 Τὸν
558 2221 636 2263 3⁷¹2
685 2219 880 2265 πάνΐων
931 2222 1054 2275 (adde
1102 2223 1179 2263 καὶ
1222 2226 1503 2283 καπηλεύειν
1536 2227 1619 2270 τὸν
1647 2224 1787 2282 λόγον
1819 2227 1916 2268 250.
1975 2221 2058 2266 τὸν
2099 2218 2177 2263 λό-

284 2277 410 2332 τόνῖ)
440 2275 602 2346 κύριον
620 2276 756 2349 ἡμῶν
770 2277 952 2331 Ἰησοῦν
967 2276 1181 2336 Χριστὸν

284 2336 379 2376 370.
430 2350 455 2375 ο
487 2336 602 2376 θεοῦ
635 2333 763 2382 ἄξιος
792 2335 870 2375 καὶ
914 2332 1049 2391 ὑμῶν
1083 2336 1177 2377 120.

285 2389 343 2432 τὰ
372 2389 637 2446 παθήματα
667 2392 748 2431 τοῦ
777 2393 893 2432 θεοῦ
926 2392 994 2432 48.

1278 2299 1363 2342 γον
1393 2286 1475 2327 τοῦ
1504 2282 1774 2339 εὐαγγελίου
1803 2283 1902 2323 230.

1224 2345 1432 2400 καροῦχα
1460 2341 1557 2382 396.

1226 2398 1546 2453 καοποφορεΐν
1568 2397 1636 2443 εἰς
1647 2394 1830 2449 Ἰησοῦν
1851 2389 2065 2448 Χριστὸν
2085 2390 2180 2431 377.

228 2442 487 2503 θεοὸρόμοι,
524 2447 614 2488 176.
650 2447 744 2488 276.
790 2443 1056 2504 θεοὸρόμος
1085 2448 1182 2492 204.
1228 2443 1303 2502 εἰς’
1329 2451 1380 2494 τὸ
1417 2452 1684 2520 εὐαγγέλιομν
1725 2449 2054 2505 καταγγέλλειν
2088 2445 2179 2488 178.

229 2499 348 2543 mod*
352 2501 402 2542 td*
406 2515 486 2541 ακτ
493 2515 535 2541 οι
565 2504 617 2542 44
625 2534 633 2543 .

1228 2522 1450 2565 κατακερτ
1460 2523 1516 2563 ομ
1525 2510 1595 2550 εἴν
1623 2508 1646 2547 3
1659 2521 1668 2547 ι
1681 2509 1719 2551 2,

232 2571 269 2597 τ.
301 2559 679 2613 θεομακαρίστου
717 2557 896 2613 (-ρίτου
929 2555 1041 2606 186.)
1093 2551 1184 2596 πά-
1228 2562 1485 2606 maagal&
1515 2564 1611 2603 378,

285 2616 402 2659 θους
433 2614 528 2655 290.
555 2613 647 2653 186.
692 2606 1186 2668 θεομακαριστότατος
1229 2614 1479 2660 „stramem
1507 2617 1591 2670 τὴν
1622 2613 1738 2668 ζωὴν
1769 2616 1864 2656 356,

234 2721 462 2782 θεομάχοι
495 2720 590 2764 238.

232 2779 645 2836 θεοπρεπέστατος
681 2778 774 2820 194.
792 2778 901 2819 496.

233 2831 584 2893 θεοπρεσβὺτης
618 2835 711 2879 194.
742 2835 837 2875 298.

234 2893 491 2946 θεοστυγία
521 2892 588 2933 80.

233 2950 517 3004 θεοτίμητος
546 2947 641 2987 314.

1228 2673 1252 2716 ὁ
1285 2674 1571 2730 καταμανεὶς
1601 2674 1681 2724 τῆς
1710 2666 1964 2726 ἱερωσύνης
1997 2668 2090 2708 298.

1229 2732 1518 2781 καταντῆσαι
1563 2726 1647 2774 ἕως
1685 2721 1897 2768 θανάτου
1942 2725 2039 2766 377.

1289 2788 1516 2842 πέπειρον
1543 2784 1751 2835 καταντᾷ
1784 2783 1852 2822 70.

1231 2836 1738 2888 καταξιοπιστεύεσθαι
1774 2836 1864 2877 158.

1230 2898 1538 2944 καταπαίζειν
1568 2891 1696 2940 τινὸς
1724 2893 1822 2933 352.

1229 2954 1604 2997 καταπονοῦντες
1635 2948 1719 2991 τὸν
1747 2942 2030 3003 θλιβόμενον
2063 2945 2130 2986 42.

2118 2721 2184 2767 εἰς

234 3001 258 3044 ὁ
290 2998 524 3059 θεοφόρος
567 3003 661 3043 118.
692 3003 788 3043 350.
835 2997 1062 3056 θεοφόροι
1096 2998 1188 3040 128.
1231 3003 1541 3054 καταπαύσας
1573 3004 1630 3047 Τὰ
1662 3000 1822 3045 ,μίν-[α
1854 3005 1920 3043 35,

236 3058 332 3101 ἀπὸ
362 3060 539 3115 Συρίας
556 3058 698 3116 μέχρι
718 3053 895 3113 Ῥώμης
910 3059 1083 3112 197194ομ
1091 3069 1149 3110 “Z
1152 3056 1189 3095 ὦ
1209 3051 1212 3059 ’
1231 3063 1630 3120 καταπέπληγμαι
1660 3059 1744 3114 τὴν
1773 3057 2030 3100 ἐπιείκειαν
2047 3053 2188 3098 αὐτοῦ

238 3116 575 3224 τὸξιὸδκαθαρὸν
618 3167 731 3224 ἀέρα
776 3168 949 3209 θολοῢν
980 3164 1188 3223 ἀκαθαρ-

296 3228 421 3272 σίαις
451 3226 546 3267 372.

238 3279 600 3339 μεγαλοπρεπὴς
629 3280 706 3321 καὶ
739 3276 924 3326 ἔνδοξος
963 3278 1191 3334 θρησκεία

699 3433 727 3460 1.

245 3515 378 3559 ἴὸατε
409 3518 506 3561 386.
533 3523 618 3558 not.
650 3517 688 3556 2.

244 3571 315 3613 ἰδὲ
350 3580 387 3612 et
422 3570 495 3614 ἴδε
528 3574 719 3612 fluctuant
749 3571 818 3614 34.
863 3575 948 3611 not.
987 3569 1050 3611 15.

1290 3121 1385 3162 276.

1234 3169 1652 3233 καταρῥητορεύειν
1683 3171 1783 3213 372.

1235 3231 1581 3283 καταστρηνιᾶν
1610 3229 1691 3268 τοῦ
1724 3224 1864 3281 λόγου
1894 3223 1989 3265 310.

1235 3283 1597 3342 κατασπάζομαι
1628 3283 1727 3324 226.

1237 3342 1536 3398 κατατολμᾶν
1566 3339 1661 3380 244.

1237 3394 1798 3496 ssssssssss‘s‘ssssffg‘ffgstssssm
1834 3447 1926 3489 150.

1238 3503 1531 3551 κατενώπιον
1559 3503 1654 3545 382.

1237 3562 1568 3618 κατολιγωρεῖν
1597 3558 1694 3600 352.
