2340 3900
590 222 925 272 MARTYRIUM
962 223 1008 272 S.
1045 226 1374 276 POLYCARPI.
1423 227 1516 277 XII.
1551 208 1663 277 XIII.
1699 227 1811 277 XIV.
2082 221 2182 278 401

213 378 300 426 que
350 364 613 426 Philippum
656 361 950 418 Asiarcham,
1000 371 1051 410 ut
1097 365 1276 414 leonem
1328 369 1552 416 adversus
1587 369 1890 431 Polycarpum
1937 370 2179 419 emitteret.

207 434 264 480 At
298 432 535 495 Philippus
570 431 619 478 id
654 430 744 477 sibi
779 430 920 478 licere
956 434 1153 493 negavit,
1191 438 1298 496 quia
1333 437 1491 484 ludum
1534 438 1801 485 bestiarium
1836 440 1925 486 iam
1960 439 2181 501 explevis-

208 509 291 549 set.
361 503 486 549 Tunc
523 500 695 563 placuit
731 499 835 558 illis,
871 515 964 547 uno
1001 516 1234 551 consensu
1259 505 1470 565 clamare,
1507 512 1558 553 ut
1581 507 1862 570 Polycarpus
1899 508 2023 555 vivus
2061 522 2181 557 com-

205 572 462 620 bureretur.
533 569 736 617 Necesse
773 570 895 616 enim
932 577 1044 628 erat,
1082 579 1134 618 ut
1157 574 1271 620 visio
1309 575 1382 621 illa
1419 577 1475 622 de
1497 577 1706 623 cervicali
1742 577 2027 639 impleretur,
2062 591 2182 640 quae

205 642 247 687 ei
285 646 468 687 ostensa
504 638 668 695 fuerat,
703 653 807 686 cum
844 640 966 686 inter
1001 641 1226 688 orandum
1263 643 1371 693 illud
1411 645 1577 691 ardens
1614 646 1805 704 videret,
1849 653 1896 694 et
1932 645 2184 695 conversus

202 709 257 756 ad
294 707 454 756 fideles
493 709 726 769 adstantes
762 709 1035 774 prophetice
1073 711 1273 758 diceret:
1309 720 1512 774 ,oportet
1547 728 1619 761 me
1658 716 1805 762 vivum
1845 713 2088 764 comburi.‘

863 834 977 882 XIII.
1050 837 1208 897 Roqus
1256 840 1527 885 eoeslruitur.

341 931 463 979 Haec
501 945 645 994 porro
694 932 830 980 citius
877 938 1065 994 peracta
1108 940 1214 980 sunt
1271 948 1406 995 quam
1468 937 1783 996 pronuntiata,
1834 944 1996 984 cuncta
2044 937 2180 1000 plebe

204 1001 445 1048 confestim
483 1015 538 1048 ex
574 1001 773 1049 officinis
810 1016 863 1048 ac
899 1002 1076 1049 balneis
1127 1002 1250 1064 ligna
1299 1011 1345 1050 et
1391 1013 1619 1053 sarmenta
1657 1012 1961 1066 congerente3
2005 1006 2178 1068 praeci·

201 1084 292 1131 pue
324 1070 502 1118 Iudaeis
564 1071 701 1117 alacri
755 1071 930 1129 animo,
984 1078 1036 1118 ut
1072 1072 1249 1130 solent,
1299 1073 1356 1119 ad
1390 1073 1477 1120 ista
1525 1075 1798 1122 iuvantibuS.
1871 1075 1982 1122 Cum
2029 1083 2180 1124 autem

201 1153 343 1201 rogus
380 1147 626 1202 apparatus
660 1148 799 1199 esset,
838 1141 1122 1203 Polycarpus
1161 1141 1249 1188 sibi
1288 1141 1759 1191 detractis-'omnibus
1806 1134 2096 1191 vestimentis·
2132 1152 2181 1192 et

200 1209 385 1270 cingulo
422 1210 598 1267 soluto,
638 1210 891 1257 conabatur
927 1212 1062 1257 etiam
1099 1225 1149 1258 se
1187 1211 1475 1270 excalceare3
1514 1214 1639 1274 quod
1675 1214 1803 1275 prius
1840 1227 1934 1259 non
1972 1213 2179 1272 faciebat,

198 1279 306 1338 quia
343 1293 530 1340 semper
566 1280 721 1327 cuncti
756 1278 919 1326 fideles
957 1280 1326 1338 contendebant,
1365 1282 1573 1343 quisnam
1624 1283 1820 1330 celerius
1873 1296 2041 1344 corpus
2079 1284 2178 1330 eius

201 1354 436 1409 tangeret3
488 1349 613 1394 omni
647 1348 770 1395 enim
801 1348 927 1394 bono
963 1356 1156 1410 propter
1191 1357 1379 1396 sanctos
1425 1365 1579 1397 mores
1614 1365 1723 1398 suos
1772 1351 1847 1397 ille
1889 1351 2026 1397 etiam
2076 1357 2180 1398 ante

200 1418 468 1479 martyrium
519 1423 706 1464 ornatus
743 1424 856 1464 erat.
924 1417 1054 1463 Illico
1092 1431 1214 1464 nunc
1251 1418 1326 1464 ille
1365 1419 1577 1465 omnibus
1626 1418 1944 1465 instrumentis
1989 1419 2178 1466 circum·

200 1485 405 1544 dabatur,
443 1500 561 1548 quae
598 1500 684 1547 pro
720 1500 836 1548 rogo
871 1492 1029 1547 parata
1062 1493 1206 1532 erant.
1281 1485 1390 1533 Cum
1427 1500 1537 1533 vero
1575 1493 1622 1533 et
1659 1487 1797 1533 clavis
1815 1487 1964 1547 ipsum
1989 1486 2179 1548 affigere

199 1555 389 1613 vellent,
426 1556 559 1602 dixit:
603 1556 756 1612 ,sinite
792 1569 866 1601 me
899 1555 992 1612 sic3
1042 1556 1120 1615 qui
1158 1555 1279 1601 enim
1314 1554 1426 1601 mihi
1465 1555 1541 1601 dat
1597 1555 1752 1616 ignem
1802 1556 1920 1616 pati,
1968 1556 2095 1603 dabit
2131 1563 2178 1604 et

197 1625 296 1671 sine
332 1631 484 1672 vestra
520 1638 576 1671 ex
614 1624 751 1671 clavis
785 1623 1013 1681 cautione,
1051 1624 1288 1671 immotum
1322 1625 1367 1670 in
1405 1639 1519 1686 pyra
1554 1622 1857 1686 permanere.‘

840 1749 953 1799 XIV.
1025 1750 1279 1812 Polycarpi
1305 1752 1536 1812 precatio.

334 1847 402 1894 Illi
438 1861 552 1909 ergo
588 1860 683 1893 non
723 1847 922 1907 quidem·
948 1846 1091 1894 clavis
1132 1846 1416 1904 defixerunt,
1467 1846 1550 1894 sed
1600 1835 2021 1908 ligaverunt‘eum.
2090 1849 2175 1897 Hic

198 1931 308 1964 vero
344 1917 557 1964 manibus
595 1916 641 1962 in
678 1922 857 1977 tergum
894 1917 1083 1964 reiectis
1121 1931 1174 1963 ac
1209 1918 1415 1973 vinctus,
1465 1923 1679 1977 tanquam
1733 1916 1853 1962 aries
1887 1916 2080 1978 insignis
2119 1933 2174 1966 ex

196 2000 364 2047 magno
403 2000 543 2048 grege
581 1985 638 2031 ad
675 1985 968 2043 oblationem,
1005 1986 1189 2032 victima
1221 1985 1516 2047 acceptabilis
1544 1986 1637 2032 Deo
1674 1991 1956 2045 praeparata,
1995 1986 2173 2034 coelum

196 2056 385 2101 intuitus
424 2055 558 2101 dixit:
604 2053 810 2111 ,Domine
848 2053 967 2100 Deus
1005 2055 1327 2116 omnipotens,
1375 2060 1508 2116 pater
1545 2053 1701 2100 dilecti
1739 2067 1792 2099 ac
1827 2053 2061 2101 benedicti
2094 2056 2176 2103 filii

196 2125 261 2170 tui
299 2124 404 2171 Iesu
442 2123 635 2180 Christi,
685 2137 772 2184 per
810 2137 945 2183 quem
980 2124 1047 2170 tui
1086 2125 1291 2171 notitiam
1327 2124 1616 2184 accepimus,
1667 2121 1787 2169 Deus
1823 2123 2090 2184 angelorum
2127 2133 2174 2172 et

192 2194 436 2249 virtutum,
491 2206 543 2237 ac
580 2193 822 2239 universae
860 2199 1121 2249 creaturae,
1174 2194 1408 2253 totiusque
1460 2193 1643 2253 generis
1691 2193 1918 2239 iustorum
1970 2193 2015 2239 in
2065 2207 2172 2241 con-

195 2268 358 2323 spectu
394 2267 475 2307 tuo
512 2260 787 2318 viventium,
837 2259 1063 2308 benedico
1101 2261 1208 2318 tibi,
1256 2261 1471 2322 quoniam
1519 2275 1591 2307 me
1640 2260 1726 2306 hac
1778 2260 1851 2307 die
1900 2267 2036 2321 atque
2086 2263 2174 2310 hac

195 2331 311 2377 hora
346 2329 560 2391 dignatus
600 2343 667 2385 es,
705 2336 755 2375 ut
788 2335 966 2391 partem
1003 2332 1261 2392 acciperem
1294 2331 1340 2375 in
1378 2343 1572 2376 numero
1610 2335 1859 2391 martyrum
1890 2335 2089 2388 tuorum,
2126 2331 2172 2378 in

196 2399 338 2446 calice
377 2399 546 2445 Christi
578 2398 667 2454 tui,
704 2398 763 2445 ad
797 2400 1184 2446 resurrectionem
1222 2399 1268 2445 in
1306 2399 1442 2444 vitam
1479 2404 1738 2454 aeternam,
1778 2399 1953 2445 animae
1992 2406 2038 2445 et
2075 2414 2172 2447 cor-

193 2468 336 2530 poris,
374 2469 420 2514 in
460 2467 804 2528 incorruptione
841 2481 926 2529 per
963 2466 1182 2530 Spiritum
1222 2474 1459 2525 sanctum3
1509 2468 1630 2514 inter
1668 2481 1784 2528 quos
1820 2467 1992 2514 utinam
2028 2469 2173 2516 susci-

194 2538 295 2599 piar
330 2536 471 2584 hodie
508 2550 665 2583 coram
700 2542 747 2583 te
785 2536 830 2582 in
855 2536 1086 2585 sacrificio
1123 2537 1284 2600 pingui
1321 2545 1367 2584 et
1387 2543 1593 2598 accepto,
1632 2535 2014 2598 quemadmodum
2039 2552 2171 2600 prae·

191 2606 363 2668 parasti
400 2612 447 2653 et
480 2605 592 2652 mihi
628 2607 1011 2667 praemonstrasti
1047 2613 1094 2654 et
1129 2621 1252 2654 nunc
1289 2606 1604 2667 adimplevisti,
1640 2607 1774 2662 DeuS‚
1822 2606 2047 2654 mendacii
2094 2622 2171 2655 ne-

193 2676 318 2722 scius
355 2689 409 2722 ac
443 2689 596 2722 verax.
667 2674 958 2737 Quapropter
993 2676 1049 2723 de
1077 2677 1289 2723 omnibus
1314 2676 1451 2722 laudo
1479 2683 1537 2732 te,
1574 2675 1799 2722 benedico
1826 2675 1922 2732 tibi,
1960 2675 2170 2737 glorifico

194 2752 251 2801 te,
288 2758 391 2792 cum
429 2744 710 2806 sempiterno
748 2749 795 2790 et
830 2744 1022 2792 coelesti
1059 2746 1164 2793 lesu
1202 2745 1410 2802 Christo,
1449 2745 1617 2791 dilecto
1657 2751 1734 2791 tuo
1772 2744 1893 2801 filio,
1934 2759 2035 2791 cum
2077 2759 2169 2806 quo

194 2813 277 2871 tibi
314 2821 362 2861 et
394 2814 586 2875 Spiritui
620 2819 782 2860 sancto
819 2812 981 2874 gloria,
1019 2822 1066 2863 et
1101 2830 1223 2863 nunc
1257 2820 1304 2862 et
1339 2815 1386 2860 in
1424 2813 1575 2860 futura
1613 2814 1783 2860 secula.
1852 2811 2025 2860 Amen.‘

201 3028 441 3069 anctoritate
472 3026 579 3075 freti,
612 3025 678 3067 hic
708 3038 801 3067 esse
831 3025 1045 3077 legendum
1069 3038 1158 3067 mo·
1216 3040 1308 3079 gum
1337 3039 1505 3077 manus,
1546 3026 1642 3078 palo
1684 3025 1807 3066 clavis
1846 3025 1997 3066 adfixas
2030 3025 2167 3073 fuisse,

199 3090 371 3125 nuernnt
411 3082 600 3123 usserius
642 3087 682 3122 et
712 3081 905 3122 Smithus.
950 3080 1051 3122 Cod.
1082 3082 1157 3122 Ba·
1216 3097 1266 3125 ne
1295 3089 1565 3124 moverentur.
1603 3082 1700 3122 Cler.

196 3153 305 3181 rocc.
352 3134 674 3197 Πολύκαρπον
711 3133 961 3191 ἔπιβοῆσαι
1011 3149 1159 3178 κατα-
1304 3139 1402 3191 Cap.
1433 3139 1528 3179 XIV.
1592 3139 1632 3190 1)
1662 3138 1703 3178 In
1723 3136 1913 3188 Martyrio
1939 3137 2167 3188 Ignat.c.2.

197 3196 447 3248 καυθῆναι.
478 3194 558 3235 Pro
579 3193 939 3245 κατακαυθῆναι
959 3192 1157 3233 Eusebius
1215 3189 1379 3249 ὥσπερ
1409 3191 1541 3249 κριὸς
1559 3191 1806 3249 ἐπίσημος,
1839 3190 2005 3247 ἀγέλης
2026 3192 2169 3246 καλῆς

196 3252 503 3304 κατακαῆναι.
536 3250 617 3291 Iac.
1213 3244 1327 3303 ἡγού
1369 3261 1484 3296 evoe.

1300 3305 1325 3345 2
1378 3304 1409 3344 Α
1439 3304 1594 3354 graecis
1634 3302 1925 3356 Interpretibus
1955 3302 2166 3346 Hebraeo-

285 3375 383 3428 Cap.
413 3374 513 3416 xm.
577 3373 620 3428 1)
651 3370 704 3416 ἔν
734 3369 880 3415 παντὶ
913 3370 1059 3412 Euseh.
1213 3375 1300 3406 rum
1331 3359 1415 3407 ΗΕ,
1444 3377 1527 3405 non
1568 3378 1644 3419 per
1683 3360 1994 3420 ὁλοκαύτωμα
2035 3364 2166 3405 solum

285 3431 330 3483 2)
361 3431 451 3471 Non
487 3429 786 3471 videntur-haec
804 3428 856 3468 ita
881 3426 1156 3478 intelligenda,
1214 3424 1421 3476 redditur,
1465 3426 1538 3467 sed
1569 3427 1768 3468 interdum
1809 3425 1927 3467 etiam
1958 3437 2033 3478 per
2061 3423 2167 3468 ὀλο-

202 3485 316 3541 quasi
347 3485 564 3539 Polycarpi
593 3497 735 3527 manus
768 3484 891 3525 clavis
932 3481 1158 3523 transfixuri
1215 3478 1381 3537 κάρπω
1425 3494 1467 3532 α,
1498 3488 1542 3523 ut
1563 3483 1657 3525 Lev.
1692 3483 1727 3532 1,
1763 3482 1826 3523 14.
1865 3480 2002 3532 16‚24.
2035 3480 2167 3524 [isser.

201 3548 348 3591 essent,
383 3546 423 3581 et
441 3540 537 3594 palo
559 3540 752 3591 adfixuri3
783 3553 863 3581 non
892 3539 1033 3580 ruisset
1054 3538 1157 3578 enim
1304 3539 1348 3591 3)
1380 3495 1515 3579 (tuith.
1532 3536 1843 3589 20,22.26,39.
1875 3537 1994 3579 Marc.
2011 3536 2076 3589 10,
2097 3537 2165 3579 38.

203 3600 302 3639 haec
329 3597 468 3648 exigna
498 3608 595 3649 pars
624 3608 671 3637 su
703 3595 815 3649 plici}
834 3594 975 3651 [quam
1000 3594 1160 3635 carniss-
1305 3595 1349 3647 4)
1382 3593 1632 3635 patefecerat
1660 3594 1764 3634 enim
1797 3592 1831 3633 ei
1861 3591 1968 3633 Deus
1990 3593 2091 3644 sore,
2123 3598 2167 3635 nt

208 3666 275 3694 ces
305 3665 386 3693 non
423 3607 709 3704 remininentff.
767 3651 1018 3692 Crediderim
1052 3662 1162 3701 ergo,
1221 3648 1371 3690 Christi
1408 3662 1526 3690 causa
1558 3649 1880 3698 combureretur,
1922 3647 2031 3702 quod
2061 3660 2166 3691 nunc

204 3715 390 3757 catenas,
435 3706 583 3760 quibus
619 3706 823 3748 revinctae
854 3712 969 3749 erant
998 3705 1049 3747 ad
1080 3711 1163 3746 ter-
1219 3705 1429 3757 impletum
1459 3705 1632 3747 videbat.
1667 3705 1761 3747 Cler.

316 3777 474 3818 Pinus
504 3784 646 3819 Aron.
1761 3772 1815 3814 26
