2340 3900
263 182 362 232 590
987 180 1214 227 HERMAE
1252 179 1484 228 PASTOR.

262 315 340 365 ἐπὶ
371 311 456 363 τὸν
492 312 619 361 ἴδιον
654 307 807 375 άνδρα
840 309 1147 396 ἐπιστρέψαι,
1189 308 1248 360 οὔ
1285 309 1746 397 παραδεχθήσεται,
1763 308 1862 358 Καὶ
1896 305 2008 373 μήν,
2047 308 2211 372 φησίν,

263 380 345 431 ἐὰν
388 378 451 445 μὴ
495 378 814 446 παραδέξηται
863 375 1016 464 αὐτὴν
1064 376 1093 429 6
1137 376 1286 445 ἀνήρ,
1332 377 1617 466 ἁμαρτάνει,
1670 378 1752 429 καὶ
1804 375 2039 463 μεγάλην
2061 375 2214 446 ἑαυτῷ

261 449 495 516 αμαρτίαν
530 449 803 508 ἐπισπᾶται,
841 444 958 498 ἀλλὰ
995 449 1073 497 δεῖ
1100 451 1467 533 παραδεχθῆναι
1495 446 1601 500 τὸν5
1623 445 1956 529 ημαρτηκότα
1963 444 2046 495 καὶ
2080 428 2212 510 μετά-

263 524 491 569 νοοῦντα·
545 514 625 600 μὴ
642 516 719 566 ἐπὶ
755 512 880 566 πολὺ
918 516 995 566 δέ·
1045 521 1146 576 τοῖς
1189 514 1284 603 γὰρ
1322 515 1511 578 δούλοις
1546 522 1633 568 τοῦ
1670 521 1795 567 θεοῦ
1840 511 2078 598 μετάνοιά
2118 513 2214 563 ε’στι

260 590 358 652 μία.
431 582 528 635 Διὰ
575 582 663 650 τὴν
708 581 964 649 μετάνοιαν
1011 586 1101 635 οὐν
1150 583 1241 636 οὐκ
1293 583 1475 651 ὀφείλει
1522 592 1690 655 γαμεῖν
1738 582 1767 635 6
1815 581 1965 650 ἇνήρ·
2016 579 2135 647 αύτη
2166 578 2216 667 ἦ

260 658 431 720 πρᾶξις
466 653 545 705 ἐπὶ
579 653 771 735 γυναικὶ
809 653 890 703 καὶ
915 651 1034 720 ἆνδρ
1039 655 1068 705 ί.
1147 651 1222 704 06
1257 653 1422 719 μόνον,
1457 658 1598 739 φησί,
1626 655 1809 720 μοιχεία
1845 652 1971 703 ἐστὶν
2007 648 2093 702 ἐὰν
2126 647 2216 715 τὴν

263 724 417 792 σάρκα
454 720 606 773 αὐτοῦ
642 719 814 806 μιάνῃ,
851 719 969 773 ἀλλὰ
1014 722 1096 773 καὶ
1143 719 1198 783 ὃς
1243 722 1304 775 ἂν
1337 729 1455 794 ποιῇ
1490 723 1548 775 τὰ
1582 721 1727 789 ’ὅμοια
1764 728 1864 783 τοῖς
1898 721 2074 782 ε’θνεσι,
2112 738 2216 803 μοι-

261 799 413 860 χᾶται.
467 790 645 876 Ώστε,
683 789 776 841 κᾶν
810 788 1045 851 τοιούτοις
1096 791 1250 859 ἔργοις
1299 775 1515 880 έπιμείνῃ
1562 813 1633 852 τις
1676 791 1758 842 καὶ
1807 788 1871 856 μὴ
1919 787 2215 854 μετανοήσει,

263 861 442 935 ἀπέχου
479 858 564 911 ἀπ’
609 834 776 921 αὐτοῦ,
813 860 897 910 καὶ
940 860 1059 926 μηδὲ
1095 863 1293 927 συζηθιῦ
1329 860 1485 945 αὐτῷ·
1526 863 1569 912 εἰ
1604 859 1656 910 δὲ
1697 857 1776 947 μή,
1812 860 1896 909 καὶ
1929 855 1990 908 σὺ
2024 857 2217 923 μέτοχος

264 926 311 981 εἷ
337 936 425 995 τῆς
462 927 694 1015 ἁμαρτίας
716 926 880 980 αὐτοῦ.
954 927 1054 979 Διὰ
1086 935 1228 980 τοῦτο
1253 915 1520 1016 προσετάγη
1543 927 1660 995 ύμῖν
1690 927 1775 1011 ἐφ’
1818 927 2008 985 ἑαυτοῖς
2043 925 2217 1012 μένειν,

263 1000 355 1051 εἴτε
398 1019 522 1066 γυνη
570 999 661 1048 εἴτε
707 994 858 1063 ἆνηρ·
906 996 1106 1051 δύναται
1150 998 1242 1066 γὰρ
1291 1000 1341 1050 ἐν
1386 998 1575 1059 τούτοις
1619 995 1845 1061 μετάνοια
1891 991 2027 1046 εἶναι.
2090 991 2219 1061 Ἐγω

262 1061 367 1130 οῦν,
406 1068 584 1133 φησίν,
623 1064 681 1117 06
718 1068 891 1132 δίδωμι
927 1065 1155 1133 ἀφορμήν
1190 1069 1273 1118 ι’να
1304 1065 1338 1132 ή
1371 1069 1543 1134 πρᾶξις
1581 1065 1703 1131 αύτη
1753 1062 1879 1115 ούτω
1914 1068 2217 1124 συντελεῖται,

263 1137 382 1188 ὣστε
420 1135 587 1202 μηκέτι
626 1132 915 1204 ἁμαρτάνειν
949 1134 1052 1188 τὸνἿ
1087 1134 1419 1227 ημαρτηκότα·
1455 1135 1565 1203 περὶ
1601 1133 1653 1184 δὲ
1687 1155 1774 1219 της
1805 1132 2041 1216 προτέρας
2051 1129 2219 1220 ‘6’me-

260 1209 366 1267 τίας
400 1203 569 1267 αὐτοῦ,
609 1205 724 1255 &anfi
758 1210 845 1256 τοῦ
879 1205 1151 1271 δυναμένου
1186 1206 1317 1257 ἰἀσιν
1351 1207 1550 1256 δοῦναι·
1587 1200 1736 1264 αὐτὸς
1757 1199 1848 1272 γάρ
1877 1201 2004 1253 ἐστιν
2038 1197 2066 1252 6
2101 1201 2220 1267 ἔχων

261 1273 456 1328 πάντων
490 1271 578 1340 τὴν
614 1274 848 1335 ἐξουσίαν.

402 1426 456 1475 11
519 1415 774 1503 Ἠρώτησα
810 1413 960 1469 αὐτὸν
994 1417 1139 1468 πάλιν
1174 1417 1323 1486 λέγων
1352 1412 1492 1468 Ἐπεὶ
1539 1414 1568 1468 6
1611 1414 1779 1504 κύριος
1822 1414 1959 1480 άξιόν
2010 1438 2068 1484 με
2103 1414 2216 1487 ἥγη-

262 1505 378 1540 σατο
412 1488 495 1538 ίνα
531 1484 629 1552 μετ’
673 1487 791 1551 ἐμοῦ
825 1483 1028 1538 πάντοτε
1062 1492 1313 1555 κατοικῇς,
1351 1484 1490 1555 ὀλίγα
1523 1506 1617 1573 μου
1663 1483 1853 1572 ῥήματα
1888 1488 1955 1540 ἔτι
1991 1485 2217 1555 ἀνάσχου,

264 1558 367 1608 ἐπεὶ
402 1553 461 1607 06
498 1560 648 1606 συνιῶ
685 1553 840 1618 οὐδέν,
875 1556 957 1606 καὶ
992 1553 1025 1621 ἡ
1060 1557 1237 1641 καρδία
1271 1575 1365 1639 μου
1400 1554 1688 1645 πεπώρωται
1723 1553 1819 1606 ἀπὸ
1855 1562 1952 1608 τῶν
1976 1557 2224 1645 προτέρων

264 1647 358 1692 μου
392 1623 637 1691 πράξεων·
677 1623 926 1675 συνέτισόν
960 1644 1033 1689 με,
1070 1622 1144 1675 ότι
1179 1626 1286 1675 λίαν
1312 1621 1492 1713 άφρων
1515 1627 1626 1690 εἰμί,
1661 1624 1744 1675 καὶ
1781 1623 1904 1686 όλως
1934 1624 2077 1678 οὐδὲν
2111 1631 2223 1677 νοῶ.

256 1693 572 1761 Ἀποκριθείς
616 1713 697 1756 μοι
744 1693 866 1778 λέγει
912 1691 1055 1760 Ἐγω,
1093 1695 1266 1758 φησίν,
1304 1694 1381 1744 ἐπὶ
1416 1699 1503 1760 τῆς
1537 1694 1792 1759 μετανοίας
1828 1695 1952 1760 εἰμί,
1987 1696 2070 1746 καὶ
2104 1699 2223 1747 πᾶσι

262 1770 363 1823 τοῖς
397 1766 686 1828 μετανοοῦσι
720 1761 913 1812 σύνεσιν
937 1763 1135 1826 δίδωμι”
1172 1759 1207 1845 η’
1243 1760 1302 1812 06
1330 1764 1467 1813 δοκεῖ
1497 1779 1586 1824 σοι,
1624 1764 1791 1847 φησίν,
1829 1784 1895 1823 ως
1929 1761 2047 1815 αὐτὸ
2082 1769 2223 1815 τοῦτο

262 1830 314 1884 τὸ
360 1835 648 1920 μετανοῆσαι
697 1827 887 1890 σύνεσίς
934 1829 1031 1880 ἐστι
1078 1828 1285 1897 μεγάλη,
1349 1835 1545 1895 Συνῆκε
1590 1851 1680 1918 γαρ
1727 1828 1755 1880 6
1793 1828 2129 1917 ἁμαρτήσας,
2149 1831 2225 1883 ὅτι

263 1902 457 1966 ἐποίησε
492 1895 545 1950 τὸ
569 1895 813 1984 πονηρὸν
850 1899 1007 1949 ἔναντι
1055 1900 1256 1982 κυρίου,
1292 1899 1374 1949 καὶ
1390 1896 1558 1988 ἀνέβη
1593 1899 1670 1949 ἐπὶ
1706 1894 1793 1982 τὴν
1827 1900 2033 1986 καρδίαν
2069 1897 2224 1951 αὐτοῦ

260 1967 295 2036 ἦ
329 1970 500 2057 πρᾶξις
534 1988 610 2054 ην
655 1967 850 2054 ε’πραξε,
888 1967 971 2019 καὶ
1015 1965 1313 2051 μετανοήσας
1348 1964 1441 2019 οὐκ
1489 1967 1558 2019 ε’τι
1603 1964 1843 2053 ἐργάζεται
1889 1965 1944 2019 τὸ
1989 1966 2224 2056 πονηρόν,

263 2037 382 2090 αλλὰ
419 2035 473 2088 τὸ
523 2034 734 2123 ἀγαθὸν
758 2041 1027 2098 πολυτελῶς
1071 2034 1335 2105 ἐργάζεται,
1372 2037 1456 2088 καὶ
1498 2043 1720 2088 ταπεινοῖ
1748 2033 1836 2102 τὴν
1873 2036 2041 2124 ψυχὴν
2073 2038 2225 2090 αὐτοῦ

261 2108 344 2160 καὶ
390 2108 660 2174 βασανίζει,
707 2105 782 2158 ότι
826 2106 1066 2192 ἥμαρτεν]
1138 2106 1339 2166 Βλέπεις
1386 2107 1502 2170 οὖν,
1554 2108 1734 2173 φησίν,
1784 2104 1858 2157 ότι
1903 2104 1936 2173 ή
1997 2105 2226 2193 μετάνοια

262 2174 452 2236 σύνεσίς
485 2175 580 2226 ε’στι
618 2174 810 2243 μεγάλη.
885 2172 982 2226 Διὰ
1008 2180 1150 2227 τοῦτο
1186 2167 1291 2238 οῦν,
1318 2176 1467 2259 φημί,
1504 2174 1654 2243 κύριε,
1692 2174 2060 2243 ἔξακριβάζομαι
2090 2174 2224 2245 παρὰ

263 2251 353 2297 σοῦ
387 2242 568 2296 πάντα·
605 2251 797 2312 πρῶτον
831 2244 931 2313 μέν,
970 2243 1046 2296 ότι
1080 2241 1359 2313 ἁμάρτωλός
1374 2246 1505 2333 εἶμι,
1541 2246 1623 2296 ι’να
1659 2249 1758 2333 γνῶ
1793 2251 1910 2296 ποῖα
1946 2246 2059 2316 ἔργα
2089 2246 2225 2331 ἐργα-

263 2313 458 2382 ζόμενος
493 2310 707 2399 ζήσομαι,
745 2313 820 2365 ότι
854 2315 1027 2365 πολλαί
1061 2334 1155 2380 μου
1191 2314 1312 2365 εἰσὶν
1336 2315 1390 2364 αἱ
1421 2312 1644 2383 ἁμαρτίαι
1667 2335 1749 2364 και
1766 2315 1993 2371 ποικιλαι
2070 2313 2221 2403 Ζήσῃ,

265 2386 441 2450 φησίν,
480 2382 563 2434 ε’ὰν
606 2380 713 2443 τας2
762 2380 957 2443 ἐντολάς
985 2403 1098 2469 μου
1142 2380 1365 2468 φυλάξῃς
1411 2384 1494 2435 καὶ
1537 2388 1789 2454 πορευθῆς
1825 2384 1877 2435 έν
1913 2383 2105 2446 αὐταῖς·
2140 2385 2222 2436 καὶ

265 2451 291 2470 (ἱ
362 2450 386 2470 Ἃ

265 2473 320 2514 ος
356 2473 416 2503 αν
451 2449 682 2511 ἀκούσας3
718 2473 803 2512 τας
838 2449 1031 2512 ε’ντολὰς
1064 2450 1241 2513 ταύτας
1276 2436 1483 2523 φυλάξῃ,
1519 2452 1707 2516 ζήσεται
1741 2458 1807 2522 τῷ
1844 2459 1965 2525 θεῷ.

405 2610 477 2655 111.
532 2599 660 2664 ”Ετι,
698 2602 839 2686 φημί,
875 2598 1022 2668 κύριε,
1059 2599 1328 2669 προσθήσω
1362 2609 1449 2654 τοῦ
1485 2603 1796 2670 ἔπερωτησαι,
1869 2604 2023 2687 Λέγε,
2057 2605 2220 2689 φησίν.

249 2669 490 2735 ’Ήκουσα,
529 2673 667 2758 φημί,
706 2670 854 2735 κύριε,
891 2670 1023 2737 παρά
1058 2691 1201 2722 τινων
1239 2669 1556 2735 διδασκάλων,
1593 2671 1667 2723 ότι
1701 2672 1833 2738 ἑτέρα
1869 2670 2094 2738 μετάνοια
2130 2670 2221 2724 οῦκ

264 2743 391 2793 ε’στιν
426 2742 470 2791 εἰ
501 2738 566 2806 μὴ
605 2741 777 2805 ἐκείνη,
816 2737 895 2790 ότε
932 2741 1000 2800 εἰς
1033 2737 1165 2807 ύδωρ
1201 2739 1465 2806 κατέβημεν
1498 2740 1581 2792 καὶ
1617 2738 1887 2807 ἐλάβομεν’
1870 2739 2043 2806 άφεσιν
2072 2739 2221 2810 ἁμαρ-

263 2816 380 2862 τιῶν
417 2807 556 2875 ημῶν
590 2830 679 2874 την
713 2808 978 2893 προτέραν.
1032 2808 1200 2893 Λέγει
1213 2829 1293 2873 μοι
1342 2814 1515 2870 Καλῶς
1548 2807 1787 2897 ήκουσας·
1825 2809 1951 2862 ούτω
1983 2807 2072 2899 γὰρ
2114 2811 2218 2898 ἔχει.

250 2877 391 2931 ’Έδει
428 2877 519 2947 γάρ
552 2899 659 2929 τινα
695 2874 924 2943 εἰληφότα
960 2874 1136 2941 άφεσιν
1169 2874 1413 2945 ἁμαρτιῶν
1459 2880 1624 2944 μηκέτι
1660 2877 1978 2947 ἁμαρτάνειν,
2023 2877 2128 2931 αλλ’
2170 2880 2222 2931 ἐν

265 2947 432 3036 ἁγνεία
467 2954 719 2999 κατοικεῖν.
786 2945 926 2998 Ἐπεὶ
973 2946 1024 2997 δὲ
1071 2946 1229 2998 πάντα
1261 2946 1566 3035 ἐξακριβάζη,
1601 2949 1684 3000 καὶ
1715 2948 1860 3000 τοῦτο’
1894 2965 1970 3000 σοι
2005 2947 2220 3015 δηλώσω,

264 3015 330 3105 μὴ
369 3014 536 3077 διδοὺς
573 3013 802 3100 ἆφορμην
837 3022 937 3076 τοῖς
970 3016 1190 3081 μέλλουσι
1213 3016 1453 3068 πιστεύειν
1487 3039 1518 3083 η
1553 3024 1654 3078 τοῖς
1688 3024 1779 3069 νῦν
1812 3014 2120 3069 πιστεύσασιν
2155 3020 2223 3078 εἷς

263 3085 348 3139 τὸν
381 3085 686 3154 κύριον.οἷ
716 3106 806 3154 γαρ
841 3090 934 3136 νῦν
965 3084 1300 3145 πιστεύσαντες
1335 3082 1369 3151 ⁷2⁸
1403 3085 1651 3151 μέλλοντες
1685 3084 1929 3138 πιστεύειν
1965 3085 2222 3152 μετάνοιαν

266 3154 510 3226 ἁμαρτιῶν
547 3152 638 3206 οὐκ
675 3156 891 3239 ε’χουσιν,
917 3151 1090 3219 άφεσιν
1113 3154 1164 3205 δὲ
1201 3154 1361 3238 ε’χουσι
1381 3161 1478 3207 τῶν
1500 3155 1744 3240 προτέρων
1766 3154 2012 3239 ἁμαρτιῶν
2047 3154 2219 3207 αὐτῶν.

272 3231 385 3286 Τοῖς
421 3226 512 3276 οὐν
542 3230 768 3309 κληθεῖσι
803 3220 897 3309 πρὸ
934 3222 1116 3274 τούτων
1136 3229 1232 3274 τῶν
1260 3220 1454 3307 ήμερῶν
1477 3226 1656 3290 έθηκεν
1691 3222 1720 3276 6
1755 3223 1924 3292 κύριος
1949 3221 2220 3310 μετάνοιαν.

268 3290 670 3362 Καρδιογνώστης
708 3290 775 3343 ὦν
812 3290 842 3344 6
876 3290 1058 3360 κύριος,
1097 3293 1179 3344 καὶ
1213 3290 1370 3343 πάντα
1404 3292 1762 3362 προγινωσκων,
1791 3294 1911 3362 ε’γνω
1945 3290 2035 3359 τὴν
2071 3291 2218 3345 ἀσθέ-

351 3446 393 3497 5)
426 3444 531 3487 τόν;
570 3459 708 3498 apogr.
739 3444 833 3498 τὴν.
1353 3444 1397 3496 8)
1429 3446 1616 3485 facillime
1648 3445 1792 3485 excidit
1822 3446 1859 3484 h.
1891 3445 1916 3486 1.
1950 3448 2030 3487 τοῦ
2062 3447 2188 3487 θεοῦ.

349 3501 392 3552 6)
422 3502 611 3553 συζῆθι;
644 3502 697 3542 ita
714 3514 852 3552 apogr.
865 3501 941 3541 nisi
967 3501 1211 3553 quodetiam
1354 3501 1448 3552 Cap.
1478 3502 1522 3540 ΙΙ.
1585 3502 1625 3551 1)
1657 3513 1795 3552 apogr.
1825 3496 2047 3556 ἥμαρτον.

265 3566 385 3605 super
414 3571 439 3595 v
469 3569 624 3605 gravem
654 3558 786 3596 habet.
1352 3558 1395 3606 2)
1426 3557 1558 3606 inepte
1579 3568 1716 3606 apogr.
1730 3557 1906 3596 additum
1920 3556 2101 3599 habetk'v
2122 3554 2217 3603 τὰς.

352 3610 396 3662 7)
430 3623 566 3661 apogr.
596 3625 733 3651 rursus
767 3610 860 3665 τὴν.
1351 3612 1395 3663 3)
1430 3623 1567 3662 apogr.
1599 3607 1809 3665 ἀκούσης
