2340 3900
231 195 330 244 630
961 193 1192 238 HERMAE
1232 193 1464 242 PASTOR.

228 324 311 374 ’ἵνα
343 322 424 374 ἐὰν
458 319 814 406 μετανοήσωσιν
850 314 1000 386 οῦτοι,
1040 320 1319 375 ἀπέλθωσιν
1343 325 1411 385 εἰς
1444 322 1533 392 τὴν
1555 323 1823 399 οἰκοδομὴν
1851 333 1940 380 τοῦ
1974 326 2177 398 πύργου

224 389 344 440 Ἐὰν
379 391 431 441 δὲ
464 388 528 457 μὴ
565 388 939 478 μετανοησωσι,
945 390 1050 443 τότε
1086 389 1216 443 ἄλλοι
1251 389 1611 479 ἀπελεύσονται,
1647 397 1729 447 καὶ
1762 399 1899 448 οὑτοι
1934 398 2002 458 εἰς
2046 399 2179 461 τέλος

229 456 627 525 ἐκβληθήσονται.
693 458 807 510 Ἐπὶ
854 457 1042 520 τούτοις
1092 466 1242 512 πᾶσιν
1285 437 1611 550 ηὗχαρίστησα
1654 471 1721 536 τῷ
1754 467 1936 552 κυρίῳ,
1985 465 2059 518 ότι
2102 466 2178 520 εὗ-

230 530 561 614 σπλαγχνίσθη
599 528 676 579 ἐπὶ
724 533 843 579 πᾶσι
878 535 979 590 τοῖς
1026 530 1419 596 ἐπικαλουμένοις
1451 531 1505 584 τὸ
1542 531 1696 619 ὄνομα
1733 533 1908 598 αὐτοῦ,
1958 535 2040 587 καὶ
2075 536 2176 599 ἐξα-

227 596 435 649 πέστειλε
481 594 567 649 τὸν
592 594 813 684 ἄγγελον
857 603 944 692 τῇς
991 601 1243 683 μετανοίας
1279 600 1345 660 εἰς
1378 597 1508 666 ἡμᾶς
1552 601 1666 664 τοὺς
1712 602 2075 672 ἁμαρτήσαντας
2110 607 2178 667 εἰς

227 663 403 730 αὐτόν,
451 687 532 717 και
580 663 896 717 ιῖινεκαίνισεν1
943 665 1082 733 ἡμῶν
1125 664 1178 720 τὸ
1227 673 1441 734 πνεῦμα,
1489 672 1571 722 καὶ
1607 670 1710 755 ἤδη
1750 674 2177 759 κατεφθαρμένων

223 731 363 799 ἡμῶν
397 735 480 787 καὶ
517 732 581 801 μὴ
619 732 824 813 ἐχόντων
859 735 1027 787 ἐλπίδα
1062 742 1148 788 τοῦ
1184 739 1278 817 ζῆν
1305 735 1536 790 ἀνενέωσε
1570 737 1657 806 τὴν
1677 741 1802 806 ζωὴν
1821 740 1972 809 ἡμῶν.
2048 748 2174 806 Νῦν,

224 805 380 886 φημί,
428 801 590 882 κύριε,
638 801 857 863 δήλωσον
902 819 1010 864 μοι,
1050 795 1131 850 διὰ
1167 801 1212 851 τί
1248 798 1278 852 6
1312 804 1558 894 πύργος2
1531 821 1677 866 χαμαι
1712 810 1826 884 οὐκ,
1826 810 2171 884 ὠκυᾶόμηται,

225 866 328 919 ἀλλ’
374 868 452 919 ἐπὶ
498 863 587 931 τὴν
618 867 822 955 πέτρανῃ
830 868 912 917 καὶ
948 867 1028 919 ἐπὶ
1061 864 1149 934 τὴν
1183 866 1352 953 πύλην.
1421 869 1558 931 Έτι,2
1578 870 1770 934 φησίν,
1809 865 1980 954 ἄφρων
2017 865 2065 919 εἷ
2092 869 2176 919 καὶ

221 934 465 997 ἀσύνετος.
530 934 811 1005 Ἀνάγκην’
796 935 899 1001 ε’χω,
923 938 1065 1022 φημί,
1070 935 1235 1021 κύριε,
1256 935 1412 988 πάντα
1429 937 1670 1019 ἐπερωτᾶν
1689 950 1756 998 σε,
1780 935 1905 988 διότι
1923 934 2175 1024 οὔδόλωςῇ

224 1004 370 1058 οὐδὲν
419 1004 628 1071 δύναμαι
675 1010 874 1088 νοῆσαι
922 1003 982 1057 τὰ
1031 1003 1120 1073 γὰρ
1167 1004 1324 1057 πάντα
1371 1003 1551 1090 μεγάλα
1596 1005 1678 1056 καὶ
1726 1002 1896 1066 ε’νδοξά
1950 1005 2049 1055 ε’στι
2093 1006 2174 1057 καὶ

224 1073 468 1140 δυσνόητα
489 1081 589 1134 τοῖς
613 1071 911 1138 ἀνθρώποις.
970 1072 1166 1139 ’Ἀκουε,
1206 1076 1351 1140 φησί
1388 1073 1442 1125 τὸ
1478 1072 1632 1139 ὄνομα
1667 1078 1753 1126 τοῦ
1788 1074 1902 1125 υἱοῦ
1938 1078 2024 1124 τοῦ
2048 1080 2175 1126 θεοῦ

222 1145 342 1213 μέγα
378 1145 475 1195 έστὶ
509 1144 591 1195 καὶ
627 1141 890 1211 ἆχώρητον,
928 1145 1008 1194 καὶ
1038 1140 1125 1195 τὸν
1160 1141 1341 1226 κόσμον
1376 1141 1492 1195 ὅλον
1526 1139 1758 1208 βαστάζει.
1831 1143 1902 1193 Εἰ
1924 1136 2015 1194 οὗν
2042 1149 2176 1195 πᾶσα

220 1211 254 1277 ἦ
288 1214 441 1273 κτίσις
477 1209 558 1263 διὰ
592 1219 678 1264 τοῦ
715 1213 827 1263 υἱοῦ
852 1218 938 1263 τοῦ
963 1219 1088 1264 θεοῦ
1111 1210 1404 1279 βαστάζεται,
1440 1213 1486 1263 τί
1516 1214 1674 1272 δοκεῖς
1708 1210 1822 1272 τοὺς
1856 1212 2176 1278 κεκλημένους

221 1280 311 1334 ’ὑπ’
362 1280 512 1333 αὐτοῦ
548 1282 630 1333 καὶ
679 1278 733 1334 τὸ
770 1279 925 1348 ὄνομα
973 1287 1248 1369 φοροῦντας
1284 1286 1371 1332 τοῦ
1415 1283 1530 1333 υἱοῦ
1564 1286 1651 1332 τοῦ
1698 1287 1823 1333 θεοῦ
1858 1281 1942 1333 καὶ
1974 1301 2172 1368 πορευο-

221 1351 395 1417 μένους
434 1351 553 1416 [ἐν]4
588 1357 692 1413 ταῖς
730 1351 942 1411 ἐντολαῖς
976 1349 1153 1418 αὐτοῦ,
1193 1349 1391 1411 Βλέπεις
1425 1344 1515 1402 οὗν
1548 1352 1724 1412 ποίους
1757 1347 2004 1437 βαστάζεις
2049 1349 2175 1413 Τοὺς

223 1422 272 1482 ἐξ
307 1419 423 1485 όλης
458 1422 660 1487 καρδίας
695 1425 972 1506 φοροῦντας
1007 1417 1060 1472 τὸ
1098 1391 1251 1486 ὄνομα
1287 1418 1451 1473 αὐτοῦ.
1522 1416 1689 1481 Αὐτὸς
1724 1414 1814 1471 οῦν
1835 1420 2060 1506 θεμέλιον
2089 1418 2175 1472 αὖ·

221 1490 340 1550 τοῖς5
365 1489 563 1557 ἐγένετο,
599 1491 681 1540 καὶ
703 1487 857 1556 ἡδέως
880 1487 1056 1551 αὐτοὺς
1084 1489 1319 1557 βαστάζει,
1356 1488 1431 1541 ότι
1445 1487 1537 1542 οὐκ
1563 1487 1926 1557 ἐπαισχύνονται
1944 1487 2001 1542 τὸ
2020 1487 2176 1556 ὄνομα

224 1555 375 1610 αὐτοῦ
412 1564 598 1626 φορεῖν.

358 1675 444 1720 XV.
517 1643 812 1731 Avstssoeffdv
849 1670 982 1751 μοι],
1010 1668 1150 1733 φημί,
1188 1664 1339 1734 κύριε,
1376 1671 1473 1718 τῶν
1508 1667 1798 1754 παρθέ[νων
1833 1668 1917 1734 τ]ὰ
1953 1667 2167 1736 ὀνόματα

220 1741 316 1786 τῶν
353 1735 664 1821 ἰσχυροτέρων
698 1740 794 1786 τῶν
831 1738 899 1796 εἰς
933 1733 1018 1796 τὰς
1051 1737 1228 1802 γωνίας
1248 1741 1530 1789 σταθεισῶν.
1599 1734 1666 1787 H
1683 1738 1768 1803 μὲν
1786 1759 1949 1822 πρωτη
1983 1741 2174 1802 Πίστις,

220 1825 251 1869 η
291 1802 343 1854 δὲ
379 1803 575 1871 δευτέρα
589 1801 888 1890 Ἐγκράτεια,
925 1802 958 1887 ἦ
997 1803 1049 1853 δὲ
1074 1806 1273 1887 [τρ]ίτη
1284 1802 1519 1870 Δύναμις,
1552 1803 1586 1869 ἦ
1621 1805 1673 1857 66
1693 1805 1940 1897 τε[τάρ]τη
1969 1813 2171 1892 Μακρο-

219 1873 404 1959 θυμία·
454 1873 509 1922 αἱ
555 1870 608 1921 66
639 1870 819 1958 ἕτεραι
853 1868 948 1922 ἀνὰ
992 1871 1139 1937 μέσον
1185 1869 1371 1923 τούτων
1413 1879 1666 1924 σταθεῖσαι
1713 1881 1863 1926 ταῦτα
1908 1878 2068 1961 ε’χουσι
2114 1874 2173 1928 τὰ

220 1939 457 2026 ὀνόματα·
503 1936 767 2006 Απλότης,
806 1938 1056 2004 Ἀκακία,
1074 1939 1303 2028 Ἅγνεία,
1339 1938 1603 2027 Ἱλαρότης,
1637 1941 1902 2031 Ἀλήθεια,
1949 1942 2173 2010 Σύνεσις,

223 2007 515 2076 [Ὁ]μόνοια,
545 2006 750 2077 Ἀγάπη.
829 2015 991 2061 Ταῦτα
1036 2007 1095 2061 τὰ
1141 2007 1355 2076 ὀνόματα
1393 2007 1424 2062 6
1460 2015 1628 2077 φορῶν
1675 2013 1758 2063 καὶ
1804 2011 1858 2065 τὸ
1896 2011 2050 2079 ὄνομα
2085 2020 2174 2067 τοῦ

217 2079 332 2130 υἱοῦ
366 2084 453 2131 τοῦ
476 2083 618 2141 θεοῦ,
655 2075 911 2144 δυνήσεται
932 2080 1000 2140 εἷς
1033 2077 1122 2145 τὴν
1142 2080 1390 2146 βασιλείαν
1417 2085 1505 2132 τοῦ
1528 2085 1651 2132 θεοῦ
1675 2083 1921 2137 εἰσελθεῖν.
1976 2081 2178 2150 ’Ἀκουε,

218 2150 357 2215 φησί,
394 2148 475 2199 καὶ
511 2146 569 2198 τὰ
605 2145 820 2233 ὀνόματα
855 2154 951 2200 τῶν
984 2154 1230 2216 γυναικῶν
1264 2154 1362 2200 τῶν
1395 2146 1454 2200 τὰ
1481 2147 1694 2234 ὀνόματα
1722 2151 1901 2217 μέλανα
1910 2153 2172 2239 ἐχουσῶν

218 2218 302 2268 καὶ
349 2217 401 2268 ἐκ
444 2214 627 2269 τούτων
677 2214 728 2268 δ’
774 2218 865 2270 εἰσὶ
913 2217 1258 2305 δυνατωτεραι·
1306 2215 1342 2284 ἦ
1385 2216 1548 2306 πρώτη
1590 2217 1840 2285 Ἀπιστία,
1891 2244 1923 2288 η
1975 2223 2176 2310 δευτέρα

212 2283 458 2373 Ἀκρασία,
494 2283 528 2352 ἦ
565 2285 617 2337 66
650 2288 784 2372 τρίτη
804 2285 1072 2354 Ἀπείθεια,
1109 2285 1143 2353 ἦ
1169 2286 1220 2338 δὲ
1243 2286 1438 2374 τετάρτη
1459 2285 1666 2376 Ἀπάτη.
1735 2292 1809 2341 Αἱ
1827 2290 1878 2342 66
1902 2290 2173 2344 ἀκόλουθοι

220 2353 380 2406 αὐτῶν
416 2360 677 2407 καλοῦνται
691 2355 858 2439 Λύπη,
898 2358 1141 2424 Πονηρία,
1170 2354 1429 2443 Ἀσέλγεια,
1447 2355 1728 2444 Ὀξυχολία,
1755 2363 1964 2426 Ψεῦδος,
1991 2359 2173 2430 'Amom-

224 2423 345 2489 σύνη
364 2465 377 2487 ,
440 2422 743 2507 Καταλαλιά,
794 2430 978 2487 Μῖσος.
1054 2430 1217 2476 Ταῦτα
1257 2424 1316 2477 τὰ
1372 2423 1584 2493 ὀνόματα
1621 2425 1650 2478 6
1673 2435 1853 2512 φορῶν
1910 2436 1997 2483 τοῦ
2046 2436 2172 2483 θεοῦ

221 2493 396 2552 δοῦλος
430 2488 519 2555 τὴν
554 2494 799 2558 βασιλείαν
832 2494 917 2560 μὲν
953 2492 1127 2558 ὄψεται
1160 2500 1247 2546 τοῦ
1282 2501 1430 2558 θεοῦ,
1468 2498 1535 2556 εἰς
1571 2494 1723 2563 αὐτὴν
1760 2497 1811 2549 δὲ
1847 2497 1939 2551 οὐκ
1973 2497 2172 2551 εἰσελεύ-

223 2562 507 2612 σεται.οἱ
538 2562 673 2612 λίθοι
709 2562 776 2650 δέ,
813 2564 954 2630 φημί,
992 2561 1142 2648 κύριε,
1185 2565 1235 2614 οἱ
1264 2564 1317 2614 έκ
1349 2570 1437 2615 τοῦ
1469 2568 1638 2630 βυθοῦ
1673 2564 1965 2655 ηρμοσμένοι
2001 2570 2069 2628 εἰς
2085 2566 2174 2634 τὴν

221 2626 486 2694 οἰκοδομὴν
522 2631 648 2689 τίνες
685 2631 831 2694 εἰσίν,·
868 2632 932 2681 Οἱ
964 2630 1049 2695 μὲν
1084 2635 1286 2715 πρῶτοι,
1325 2634 1500 2697 φησίν,
1538 2634 1588 2683 οἱ
1620 2633 1659 2683 ι’
1697 2636 1748 2685 οἱ
1778 2637 1846 2695 εἰς
1880 2633 1938 2686 τὰ
1972 2637 2173 2702 θεμέλια

219 2697 514 2763 τεθειμένοι,
549 2697 714 2766 πρώτη
761 2697 924 2768 γενεά·
970 2699 1020 2749 οἱ
1062 2699 1114 2749 δὲ
1160 2697 1237 2750 κε’
1285 2701 1493 2786 δευτέρα
1527 2700 1666 2768 γενεὰ
1682 2701 1903 2790 ἀνδρων
1939 2706 2169 2756 δικαίων·

220 2767 272 2817 οἱ
304 2766 356 2817 66
390 2764 465 2817 λε’
499 2773 746 2835 προφῆται
780 2773 866 2819 τοῦ
903 2773 1027 2819 θεοῦ
1063 2767 1144 2820 καὶ
1181 2765 1400 2820 διάκονοι
1436 2767 1610 2820 αὐτοῦ·
1646 2772 1698 2822 οἱ
1727 2771 1779 2823 δὲ
1814 2794 1848 2838 μ
1909 2771 2172 2826 ἀπόστολοι

219 2835 303 2886 καὶ
338 2832 619 2887 διδάσκαλοι
652 2842 738 2887 τοῦ
774 2835 1076 2924 κηρύγματος
1109 2842 1197 2888 τοῦ
1232 2837 1346 2888 υἱοῦ
1366 2843 1453 2889 τοῦ
1489 2843 1626 2890 θεοῦ.
1698 2837 1801 2891 Διὰ
1823 2843 1870 2891 τί
1898 2835 2002 2902 οῦν,
2028 2845 2174 2929 φημί,

219 2901 370 2971 κύριε,
410 2905 463 2954 αἱ
493 2905 735 2973 παρθένοι
757 2907 840 2957 καὶ
862 2905 1063 2967 τούτους
1085 2903 1199 2967 τοὺς
1231 2907 1406 2968 λίθους
1426 2906 1670 2959 ἐπέδωκαν
1697 2911 1765 2970 εἰς
1799 2908 1887 2976 τὴν
1907 2909 2172 2978 οἰκοδομὴν

220 2977 306 3023 τοῦ
350 2970 568 3059 πύργου,
613 2974 917 3057 διενέγκασαι
962 2971 1044 3026 διὰ
1077 2981 1165 3041 τῆς
1200 2972 1386 3042 πύλης,
1443 2969 1591 3028 Οὗτοι
1610 2975 1746 3064 γάρ,
1793 2981 1941 3067 φησί,
1989 2986 2173 3045 πρῶτοι

217 3046 367 3092 ταῦτα
402 3040 462 3093 τὰ
505 3042 754 3128 πνεύματα
772 3044 1053 3131 έφόρεσαν,
1089 3065 1168 3095 και
1218 3043 1342 3105 ὅλως
1375 3042 1462 3096 ἀπ’
1503 3044 1720 3132 ἀλλήλων
1756 3045 1849 3099 οὐκ
1884 3046 2167 3136 ἀπέστησαν,

220 3108 328 3161 ούτε
363 3107 422 3161 τὰ
469 3109 719 3178 πνεύματα
762 3110 858 3164 ἀπὸ
894 3118 991 3164 τῶν
1035 3111 1335 3199 ἀνθρώπων,
1385 3111 1495 3166 οῦτε
1542 3116 1593 3165 οἱ
1624 3113 1879 3184 ἄνθρωποι
1926 3115 2022 3170 ἀπὸ
2072 3124 2170 3171 τῶν

218 3177 517 3245 πνευμάτων,
557 3179 674 3232 ἀλλὰ
706 3182 996 3250 παρέμειναν
1033 3180 1091 3233 τὰ
1135 3179 1384 3248 πνεύματα
1416 3181 1581 3245 αὐτοῖς
1615 3185 1747 3253 μέχρι
1782 3191 1869 3252 τῆς
1903 3185 2169 3254 κοιμκήσεως

305 3320 399 3371 Cap.
431 3321 523 3360 XIV.
586 3321 626 3367 1)
667 3333 805 3372 apogr.
849 3319 1164 3371 ἀνεκαίνησεν.
1310 3323 1354 3371 3)
1386 3337 1523 3376 apogr.
1555 3318 1799 3369 οὐδούλως.

222 3375 364 3415 Postea
394 3388 530 3426 apogr.
559 3376 716 3416 videtur
748 3374 982 3417 ἀνανέωσε
1002 3377 1163 3417 habere.
1305 3391 1351 3444 4)
1380 3390 1430 3433 ἓν
1461 3393 1573 3432 deest
1602 3392 1641 3431 in
1672 3404 1811 3442 apogr,

307 3430 354 3477 2)
385 3428 477 3471 ἕτιε
515 3431 573 3470 sic
607 3444 744 3482 apogr.
791 3432 839 3470 At
866 3431 907 3470 id
939 3444 985 3471 ex
1014 3428 1088 3471 ὅτι
1103 3431 1164 3482 (ut

219 3485 338 3524 hahet
378 3486 439 3525 ed.
476 3488 556 3537 pr.)
598 3493 830 3537 corruptum
877 3499 966 3526 esse
1005 3487 1162 3527 collatis

223 3539 311 3578 cdd.
342 3541 492 3581 Latinis
518 3542 637 3594 inque
658 3542 796 3593 primis
815 3542 995 3583 Palatino
1029 3543 1161 3582 nullus
1303 3541 1335 3596 †
1358 3543 1414 3582 Ab
1446 3543 1487 3584 h.
1520 3542 1546 3582 l.
1577 3542 1716 3593 incipit
1746 3542 1873 3594 ipsius
1919 3544 2070 3585 codicis
2101 3547 2165 3585 fo-

222 3593 370 3635 duhito.
1215 3598 1311 3637 lium
1329 3598 1368 3648 3,
1400 3597 1440 3636 in
1472 3609 1551 3649 quo
1580 3597 1698 3648 plura
1729 3611 1749 3637 a
1782 3598 1897 3640 tineis
1931 3612 2046 3644 exesa
2074 3607 2167 3641 sunt

1304 3459 1347 3513 5)
1384 3459 1564 3505 αὐτοῖςε
1600 3472 1738 3510 apogr.
1772 3457 1922 3507 αὐτὸς.
