2340 3900
391 174 904 236 mmm-mswm
938 184 1011 230 AD
1043 183 1589 234 PHILADE'LPHENSES.
1639 184 1750 233 vlu.
1782 184 1852 232 lx.
1889 185 1940 234 X.
2052 181 2148 235 183

185 345 298 378 crux
332 328 433 376 eina
470 329 519 374 et
550 336 678 372 mors
712 328 761 370 et
794 323 1079 370 resurrectio
1118 323 1220 370 eius
1258 329 1305 371 et
1329 322 1459 383 fides,
1495 338 1613 387 quae
1647 339 1735 388 per
1764 323 1938 388 ipsum:
1976 323 2142 387 quibus

188 396 422 447 iustificari
455 392 560 441 volo
595 406 682 454 per
715 404 881 454 preces
915 396 1109 439 vestraS.

182 548 363 598 archiva
399 551 507 595 sunt
541 558 652 593 crux
686 545 787 592 eius
821 550 869 591 et
902 557 1044 599 morS,
1082 550 1128 590 et
1151 548 1428 594 resurrectio
1466 547 1600 606 illim,
1638 555 1684 596 et
1706 546 1823 596 fides
1858 561 1943 610 per
1968 547 2142 612 ipsum:

180 621 226 668 in
259 616 426 681 quihus
460 615 596 677 cupio
631 627 720 677 per
754 614 1009 662 orationem
1044 621 1239 662 vestram
1275 614 1526 664 iustificari.

525 824 595 872 IX.
658 824 843 872 Bonum
877 829 945 871 est
982 823 1031 874 V.
1076 824 1140 878 T„
1175 824 1343 872 melius
1378 825 1560 874 Novum
1594 826 1791 876 Foedus

309 951 425 1001 Doni
456 950 641 1014 quidem
676 956 786 998 sunt
819 949 1115 1007 sacerdoteS,
1152 950 1460 1012 praestantior
1496 957 1645 998 autem
1683 959 1755 999 est
1790 967 1991 1003 summus
2029 971 2139 1019 pon-

174 1022 296 1081 tifex,
332 1022 406 1071 cui
443 1021 616 1070 credita
653 1026 761 1068 sunt
796 1025 954 1067 sancta
989 1026 1278 1078 sanctorum,
1328 1020 1401 1067 cui
1450 1019 1539 1067 soli
1578 1028 1758 1069 secreta
1796 1021 1877 1071 Dei
1909 1033 2017 1073 sunt
2051 1033 2139 1074 tra·

174 1092 290 1153 ditag
324 1091 404 1156 qui
438 1091 540 1154 ipse
579 1097 652 1139 est
682 1090 816 1137 ianua
839 1089 1002 1147 PatriS,
1037 1103 1124 1153 per
1159 1103 1295 1152 quam
1332 1089 1648 1152 ingrediuntur
1676 1090 1900 1140 Abraham
1938 1101 1983 1141 et
2013 1094 2138 1143 Isaac

173 1169 221 1211 et
247 1161 400 1219 Iacob,
437 1167 483 1208 et
520 1160 772 1222 prophetae
809 1166 855 1207 et
890 1158 1088 1222 apostoli
1123 1164 1170 1206 et
1205 1159 1415 1207 ecclesia.
1488 1160 1644 1207 Omnia
1680 1161 1794 1208 haec
1832 1162 1885 1208 ad
1923 1163 2139 1212 unionem

172 1246 274 1280 cnm
308 1231 417 1279 Deo.
488 1230 709 1277 Eximium
744 1236 896 1277 autem
932 1230 1179 1291 quidquam
1215 1229 1355 1276 habet
1383 1229 1688 1291 Evangelium,
1726 1232 1939 1279 nimirum
1977 1234 2138 1281 adven·

172 1308 266 1350 tum
312 1301 489 1349 Domini
535 1300 680 1347 nostri
733 1298 838 1347 lesu
883 1299 1074 1356 Christi,
1123 1300 1385 1360 passionem
1433 1300 1578 1361 ipsius
1628 1315 1680 1347 ac
1735 1303 2137 1350 resurrectionem.

173 1371 331 1420 Dilecti
351 1384 545 1432 nmque
567 1369 822 1431 prophetae
861 1369 1242 1416 annuntiaverunt
1279 1383 1409 1426 eum3
1456 1369 1747 1431 Evangelium
1782 1385 1890 1418 vcro
1929 1378 2000 1418 est
2037 1386 2138 1433 per-

173 1440 310 1489 fectio
343 1447 458 1489 vitae
491 1445 720 1487 aeternae.
791 1438 949 1486 Omnia
983 1438 1119 1486 simul
1140 1437 1259 1485 bona
1282 1445 1401 1495 sunt,
1426 1440 1563 1486 modo
1602 1440 1646 1486 in
1685 1441 1903 1488 charitate
1927 1441 2138 1489 credatis,

305 1615 421 1669 *1x.
491 1619 606 1682 Doni
638 1622 798 1684 utique
835 1628 944 1669 sunt
979 1621 1272 1679 sacerdotes3
1323 1619 1487 1668 melior
1523 1627 1673 1669 autem
1709 1628 1782 1670 est
1829 1636 2032 1671 summus
2067 1639 2135 1672 sa·

169 1690 363 1750 cerdon,
412 1691 487 1738 cui
530 1691 704 1740 milita
748 1698 857 1740 sunt
903 1699 1059 1740 sancta
1108 1697 1397 1740 sanctorum:
1449 1691 1527 1754 qui
1575 1691 1703 1739 solus
1753 1691 1841 1740 sibi
1892 1695 2137 1742 commissa

168 1760 303 1810 nabet
344 1766 525 1810 secreta
556 1761 650 1809 Dei.
721 1760 810 1809 llic
851 1769 925 1810 est
966 1769 1100 1825 porta
1148 1762 1205 1810 ad
1238 1762 1444 1819 Patrem,
1494 1776 1579 1824 per
1623 1776 1757 1824 quam
1810 1763 2133 1825 ingrediuntur

166 1829 391 1879 Abraham
430 1837 479 1879 et
511 1830 638 1880 Isaac
686 1838 735 1879 et
767 1830 930 1891 lacob3
981 1833 1089 1880 item
1123 1832 1384 1895 Prophetae
1433 1837 1480 1879 et
1513 1831 1742 1894 Apostoli,
1781 1839 1827 1880 et
1869 1833 2132 1881 Ecclesiae:

166 1901 315 1949 omnia
351 1901 466 1948 haec
501 1901 560 1949 ad
593 1901 809 1949 unitatem
829 1901 923 1949 Dei.
994 1902 1215 1949 Eximium
1252 1908 1401 1949 autem
1439 1902 1550 1963 quid
1578 1901 1716 1949 habet
1735 1902 2040 1964 Evangelium,
2068 1905 2132 1951 ni·

165 1970 328 2018 mirum
362 1970 602 2018 adventum
638 1970 816 2018 Domini
847 1972 995 2018 nostri
1031 1972 1135 2019 lesu
1160 1972 1329 2019 Christi
1365 1971 1720 2032 passionemque
1758 1972 1856 2018 eius
1894 1979 1940 2019 et
1978 1987 2130 2021 resur-

166 2039 429 2087 rectionem.
498 2039 672 2088 Etenim
725 2039 884 2088 dilecti
931 2040 1187 2102 Prophetae
1224 2041 1602 2088 annuntiaverunt
1647 2040 1704 2088 de
1742 2042 1869 2103 ipso:
1932 2041 2131 2104 Evange-

165 2108 274 2156 tim
312 2121 421 2157 vero
458 2109 679 2171 perfectio
713 2116 789 2157 est
833 2109 1287 2172 incorruptibilitatis,
1357 2110 1515 2157 Omnia
1561 2109 1695 2156 simul
1742 2110 1861 2158 bona
1911 2118 2043 2170 sunt,
2092 2113 2132 2160 si

166 2179 213 2225 in
248 2177 434 2226 caritate
470 2178 673 2226 creditis.

422 2385 475 2436 X.
545 2387 943 2451 Coum-Mai
977 2387 1272 2436 Antiochen&
1308 2390 1366 2436 de
1401 2388 1495 2448 fine
1521 2388 1872 2449 persecutionis.

299 2517 412 2566 Cum
445 2516 558 2566 mihi
590 2516 844 2568 nuntiatum
878 2519 952 2578 ait,
990 2534 1074 2582 per
1110 2519 1363 2567 orationem
1386 2524 1582 2566 vestram
1608 2526 1653 2566 et
1671 2519 2127 2579 commiserationem,

159 2602 249 2650 qna
284 2587 525 2635 movemini
561 2588 607 2635 in
645 2583 850 2646 Christo,
899 2589 1139 2637 ecclesiam
1177 2588 1507 2635 Antiochenam
1555 2589 1601 2635 in
1639 2588 1770 2651 Syria
1816 2604 1976 2651 pacem
2014 2591 2127 2638 obti-

160 2657 344 2715 nuisse3
379 2656 516 2705 (lecet
551 2671 646 2715 voa,
685 2665 736 2706 ut
767 2659 847 2707 Dei
886 2658 1144 2715 ecclesiam,
1180 2658 1352 2720 eligere
1389 2658 1647 2716 diaconum,
1687 2659 1764 2720 qui
1805 2658 1939 2707 obeat
1974 2659 2037 2708 ibi
2065 2661 2127 2708 le-

158 2726 386 2790 gationem
419 2725 514 2785 Dei,
551 2727 631 2790 qui
666 2740 769 2776 cnm
806 2727 909 2787 illis,
946 2729 990 2776 in
1028 2742 1166 2776 unum
1205 2728 1510 2790 congregatiS,
1549 2724 1683 2776 simul
1719 2728 1926 2790 gaudeat,
1965 2730 2127 2792 etglo·

158 2795 308 2845 riflcet
341 2798 525 2845 nomen.¹
583 2795 750 2847 Deam:
784 2797 862 2848 ille
899 2798 945 2846 in
969 2797 1073 2847 lesu
1098 2798 1293 2855 Christo,
1332 2798 1411 2860 qui
1436 2796 1602 2860 dignus
1638 2798 1818 2846 habitus
1845 2797 1984 2847 fuerit
2008 2800 2126 2847 eius·

162 2865 288 2914 nodi
319 2865 599 2924 &interim
630 2873 681 2916 et
712 2881 796 2916 voa
828 2881 1016 2931 quoque
1052 2867 1436 2931 glorificabimini.
1509 2867 1776 2915 Volentibus
1813 2874 1960 2917 autem
1998 2869 2127 2916 vobis

162 2934 253 2982 hoe
285 2946 381 2982 non
415 2938 490 2983 eat
521 2934 820 2998 impunibile,
853 2951 940 2999 pro
978 2939 1163 2986 nomine
1190 2938 1283 2992 Dei,
1323 2944 1373 2986 ut
1406 2944 1453 2986 et
1476 2938 1697 2999 quaedam
1720 2937 1950 2999 proximae
1978 2938 2126 2987 eccle·

164 3002 259 3051 siae
291 3002 517 3052 miserunt
549 3005 811 3070 episcopos,
845 3006 1092 3055 nonnullae
1130 3005 1430 3070 presbyteros
1469 3013 1515 3054 et
1553 3008 1787 3054 diaconos.

298 3178 392 3232 ⁶1.
462 3182 683 3243 Quonim
716 3198 823 3235 vero
859 3200 945 3249 per
991 3187 1242 3235 orationem
1288 3195 1483 3237 vestram
1534 3195 1578 3236 et
1626 3201 1710 3250 por
1759 3187 1956 3244 viscera,
2008 3201 2125 3251 quae

162 3251 340 3302 habetis
374 3253 420 3301 in
456 3252 639 3303 ehi-isto
673 3254 800 3313 leon,
837 3257 1093 3305 nuntiatum
1129 3262 1200 3303 est
1236 3256 1370 3320 mihi,
1406 3257 1657 3307 Ecclesiam
1693 3256 2025 3305 Antiochenam
2076 3257 2124 3306 in

159 3322 292 3385 Syria
323 3329 530 3386 pacatam
564 3337 695 3382 ene,
732 3325 868 3375 decet
899 3339 1007 3384 vos,
1045 3334 1094 3373 ut
1131 3327 1208 3373 Dei
1244 3325 1516 3384 Ecclesiam,
1567 3327 1738 3388 eligere
1774 3326 2020 3375 Diaconum
2065 3326 2122 3374 ad

162 3389 418 3442 obeundam
454 3391 591 3442 isthic
622 3393 702 3444 Dei
737 3393 1035 3458 legationem,
1072 3402 1123 3443 ut
1159 3396 1201 3442 in
1240 3408 1378 3443 unum
1426 3397 1656 3445 coniuncti
1706 3395 1938 3459 gaudeatis
1990 3396 2120 3460 ipsis,

162 3465 210 3507 et
253 3459 519 3523 glorificetis
561 3476 728 3513 nomen
764 3464 860 3515 Dei.
933 3464 1097 3515 Beatus
1143 3464 1215 3512 ille
1267 3464 1312 3512 in
1349 3463 1455 3514 lesu
1493 3464 1699 3524 Christo,
1739 3464 1819 3529 qui
1865 3465 2120 3515 ministerio

164 3530 252 3576 isto
299 3530 428 3594 fingi
470 3532 749 3584 merebitur:
801 3542 851 3583 et
884 3549 963 3584 von
1001 3549 1185 3598 quoquc
1224 3533 1603 3596 glorificabimini.
1669 3533 1932 3584 volentibus
1971 3541 2121 3585 autem

162 3596 294 3646 voni·
325 3612 421 3648 non
453 3605 533 3649 ent
558 3601 748 3654 difficile
783 3619 870 3669 pro
905 3605 1087 3653 nomine
1119 3605 1212 3661 Dei,
1252 3604 1370 3652 sicut
1404 3611 1450 3652 et
1483 3604 1656 3654 vicinae
1692 3603 1923 3655 Ecclesiae
1957 3606 2122 3670 partim

162 3665 415 3732 Bpiwopm
445 3668 693 3733 ninum,
728 3674 892 3738 partim
928 3675 1229 3736 Presbyteros
1265 3680 1312 3720 et
1346 3673 1585 3722 Diaconos.
