2340 3900
172 164 246 203 χι
944 147 1318 196 PROLEGOMEN
1319 150 1365 195 A.

171 287 317 339 libelli
353 286 506 345 illius,
557 284 637 350 qui
685 284 861 333 Pastor
906 283 1191 348 appellatur,
1244 298 1365 349 quae
1401 283 1640 349 scriptura
1675 278 1810 329 valde
1844 276 1968 328 mihi
2004 277 2138 328 utilis

168 356 376 415 videtur,
427 360 475 404 et
524 359 578 404 ut
617 358 734 418 puto
782 351 1010 402 divinitus
1046 351 1298 418 inspirata,
1357 359 1406 403 et
1418 350 1463 415 ²)
1520 392 1545 413 „
1556 350 1626 413 „si
1663 356 1825 399 tamen
1859 361 1936 397 cul
1969 345 2140 412 placet,

171 423 448 475 huiusmodi
496 420 783 486 scripturam
830 420 1096 486 recipere..
1112 423 1210 472 ..““
1291 421 1429 487 Apud
1481 418 1742 470 Eusebium
1754 414 1798 479 ³)
1832 416 1934 465 fere
1969 415 2139 466 eadem

171 493 397 557 legimus:
447 484 587 540 Ἐπεὶ
629 483 658 539 ὁ
706 483 866 550 αὐτὸς
902 482 1213 549 Ἀπόστολος
1261 485 1318 540 ἐν
1357 494 1469 548 ταῖς
1516 484 1598 538 ἐπὶ
1651 480 1777 535 τέλει
1823 479 2139 563 προσρήσειξι

170 559 264 643 τῆξ
307 553 437 625 πρὸς
463 553 754 621 Ῥωμαίους
787 554 997 626 μνήμην
1031 558 1302 626 πεποίηται
1332 553 1458 624 μετὰ
1493 557 1600 608 τῶν
1637 551 1809 605 ἄλλων
1823 549 1931 632 ’καὶ
1955 545 2135 633 Ἑρμᾳ,

175 647 242 681 ου
279 625 443 694 φασὶν
477 622 728 694 ὑπάρχειν
762 623 822 679 τὸ
859 632 956 680 τοῦ
990 624 1232 695 ποιμένος
1268 628 1480 713 βιβλίον.
1530 627 1624 677 Sed
1659 623 1896 703 Eusebius
1929 623 1990 673 ab
2026 623 2140 675 On-

171 715 292 765 gene
327 698 558 748 recedens
595 699 736 763 paulo
774 705 889 764 post
923 699 1162 765 adiungit:
1202 693 1415 759 Ἰστεον,
1464 689 1535 755 ὡς
1570 690 1659 777 καὶ,
1691 709 1850 744 τουτο
1884 687 2016 758 πρὸς
2045 687 2140 756 μὲν

170 766 331 818 τινι-ὄν
365 759 719 829 ἄντιλέλεκται,
758 762 830 818 δι’
875 762 970 827 οὓς
1005 761 1105 819 οὐκ
1140 763 1208 818 ἂν
1244 764 1298 818 ἐν
1335 761 1769 833 ὁμολογουμενοις
1787 761 1973 828 τεθείη.
2022 762 2139 813 Hie-

170 833 448 901 ronymus⁴)
471 851 572 886 non
594 836 733 887 aliter
756 854 812 888 ac
826 837 1072 903 OrigeneS,
1102 838 1167 888 ita
1189 840 1430 888 referens:
1467 836 1724 896 „Hermam
1751 832 1913 898 (cuius
1923 832 2139 898 Aposto-

172 905 245 956 lus
269 905 445 955 Paulus
484 905 542 955 ad
567 907 815 957 Romanos
841 906 1060 957 scribens
1091 907 1337 957 meminit:
1383 906 1611 967 „salutate
1638 901 1959 968 Asyncritum‚
1992 901 2139 952 Phle-

171 979 392 1039 gontem‚
451 974 707 1037 Hermam,
754 976 1027 1036 Patrobam,
1063 977 1275 1026 Hermen
1311 982 1360 1026 et
1396 974 1474 1040 qui
1512 989 1620 1023 cum
1659 971 1730 1022 eis
1766 972 1941 1021 fratres
1972 967 2138 1033 sunt“)

170 1049 396 1092 asserunt
430 1048 679 1094 auctorem
714 1061 823 1094 esse
858 1044 982 1105 libri,
1019 1045 1100 1111 qui
1136 1045 1397 1110 appellatur
1430 1044 1628 1099 Pastor3
1666 1047 1713 1091 et
1747 1040 1873 1106 apud
1908 1039 2140 1107 quasdam

173 1111 399 1162 Graeciae
450 1111 676 1162 ecclesias
725 1112 820 1163 iam
853 1113 1041 1179 publice
1074 1114 1258 1179 legitur.
1329 1115 1510 1164 Revera
1545 1109 1676 1160 utilis
1711 1109 1857 1171 liber,
1901 1107 2138 1186 multique

171 1180 232 1230 de
283 1196 341 1230 eo
388 1180 681 1246 scriptorum
731 1188 946 1232 veterum
982 1198 1268 1248 usurpavere
1306 1180 1607 1236 testimonia3
1656 1178 1740 1229 sed
1775 1178 1901 1244 apud
1936 1177 2140 1228 Latmos

169 1263 322 1314 paene
364 1249 559 1314 ignotus
605 1251 722 1300 est.“
802 1251 920 1301 Eam
968 1259 1182 1301 veterum
1234 1251 1512 1317 opinionem
1562 1249 1621 1299 de
1668 1247 1887 1299 Pastoris
1938 1253 2142 1297 auctore

172 1317 452 1383 sequiorum
499 1323 775 1384 temporum
812 1320 1076 1386 scriptores
1112 1320 1427 1370 retinuerunt.
1496 1317 1778 1383 Hieronymi
1813 1316 1956 1367 verba
1992 1315 2139 1366 etiam

170 1385 479 1436 amanuensis
529 1389 965 1439 commendationis
1012 1389 1187 1455 gratia,
1238 1396 1289 1439 ut
1335 1389 1543 1447 videtur,
1600 1387 1649 1437 in
1698 1385 1876 1437 Codice
1909 1383 2139 1435 Vaticano

171 1453 308 1532 3348
354 1456 544 1506 saeculo
592 1456 695 1506 XIV
741 1457 931 1508 Pastori
981 1458 1222 1524 praefixit,
1272 1456 1650 1523 subscripsitque
1700 1453 2012 1506 Similitudini
2051 1452 2138 1504 de-

174 1537 352 1573 c1mae:

379 1605 613 1672 „Explicit
645 1606 767 1658 liber
802 1608 1012 1673 pastoris
1050 1609 1272 1676 discipuli
1308 1609 1433 1660 beati
1471 1608 1597 1675 pauli
1632 1606 1897 1674 Apostoli.“

309 1687 399 1737 Est
431 1694 591 1739 autem
626 1690 860 1740 historiae
893 1691 1244 1742 ecclesiasticae
1281 1698 1650 1742 monumentum
1673 1689 1799 1751 anni,
1835 1696 1889 1740 ut
1919 1688 2142 1750 credunt,

171 1756 322 1806 ferme
362 1758 472 1818 170,
507 1758 645 1823 vulgo
678 1759 1018 1824 Fragmentum
1056 1760 1447 1821 Muratorianum‚
1484 1761 1534 1810 in
1574 1776 1668 1826 quo
1707 1760 1824 1809 haec
1857 1763 2142 1809 narrantur:

171 1824 452 1886 „Pastorem
499 1842 612 1877 vero
661 1828 940 1893 nuperrime
976 1830 1276 1894 temporibus
1312 1830 1497 1880 nostris
1536 1829 1585 1879 in
1618 1827 1736 1879 urbe
1772 1828 1926 1878 Roma
1960 1826 2141 1877 Herma
2224 1835 2242 1850 ·

174 1893 227 1954 (l.
265 1891 493 1958 Hermas)
545 1896 855 1961 conscripsit,
901 1898 1097 1947 sedente
1135 1899 1361 1950 cathedra
1396 1899 1531 1950 urbis
1566 1899 1749 1949 Romae
1786 1896 2016 1947 ecclesiae
2050 1894 2140 1946 Pio

175 1961 430 2027 episcopo,
467 1964 616 2013 fratre
653 1964 769 2014 eius.
840 1965 902 2014 Et
939 1965 1047 2016 ideo
1082 1967 1173 2031 legi
1211 1983 1321 2017 eum
1360 1967 1554 2034 quidem
1590 1971 1808 2032 oportet,
1857 1965 1943 2016 sed
1980 1963 2141 2030 publi-

174 2044 287 2080 care
334 2046 447 2080 vero
497 2031 546 2081 in
594 2032 794 2082 ecclesia
842 2035 1042 2099 populo,
1089 2050 1244 2102 neque
1290 2036 1418 2086 inter
1456 2036 1721 2101 prophetas
1758 2034 2055 2100 completum
2091 2032 2143 2099 (Ι.

173 2098 466 2231 (ἕοιῐῐιὲἰῧῑοε)
513 2115 740 2162 numer0,
788 2117 942 2168 neque
989 2103 1117 2154 inter
1160 2105 1423 2170 Apostolos
1469 2105 1519 2154 in
1555 2104 1701 2154 finem
1739 2109 2015 2169 temporum
2051 2117 2144 2169 po-

199 2183 251 2218 es
275 2206 286 2217 .

314 2249 497 2300 Similia
528 2250 1072 2306 Pseudo-Tertullianus
1085 2254 1129 2320 ⁶)
1143 2272 1154 2304 ε

376 2331 601 2398 „Iamque
634 2333 742 2383 loco
779 2351 910 2386 nono
947 2339 1224 2389 cathedram
1262 2339 1474 2405 suscepit
1507 2339 1748 2404 HyginuS‚

382 2400 503 2450 Post
539 2401 670 2451 hunc
706 2402 878 2454 deinde
913 2406 1042 2469 Pius,
1075 2408 1279 2459 Hermas
1317 2408 1392 2459 cui
1431 2408 1648 2473 germine
1683 2408 1844 2466 frater,

382 2468 638 2534 Angelicus
674 2478 841 2535 pastor
874 2474 1005 2539 cui⁷)
1042 2477 1215 2527 tradita
1252 2476 1394 2528 verba
1428 2477 1662 2527 locutus.“

312 2552 478 2617 Neque
526 2551 665 2601 aliter
712 2553 856 2605 Liber
902 2557 1223 2609 pontificalis:
1295 2559 1424 2619 „Sub
1461 2559 1603 2610 huius
1641 2557 1737 2623 (Pii
1775 2556 1820 2622 1)
1860 2557 2142 2624 episcopatu

172 2622 321 2672 frater
370 2621 472 2671 eius
531 2620 736 2671 Hermes
779 2623 954 2675 librum
999 2627 1219 2692 scripsit,
1286 2628 1338 2679 in
1384 2645 1479 2695 quo
1525 2627 1803 2678 mandatum
1851 2625 2141 2686 continetur,

175 2689 306 2756 quod
351 2689 394 2740 ei
437 2688 682 2754 praecepit
726 2694 921 2756 angelus
964 2696 1182 2759 Domini,
1226 2713 1335 2748 cum
1378 2698 1563 2748 veniret
1604 2697 1664 2746 ad
1714 2711 1825 2746 eum
1875 2695 1926 2745 in
1976 2694 2142 2746 habitu

175 2758 412 2824 pastoriS,
453 2763 508 2808 ut
544 2764 763 2808 sanctum
797 2761 980 2812 Pascha
1017 2765 1094 2814 die
1130 2766 1372 2817 dominica
1403 2766 1767 2818 celebraretur.“
1781 2763 1824 2828 1³)

313 2841 360 2890 2.
393 2840 613 2899 Hermae,
649 2841 784 2892 cuius
819 2845 1001 2894 mentio
1039 2848 1093 2896 fit
1129 2847 1179 2897 in
1214 2849 1300 2914 Ep.
1336 2849 1394 2899 ad
1418 2850 1556 2900 Rom.
1592 2864 1632 2899 c.
1677 2848 1749 2908 16,
1791 2849 1867 2909 14,
1887 2847 2138 2897 Pastorem

173 2909 251 2959 vix
286 2908 471 2960 auctori
507 2908 707 2971 tribuet,
759 2911 838 2976 qui
891 2913 1130 2965 internam
1178 2917 1279 2968 eius
1326 2918 1654 2968 conditionem
1691 2923 1832 2983 atque
1869 2915 2140 2966 doctrinam

171 2978 317 3028 fuerit
348 2983 692 3044 perscrutatus
763 2979 886 3033 Hinc
906 2981 1191 3048 Gratzius:⁹)
1229 2987 1538 3048 „Consilium,
1575 3002 1670 3052 quo
1707 2991 1866 3036 totum
1888 2984 1984 3035 hoc
2019 2999 2141 3050 opus

172 3053 246 3097 est
267 3046 611 3113 conscriptum,
633 3047 838 3099 Hermae
861 3052 1115 3101 convenire
1134 3055 1331 3105 omnino
1360 3056 1436 3106 vix
1470 3062 1647 3121 potest.
1683 3054 1939 3105 Pervoluto
1967 3067 2142 3118 nempe

258 3268 303 3318 2)
334 3269 483 3310 Homil.
514 3269 567 3311 25
597 3269 638 3310 in
668 3270 764 3310 Luc.
795 3282 828 3309 c.
866 3267 928 3317 12,
961 3268 1027 3309 58.
1274 3269 1320 3322 7)
1352 3272 1407 3311 Ita
1430 3286 1517 3313 cum
1532 3274 1838 3323 Moshemioide
1858 3273 1979 3314 rebus
1994 3272 2139 3313 Christ.

256 3324 302 3374 3)
334 3325 382 3365 Η.
413 3325 457 3365 Ε.
490 3326 559 3376 ΠΙ,
590 3325 629 3366 3.
1187 3332 1276 3366 ante
1316 3326 1563 3370 Constantia.
1605 3331 1653 3371 M.
1691 3343 1731 3383 p.
1765 3330 1875 3383 163.)
1914 3328 2140 3380 legendum.

265 3381 310 3431 4)
340 3381 397 3420 De
427 3381 523 3422 viris
552 3381 697 3422 illustr.
729 3394 762 3421 c.
798 3381 860 3422 10.
1186 3381 1334 3432 Vulgo:
1367 3386 1473 3435 quia.

261 3435 305 3486 5)
337 3436 519 3477 Galland.
549 3437 650 3477 Bibl.
682 3443 758 3478 vet.
791 3437 962 3478 patrum.
1015 3437 1126 3478 Tom.
1904 3470 1919 3478 -

173 3491 220 3531 11.
257 3503 296 3542 p.
333 3491 426 3533 208.
484 3493 680 3534 wieseler
712 3493 753 3532 in
785 3493 925 3533 Theoi.
960 3493 1126 3533 Studien
1275 3463 1318 3516 8)
1347 3465 1462 3516 Apud
1492 3468 1635 3509 B³s⁰¹¹·
1668 3469 1718 3509 “d
1750 3481 1839 3509 ³¹¹⁰·
1875 3469 1967 3510 ¹²²9·
1998 3481 2037 3509 ¹¹·
2069 3467 2107 3509 ⁴¹·

173 3546 257 3587 und
287 3546 465 3587 Kritiken
501 3549 620 3589 1847.
654 3548 880 3589 Fascic.lV.
913 3561 953 3600 p.
969 3549 1050 3590 825
1065 3561 1125 3601 sq.
1268 3547 1312 3597 9)
1344 3548 1580 3601 Disquisitio
1625 3551 1665 3590 in
1705 3552 1911 3591 Pastorem
1953 3551 2137 3593 Hermae.

264 3601 308 3653 6)
340 3601 485 3643 Contra
518 3605 706 3647 Marcion.
740 3604 809 3646 lib.
838 3605 904 3645 111.
936 3617 970 3645 c.
999 3605 1037 3646 9.
1183 3604 1328 3645 Partic.
1358 3605 1385 3645 Ι.
1424 3605 1585 3645 Bonnae
1619 3606 1738 3647 1820.
1778 3618 1817 3656 p.
1850 3606 1932 3647 Set
1955 3607 1994 3648 9.
