2340 3900
753 179 824 226 ΒΕ
861 178 1091 227 HERMAE
1131 181 1218 229 GR.
1257 165 1398 231 mps.
1435 183 1634 231 FONTE.
2087 193 2189 233 L111

208 307 483 365 Γελάσασά
515 328 606 378 μοι
640 305 784 379 λέγει.
833 313 1018 366 Eadem
1053 315 1149 367 vis.
1187 333 1287 384 cap.
1324 319 1370 371 3.
1407 325 1635 387 quattuor
1670 318 1792 369 haec
1827 333 1880 368 se
1915 317 2187 384 excipiunt:

206 377 360 434 Μετὰ
393 377 455 433 τὸ
489 382 765 449 παυθῆναι
799 378 932 450 λέγει
965 401 1082 450 μοι,
1132 381 1283 452 Λέγω
1319 382 1479 455 κάγὼ,
1517 384 1669 455 Λέγει
1703 404 1807 454 μοι,
1827 382 2072 438 ’Ήκουσα
2106 405 2189 453 με·

205 449 379 520 γάλας.
448 453 571 503 Item
608 453 705 504 vis.
740 453 831 515 ΙΙΙ,
881 456 956 506 10.
993 456 1237 522 excipiunt
1262 473 1321 508 se
1358 460 1451 509 tria
1488 460 1630 511 haec:
1673 453 2003 523 Ἀποκριθεὶς
2040 452 2187 527 αὐτῷ

201 518 356 590 λέγω,
398 518 729 588 ’Λποκριθείς
762 539 852 588 μοι
886 518 1032 590 λέγει,
1062 517 1391 591 Ἀποκριθεὶς
1427 523 1571 600 αὐτῷ
1606 523 1765 581 πάλιν
1800 521 1960 580 εἶπον.
2034 528 2185 579 Simi-

200 595 264 645 lia
297 592 607 644 inveniuntur
643 593 943 659 saepissime.
989 596 1096 656 Quo
1136 612 1247 646 cum
1282 613 1372 648 usu
1409 615 1488 649 res
1525 601 1703 650 alterae
1736 600 1856 650 duae
1894 599 2184 650 cohaerent:

200 680 314 714 usus
359 663 781 729 frequentissimus
828 664 962 714 verbi
1010 663 1174 731 φησίν
1219 667 1279 716 ad
1327 684 1438 717 eum
1474 685 1680 734 prorsus
1715 669 1918 719 modum
1955 685 2050 734 quo
2088 668 2183 718 La-

200 733 289 784 tini
323 738 513 799 ponunt
547 731 830 800 „inquit“‚¹¹)
866 741 915 784 et
950 735 1212 785 verborum
1251 736 1555 801 singulorum
1595 738 1851 789 collocatio
1876 738 2046 789 Latina
2075 754 2182 788 ma-

198 803 272 869 gis
309 818 452 870 quam
490 801 686 853 Graeca.

334 873 491 922 Porro
528 872 699 922 Latine
746 873 903 939 magis
953 868 1098 941 quam
1136 875 1318 926 Graece
1364 875 1492 925 dicta
1527 876 1753 927 videntur
1789 879 1930 929 haec:
1981 876 2089 928 τῶν
2127 871 2183 927 δὲ

196 936 268 1010 μὴ
312 936 540 1008 ἐχόντων
575 937 852 1008 ἐδέσματα,
907 943 1207 1010 λυμαίνεται
1241 940 1275 1011 ἡ
1313 938 1442 1010 σὰρξ
1476 938 1668 997 αὐτῶν.
1742 946 1959 1012 (Scilicet
1994 947 2055 998 ad
2091 948 2181 999 he-

194 1012 436 1064 braismos
472 1012 682 1063 Graecae
718 1012 950 1065 dictionis
987 1015 1197 1066 Hermae
1233 1015 1310 1066 vix
1345 1016 1635 1066 concludere
1658 1015 1806 1082 licet.)
1858 1018 1983 1068 Item
2011 1012 2182 1083 ὤμοσε

194 1077 295 1149 γὰρ
331 1075 361 1133 ὁ
396 1077 594 1149 κύριος,
629 1077 756 1142 τοὺς
792 1076 1190 1152 ἀρνησαμένους
1224 1079 1318 1135 τὸν
1345 1080 1534 1150 κύριον
1573 1077 1751 1135 αὐτῶν
1790 1079 2181 1151 ἄπεγνωρίσθαι

196 1145 302 1204 ἀπὸ
349 1151 442 1220 τῆς
492 1151 625 1219 ζωῆς
668 1146 874 1204 αὐτῶν·
920 1151 1046 1215 τοὺς
1094 1151 1150 1206 δὲ
1197 1150 1451 1221 πρότερον
1487 1148 1908 1222 ἀρνησαμένους,
1959 1151 2045 1207 διὰ
2081 1153 2180 1223 τὴν

192 1217 392 1290 πολλὴν
436 1217 605 1273 αὐτοῦ
649 1217 1033 1291 εὐσπλαγχνίαν
1077 1224 1225 1286 ἵλεως
1270 1221 1469 1292 ἐγένετο
1513 1218 1708 1285 αὐτοῖς.
1792 1227 1897 1276 Huc
1945 1229 2182 1279 accedunt

191 1294 287 1345 loci
334 1294 497 1360 plures
545 1294 626 1360 qui
645 1336 656 1357 ‚
703 1295 800 1345 nisi
846 1296 1078 1347 adhibitis
1125 1297 1415 1347 lectionibus
1463 1296 1650 1346 Latinis
1696 1295 1853 1381 iisque
1898 1303 1954 1346 ut
1989 1296 2180 1366 yidetur

192 1363 401 1426 vitiosiS‚
456 1364 531 1415 vix
580 1370 763 1430 queunt
810 1365 1037 1432 intellegi.
1108 1366 1180 1416 Ita
1216 1367 1312 1417 Vis.
1349 1367 1398 1429 Ι,
1437 1368 1482 1418 2.
1522 1366 1724 1431 legitur:
1779 1365 1846 1415 H
1873 1359 1928 1415 δὲ
1965 1365 2071 1415 εἰπε
2116 1365 2179 1417 Τι’

192 1427 413 1500 στυγνὸς
461 1428 491 1484 ὁ
538 1430 886 1501 μακρόθυμος
1020 1434 1069 1486 τί
1105 1431 1246 1486 οὕτω
1286 1431 1528 1503 κατηφὴς
1562 1435 1627 1503 τῇ
1666 1429 1779 1506 ἰδέα
1809 1430 1898 1485 καὶ
1937 1426 2035 1500 οὐχ
2072 1432 2178 1486 ἱλα-

191 1500 310 1570 ρός;
359 1500 470 1555 Καὶ
514 1498 660 1556 εἷπον
706 1498 842 1573 αὐτῇ
880 1499 1016 1556 ‘Two'
1066 1523 1209 1566 τινος
1252 1501 1504 1570 γυναικὸς
1550 1498 1894 1572 ἄγαθωτάτης
1927 1500 2179 1571 λεγούσης

189 1592 279 1640 μοι
314 1569 395 1624 ὅτι
429 1582 519 1625 etc.
587 1575 771 1626 Eadem
805 1576 857 1626 in
893 1577 999 1627 cod.
1034 1577 1185 1628 Palat.
1221 1578 1292 1627 sic
1331 1577 1532 1628 habent:
1579 1577 1668 1639 „Et
1705 1576 1825 1626 dixit
1859 1575 2008 1626 mihi:
2048 1577 2177 1637 Quid

190 1645 347 1696 tristis
390 1661 443 1696 es
494 1651 567 1707 tn,
612 1645 1004 1711 longanimis“...
1041 1647 1185 1714 „quid
1222 1646 1294 1697 sic
1328 1647 1462 1697 vultu
1498 1646 1684 1697 tristis“
1720 1643 1835 1711 (sic)
1872 1662 1952 1708 „es
1991 1652 2040 1696 et
2074 1662 2177 1695 non

191 1714 362 1771 hilari“
407 1712 565 1781 (sic)‘?
635 1715 726 1777 „Et
772 1732 861 1782 ego
908 1715 1005 1766 dixi
1054 1717 1121 1767 ei:
1171 1717 1212 1768 A
1251 1717 1430 1767 femina
1464 1717 1594 1767 bona
1629 1715 1821 1766 dicente
1858 1714 1980 1765 mihi
2019 1715 2177 1781 quod“

188 1792 278 1835 etc.
349 1785 478 1834 Haec
529 1785 700 1835 Latine
747 1792 879 1836 certe
931 1793 981 1836 et
1025 1786 1121 1837 dici
1169 1793 1351 1853 queunt
1397 1793 1446 1837 et
1494 1786 1859 1850 intelleguntur,
1914 1801 2016 1835 non
2053 1785 2173 1835 item

189 1855 384 1904 Graece.
454 1855 654 1920 Vulgato
703 1871 819 1905 vero
857 1861 990 1906 textu
1025 1862 1238 1906 extrema
1276 1856 1346 1905 sic
1382 1855 1663 1907 exhibente:
1711 1854 1960 1917 „Domina‚
1998 1860 2173 1905 contu-

189 1923 333 1974 melia
369 1924 492 1974 mihi
531 1923 719 1974 obiecta
753 1931 828 1975 est
864 1940 892 1974 a
926 1925 1132 1976 femina“
1167 1931 1270 1988 etc„
1306 1925 1554 1990 probabile
1591 1925 1648 1973 fit
1683 1929 1869 1974 textum
1900 1924 2174 1974 Palatinum

189 1992 304 2043 vitio
340 1993 561 2043 laborare
597 2009 752 2059 eoque
788 1994 936 2044 etiam
973 1995 1032 2044 ab
1071 1994 1338 2059 interprete
1372 1995 1556 2045 Graeco
1595 2009 1843 2059 expresso.
1896 1993 2055 2043 Simili
2091 2009 2172 2043 ra-

189 2062 324 2112 tione
357 2062 512 2111 utitur
546 2062 684 2112 locus
722 2062 839 2112 Sim.
875 2063 952 2123 lx,
998 2066 1071 2114 14.
1144 2063 1214 2112 Ibi
1250 2063 1430 2113 Graece
1467 2063 1668 2127 legitur:
1719 2061 1860 2122 Νῦν,
1896 2060 2044 2128 φημί,
2083 2056 2174 2112 κύ-

189 2147 266 2196 ριε
310 2126 551 2196 δήλωσόν
598 2147 687 2197 μοι
722 2125 810 2180 διὰ
844 2133 894 2180 τί
931 2126 960 2180 ὁ
997 2129 1199 2197 πύργος
1233 2129 1391 2197 χαμαὶ
1425 2125 1525 2183 οὐκ
1562 2125 1896 2200 ᾠκοδόμηται
2037 2124 2168 2195 ’Ἐτα

269 2199 367 2261 σίν,
403 2194 593 2267 ἄφρων
628 2192 678 2250 εἷ
706 2196 795 2251 καὶ
830 2193 1096 2262 ἀσύνετος.
1165 2195 1424 2268 Ἀνάγκην
1460 2197 1582 2268 ἔχω,
1621 2199 1776 2267 φημί,
1816 2195 1963 2264 κύριε
2000 2197 2174 2251 πάντα

187 2270 477 2336 επερωτᾶν,
527 2265 661 2321 διότι
706 2277 796 2321 etc.
851 2265 988 2333 ”Ετι,
1038 2271 1166 2339 quod
1204 2272 1254 2322 in
1293 2273 1573 2338 apographo
1611 2278 1698 2333 est,
1736 2270 1938 2321 omnino
1976 2270 2036 2320 ab
2073 2271 2170 2322 im-

186 2341 340 2407 proba
387 2340 726 2391 emendatione
770 2342 1043 2406 profectum
1092 2347 1167 2391 est
1212 2342 1355 2391 unius
1404 2359 1461 2391 ex
1510 2340 1898 2391 describentibus
1934 2356 2026 2405 pro
2065 2335 2169 2390 tiu:

187 2411 282 2460 hoc
330 2417 383 2459 ut
428 2426 485 2459 ex
533 2409 720 2460 Latinis
766 2409 1038 2472 codicibuS‚
1090 2411 1155 2460 ita
1206 2427 1262 2460 ex
1299 2410 1539 2460 orationis
1577 2408 1941 2459 continuatione
1975 2410 2169 2475 perspi-

184 2495 327 2530 cuum
363 2479 432 2540 fit,
466 2479 594 2529 unde
629 2478 775 2528 etiam
814 2478 908 2529 hoc
944 2480 1182 2546 sequitur,
1220 2479 1271 2529 in
1306 2479 1480 2529 Latino
1518 2484 1650 2529 textu
1686 2478 1875 2543 vulgato
1913 2484 2045 2529 recte
2081 2480 2168 2529 ad—

182 2548 337 2599 ditum
385 2564 494 2599 esse
541 2548 680 2611 „ideo
727 2549 1043 2616 interrogaS.“
1114 2549 1255 2610 Quod
1301 2549 1685 2599 additamentum
1731 2547 1782 2597 in
1820 2547 1988 2597 codice
2023 2549 2164 2599 Pala-

185 2618 287 2668 tino
324 2618 650 2681 desideratur,
684 2617 961 2686 pariterque
996 2619 1048 2669 in
1083 2619 1368 2685 fragmentis
1406 2618 1604 2669 Graecis
1643 2616 2004 2684 LipsiensibuS‚
2044 2634 2167 2685 quae

182 2703 209 2738 a
263 2687 411 2738 simili
458 2687 626 2739 codice
662 2687 835 2738 Latino
871 2689 1163 2776 pependisse
1199 2704 1437 2755 perquam
1472 2687 1724 2754 probabile
1761 2693 1851 2738 est.
1921 2686 1987 2737 Ut
2021 2703 2165 2754 prae-

185 2764 369 2808 teream
395 2757 490 2807 Vis.
513 2757 592 2819 ΠΙ,
626 2760 668 2808 1.
692 2757 852 2825 Λυπῇ
891 2758 1060 2826 Ερμᾶ,
1099 2759 1369 2824 similiaque
1391 2757 1494 2819 alia,
1531 2762 1806 2807 memoratu
1842 2755 2041 2822 dignum
2077 2763 2166 2819 est,

181 2833 464 2893 recuperato
502 2842 618 2878 vero
652 2827 921 2880 Simonidis
958 2829 1239 2895 apographo
1287 2827 1433 2878 etiam
1472 2826 1588 2878 illud
1624 2826 1813 2892 perisse
1851 2825 2022 2876 Graeci
2059 2833 2164 2876 tex-

296 2992 368 3044 11)
400 2993 548 3034 Notata
579 2993 742 3045 dignum
771 3001 856 3046 est,
884 2995 986 3036 locis
1017 2995 1188 3036 Hermae
1220 2994 1376 3047 aliquot
1405 2993 1622 3035 Doctrinae
1668 2990 1719 3031 ad
1752 2990 1935 3031 Antioch.
1962 2990 2060 3030 Duc.
2100 2990 2163 3030 in-

180 3050 298 3092 sertis
329 3049 448 3104 λέγω
477 3049 539 3090 vel
569 3050 695 3105 λέγει
723 3051 886 3102 haberi,
918 3052 1062 3105 quibus
1090 3051 1234 3092 iisdem
1278 3057 1406 3091 textus
1441 3050 1617 3091 Graecus
1648 3047 1871 3100 Lipsiensis
1907 3045 2056 3101 φησὶν
2084 3058 2164 3098 po-

180 3114 259 3148 nat.
318 3105 377 3146 Cf.
408 3105 503 3146 Sim.
535 3106 594 3157 vl,
626 3107 667 3149 3.
696 3108 834 3148 Doctr.
874 3109 926 3149 ad
953 3108 1136 3149 Antioch.
1195 3106 1293 3149 Καὶ
1332 3107 1456 3162 λέγει
1498 3120 1581 3163 μοι
1626 3098 1778 3150 Οὗτός
1821 3100 1953 3144 ἔστιν
1993 3108 2033 3142 et
2070 3108 2164 3144 text.

181 3164 249 3205 Gr.
278 3161 389 3215 LEPS.
420 3150 584 3215 Οὗτος,
625 3165 801 3220 φησίν,
835 3162 980 3208 ἐστίν.
1037 3165 1191 3205 Ibidem
1221 3165 1358 3206 Doctr.
1390 3164 1442 3203 ad
1471 3162 1653 3204 Antioch.
1685 3159 1829 3215 Λέγω
1869 3156 1994 3212 αὐτῷ
2019 3152 2163 3200 ’'1136-

179 3219 261 3262 λον
286 3219 481 3273 γνῶναι,
513 3214 644 3276 κύριε
673 3226 714 3261 et
741 3226 836 3263 text.
866 3220 934 3263 Gr.
963 3220 1074 3274 Lips.
1098 3214 1331 3273 ’Ήθελον,
1362 3220 1511 3277 φημί,
1541 3214 1686 3275 κύριε,
1721 3217 1914 3271 γνῶναι.
1973 3215 2071 3279 ΙΙῑοῐῐι
2110 3215 2162 3255 es.

181 3275 310 3316 Mand.
342 3275 404 3324 Vl,
437 3276 473 3317 1.
502 3275 571 3315 ubi
602 3277 740 3319 Doctr.
772 3277 823 3317 ad
856 3278 943 3319 Ant.
973 3278 1032 3318 sic
1063 3277 1203 3318 habet:
1249 3271 1485 3319 Ἐνετειλά
1526 3288 1582 3328 ην
1614 3284 1687 3315 σοι
1721 3272 1772 3315 ἐν
1802 3274 1857 3330 τῇ
1890 3283 2054 3327 πρωτῃ
2077 3266 2163 3322 ,ἒν-

180 3331 289 3389 τολῇ
330 3330 408 3374 ἵνα
446 3326 657 3391 φυλάξῃς
685 3330 769 3386 τὴν
799 3334 967 3377 πίστιν
998 3332 1078 3375 καὶ
1106 3331 1190 3375 τὸν
1219 3329 1391 3390 φόβον,
1422 3346 1483 3376 κα
1532 3330 1613 3387 &yx
1646 3324 1831 3384 ατεύσῃ.
1874 3324 2163 3383 namot-⁹⁷2⁹

180 3389 301 3439 Ναί,
333 3382 488 3446 κύριε,
516 3383 666 3436 οὕτως
697 3386 841 3433 ἐστίν.
900 3391 1049 3446 Λέγει
1067 3387 1200 3432 Ἀλλὰ
1233 3392 1320 3433 νῦν
1346 3389 1472 3432 θέλω
1504 3398 1578 3431 σοι
1641 3387 1819 3440 ηλῶσαι
1849 3382 1928 3425 καὶ
1961 3380 2046 3429 τὰς
2076 3379 2162 3424 δυ·-

180 3438 348 3540 νάμειῦς
386 3441 569 3541 αὐτῖξν,
601 3444 695 3523 ,ἵνα
737 3441 853 3499 νοήσ
886 3461 908 3514 ς
950 3445 1034 3501 τὴν
1079 3440 1375 3544 δύναμινίῆν
1400 3444 1563 3544 ἔχουσι
1593 3443 1671 3486 καὶ
1701 3440 1954 3539 ἐνέργὶπιὲν.
1979 3439 2161 3538 υἶεξιιιῖ

179 3512 463 3599 ἷῗὲἕηῖῗίι
506 3504 999 3616 ’ἒῗῖφῗὲῗὶᾌιαῖἒῖ
1028 3512 1678 3618 ᾗοέράέἒῗὲιῗίνέίῖἴρηῖἳζ
1720 3510 1863 3612 ἴέριε.
1913 3510 2045 3595 ιὲἆλιὲ
2072 3510 2159 3619 νξῖι

183 3611 307 3652 θέλω
338 3621 438 3678 ⁶9⁶²
465 3613 638 3669 φησίν,
702 3614 882 3669 ηλῶσαι
908 3615 988 3657 καὶ
1018 3615 1103 3664 τὰς
1131 3612 1361 3673 δυνάμεις
1393 3613 1563 3665 αὐτῶν,
1595 3613 1673 3655 ἵνα
1703 3606 1872 3670 νοήσῃς
1899 3610 1971 3658 τίς
2001 3606 2159 3651 αὐτων

182 3668 289 3710 τίνα
320 3663 527 3726 δύναμιν
554 3667 650 3727 ἔχει
676 3670 758 3714 καὶ
786 3669 1039 3731 ἐνέργειαν.
