2340 3900
553 175 770 224 mnam
801 177 1075 225 EPISTOLA
1110 179 1180 225 Ab
1220 176 1613 226 POLYCARPUM.
1661 177 1694 224 1.
1996 172 2090 223 199

729 377 821 418 An
882 377 1482 422 POLYCARPUM.

264 473 491 536 ignatius,
539 473 620 535 qui
655 479 703 520 et
736 472 1067 535 TheophoruS,
1105 473 1375 536 Polycarpm
1414 476 1636 537 episcopo
1673 474 1898 523 ecclesiae
1935 475 2086 538 Smyr·

333 556 567 600 meorum,
604 543 682 604 qui
719 542 818 605 ipse
854 541 1007 604 potius
1045 542 1314 604 episcopum
1351 543 1488 591 habet
1522 542 1663 592 Deum
1713 551 1886 607 patrem
1922 550 1969 593 et
2005 545 2090 593 Do·

332 611 504 659 minum
544 611 694 660 lesum
733 611 976 669 Christum,
1011 609 1254 674 plurimam
1288 611 1493 659 salutem.

614 715 901 759 ‘Erlsrou
933 717 1124 759 IGNATII
1154 717 1215 759 An
1247 716 1594 761 POLYCARPUM.

260 800 527 869 *Iguuium
577 807 655 869 qui
706 813 754 854 et
806 807 1134 869 TheophoruS,
1186 806 1440 870 Polycarpo
1508 807 1739 856 Ecclesiae
1797 809 2089 871 'smyrnensis

326 877 583 939 Episcopo,
630 876 701 923 vel
753 877 906 939 potius
956 875 1042 924 sub
1077 876 1307 939 Episcopo
1344 876 1438 924 Deo
1490 877 1623 925 Patre
1671 884 1716 926 et
1753 878 1942 926 Domino
1985 879 2089 925 lesu

330 946 537 1004 Christo,
574 945 763 994 salutem
799 945 1055 1009 plurimam.

796 1058 833 1108 1.
905 1058 1037 1107 Laus
1071 1064 1114 1105 et
1147 1057 1425 1106 adhortatio.

257 1154 382 1202 Piam
414 1161 615 1203 mentem
647 1162 785 1214 tuam,
821 1155 948 1205 velut
981 1170 1122 1219 supra
1157 1162 1333 1217 petram
1367 1153 1645 1202 immobilem
1683 1153 1926 1213 fundatam,
1965 1170 2088 1202 com-

79 1288 82 1291 ·
117 1224 344 1288 probans,
394 1226 583 1272 summis
620 1225 765 1273 eveho
797 1225 1033 1284 laudibus,
1077 1224 1201 1287 quod
1239 1225 1404 1287 dignus
1453 1224 1539 1272 sim
1591 1224 1772 1271 habitus
1809 1231 1963 1272 sancta
2015 1231 2090 1271 tua

121 1295 252 1353 facie,
289 1308 379 1356 qua
413 1295 584 1342 utinam
619 1309 805 1358 semper
841 1295 931 1344 frui
966 1295 1142 1358 possim
1179 1295 1226 1341 iu
1261 1295 1371 1342 Deo.
1444 1293 1647 1342 Obsecro
1689 1300 1730 1341 te
1767 1308 1850 1356 per
1884 1294 2087 1356 gratiam,

120 1378 212 1428 qna
255 1364 440 1412 indutus
476 1378 553 1423 es,
601 1371 654 1412 ut
705 1379 873 1428 augeas
911 1379 1098 1414 cursum
1134 1370 1276 1422 tuum,
1312 1378 1566 1426 omnesque
1603 1364 1878 1420 adhorteriS,
1913 1370 1964 1410 ut
2000 1363 2090 1409 sal-

118 1441 291 1483 veum.
334 1433 539 1482 Defende
573 1433 727 1484 locum
762 1442 891 1483 tuum
926 1436 972 1483 in
1009 1435 1134 1483 omni
1171 1449 1281 1482 cura
1317 1434 1485 1482 carnali
1525 1441 1572 1481 et
1607 1432 1846 1495 spirituali.
1896 1431 2086 1479 Unitatis

123 1517 279 1553 mam
313 1503 447 1561 habe,
484 1518 574 1567 qua
607 1505 724 1552 nihil
757 1505 937 1554 melius.
1010 1506 1177 1553 Omnes
1211 1503 1381 1567 perfer,
1415 1510 1465 1551 ut
1501 1509 1546 1550 et
1581 1508 1626 1550 te
1660 1501 1838 1565 perfert
1857 1501 2087 1549 Dominus.

123 1573 288 1623 Omnes
309 1573 456 1622 tolera
477 1573 524 1621 in
561 1574 795 1633 charitate,
832 1576 953 1624 sicut
976 1582 1025 1624 et
1045 1575 1177 1623 sacis.
1226 1573 1447 1622 Precibus
1471 1586 1580 1621 vaca
1602 1572 1854 1634 perpetuis
1902 1572 2089 1618 Postula

119 1644 383 1705 sapientiam
419 1644 640 1693 maiorem
676 1659 813 1707 quam
848 1645 1008 1694 habes.
1079 1644 1251 1707 Vigila,
1289 1644 1546 1692 insomnem
1581 1643 1792 1705 spiritum
1823 1641 2086 1704 possidens.

119 1713 319 1777 Singulis
349 1713 559 1776 loquere,
596 1721 646 1762 ut
678 1721 813 1778 potes
835 1716 929 1764 Deo
967 1715 1219 1765 adiuvante.
1272 1715 1549 1762 Cunctorum
1575 1712 1915 1775 aegrotationes
1939 1717 2087 1773 porta,

117 1784 239 1832 sieut
271 1783 504 1847 perfectus
538 1784 720 1833 athleta.
790 1784 874 1834 Ubi
913 1785 1016 1849 plns
1053 1785 1241 1842 laboris,
1278 1784 1341 1832 ibi
1377 1797 1590 1846 magnum
1629 1783 1825 1832 lucrum.

253 1877 335 1928 *1.
406 1880 615 1931 Probans
658 1884 857 1932 animum
904 1891 1029 1931 tuum
1084 1885 1130 1931 in
1167 1884 1260 1930 Deo
1298 1882 1550 1939 firmatum,
1587 1880 1707 1929 velut
1737 1895 1877 1943 super
1912 1885 2087 1942 petram

117 1950 416 2008 immobilem,
450 1954 641 2002 summis
675 1953 816 2002 neum
853 1954 1062 2001 laudibus
1099 1954 1258 2010 eveh0,
1297 1952 1421 2013 quod
1457 1959 1577 1999 tuam
1616 1950 1887 2011 inculpatam
1926 1948 2086 1995 faciem

116 2021 274 2070 videre
326 2022 599 2080 meruerim,
647 2037 740 2085 qua
788 2023 960 2071 utinam
1009 2024 1055 2070 in
1090 2023 1183 2070 Deo
1231 2022 1371 2069 fruar.
1441 2021 1644 2068 Obsecro
1683 2026 1727 2067 te
1764 2033 1847 2081 per
1883 2018 2085 2080 gratiam,

118 2104 211 2153 qua
255 2090 440 2138 indutus
488 2104 568 2149 eu,
623 2098 676 2140 ut
717 2105 905 2140 cursum
953 2099 1078 2139 tuum
1126 2104 1421 2153 promoveaS,
1472 2103 1723 2151 omnesque
1769 2088 1999 2144 horteris,
2036 2095 2088 2135 ut

122 2158 367 2207 alveum.
436 2159 624 2208 vindica
657 2167 706 2209 et
741 2167 871 2210 tuere
906 2160 1059 2209 locum
1094 2169 1221 2208 tuum
1259 2174 1361 2208 cum
1400 2161 1523 2208 omni
1559 2158 1791 2221 diligentia
1839 2163 1928 2204 tam
1983 2171 2082 2204 cor-

120 2227 294 2290 porali,
330 2242 466 2291 quam
501 2229 740 2292 spirituali.
811 2229 1002 2278 Unitatis
1039 2245 1195 2278 curam
1231 2229 1363 2287 habe,
1403 2243 1494 2291 qua
1526 2228 1638 2276 nihil
1674 2227 1850 2275 melius·
1920 2227 2085 2274 Omnes

119 2305 281 2361 porta,
329 2298 711 2361 quemadmodum
759 2306 805 2347 te
841 2300 1082 2356 Dominus;
1130 2314 1289 2348 omnes
1342 2299 1485 2347 tolera
1528 2299 1574 2345 in
1624 2298 1835 2353 caritate,
1888 2297 2007 2343 sicut
2042 2303 2087 2343 et

120 2367 246 2415 facia.
311 2367 531 2416 meibm
565 2382 675 2417 vaca
706 2369 809 2417 aine
844 2370 1198 2418 intermissione.
1267 2369 1452 2417 Postula
1488 2366 1766 2416 intellectum
1803 2365 2082 2427 ampliorem,

118 2450 254 2499 qnam
305 2435 463 2484 habes.
533 2436 703 2501 Vigila,
748 2439 959 2502 spiritum
1007 2441 1264 2487 insomnem
1309 2438 1499 2486 habens,
1582 2435 1782 2498 Singulis
1831 2435 2084 2482 secundum

83 2505 391 2559 ‚adiutorium
425 2505 504 2554 Dei
553 2507 759 2571 loquere.
833 2508 1042 2557 Omnium
1097 2508 1381 2556 infirmitates
1416 2506 1599 2570 perfer,
1634 2511 1686 2554 ut
1722 2504 1890 2553 athleta
1936 2504 2083 2567 perse-

117 2581 235 2623 ctus.
304 2572 389 2623 Ubi
422 2575 528 2639 plus
563 2576 765 2637 laboris,
795 2577 858 2626 ibi
892 2578 996 2641 plus
1033 2578 1344 2628 emolumenti.

204 2708 253 2763 ⁹)
280 2710 462 2754 [animur
487 2712 532 2754 S.
559 2710 740 2764 Paulum,
770 2711 838 2767 qui
869 2724 969 2755 voce
998 2708 1070 2756 ἐν·
1126 2712 1309 2755 studiose
1333 2711 1547 2754 fovendam
1564 2723 1611 2753 ac
1632 2722 1778 2764 preces
1810 2708 1972 2751 assidue
1990 2709 2082 2751 sun-

114 2759 217 2811 δῦο
244 2773 286 2810 et
311 2762 540 2826 Metapa
569 2767 650 2811 boe
675 2780 798 2811 senon
834 2781 959 2823 saepe
991 2770 1071 2811 uti·
1129 2770 1282 2812 dendus
1314 2770 1497 2811 hortatus
1528 2774 1601 2810 est.
1648 2767 1937 2809 Duesterdieck.

116 2828 195 2875 tur,
221 2835 260 2866 e.
286 2836 326 2876 g.
353 2823 457 2878 aph.
483 2825 527 2874 6,
558 2824 624 2868 u.
652 2823 743 2868 cni.
773 2825 817 2877 3,
841 2826 906 2869 12.
937 2826 1069 2869 Peara.
1216 2826 1286 2879 ¹4)
1315 2826 1430 2879 Apud
1448 2826 1749 2874 Damascenum‚
1781 2823 1848 2877 qui
1879 2823 1985 2865 hunc
2016 2822 2079 2863 lo-

1127 2895 1217 2924 cum
1264 2882 1383 2933 citat,
1435 2881 1581 2934 legitur
1627 2879 1884 2936 ἀκοίμητον
1928 2873 1956 2920 ὅ
1994 2893 2079 2936 μα,

118 2904 536 3012 Adlss'gso‘nfhzl
651 2905 1069 3024 τὴῐὲῖόῖορέμῖἔῑῖ
1127 2939 1237 3008 wod
1274 2939 1380 3007 idem
1420 2944 1504 2990 θεὶς
1563 2936 1752 2987 intelligit
1797 2935 1901 2976 enim
1971 2949 2081 3032 pasta

118 3019 199 3069 ²⁰·
227 3016 297 3062 ²*
342 3018 375 3061 ¹¹
395 3018 497 3062 ¹³·-
539 3020 594 3072 ⁴·
622 3020 664 3063 ⁷·
702 3020 888 3065 '‘w--
955 3022 999 3065 ¹¹·
1038 3022 1068 3063 ⁶
1127 3009 1223 3103 ³:¹25.
1286 3009 1422 3106 ,2⁰¹3
1449 2991 1978 3105 .¹:⁶.35³;„..¹.·.¹.t‡‘¹;.⁰:2z-,312.
2025 2998 2079 3089 ¹12,-

120 3075 407 3132 '‘aava“
1127 3107 1202 3160 ΕΡ.
1231 3107 1446 3150 Clementis
1477 3109 1588 3149 Rom.
1634 3106 1684 3146 ad
1714 3104 1914 3146 lacohum.
1945 3118 1979 3144 c.
2014 3103 2077 3145 12.

207 3158 281 3212 11)
310 3159 340 3200 l.
380 3173 416 3202 e.
462 3160 645 3211 mia,
683 3166 806 3204 aare.
861 3161 1069 3204 Gratiani:
1127 3163 1187 3207 Οἱ
1215 3162 1307 3222 μὲν
1341 3155 1426 3209 οὖν
1465 3165 1547 3218 τῆς
1586 3160 1830 3214 ἐκκλησίας
1869 3155 2082 3203 διάκονοι

118 3214 326 3258 0.·ωᾶἰά
365 3214 654 3267 (Gauieeiotliz
696 3216 895 3271 Sutia-i)
934 3217 962 3259 il
999 3225 1069 3260 tuo

118 3278 254 3325 posto.
317 3271 604 3315 retem-mn
651 3273 832 3330 quaerit,
894 3275 983 3329 Syr.
1031 3282 1071 3317 et

119 3328 224 3371 Aru.
243 3340 295 3371 ιι
308 3327 478 3381 baeu-lu
491 3326 547 3372 τό
562 3328 750 3387 »τρίπον
762 3342 803 3386 p.
812 3328 897 3375 τόν
907 3325 1069 3375 τόπον.

211 3410 281 3467 12)
307 3408 635 3464 &uictumae
663 3426 742 3457 om.
773 3414 863 3469 Syr.
893 3421 934 3456 et
963 3416 1067 3457 Arm.

212 3493 284 3548 18)
310 3494 375 3540 nn
411 3496 534 3541 habet
577 3498 645 3542 hic
681 3498 796 3542 locus
834 3499 1068 3542 rusticitatis

121 3553 1068 3656 mmmmm

121 3662 296 3715 lonii-s
324 3664 590 3723 Polym}-
626 3681 743 3712 mm
772 3669 823 3713 ad
856 3669 1069 3713 ecclesiam

1127 3220 1210 3262 τοῦ
1250 3216 1517 3263 ἐπισκόπου
1555 3219 1760 3266 συνετῶς
1796 3211 2080 3275 ρεμβόμενοι

1126 3271 1341 3320 ἔστωσαν
1369 3276 1414 3319 οἱ
1440 3275 1701 3334 ὀφθαλμοί.

1214 3331 1283 3385 15)
1310 3328 1575 3390 όμοὴθειαν
1616 3329 1828 3383 interpol.‚
1880 3335 1955 3371 vet.
2006 3329 2078 3370 lnt.

1127 3388 1263 3430 Lectio
1295 3396 1484 3443 corrupta
1517 3401 1560 3429 ex
1591 3382 1839 3441 βοήθειαν,
1869 3385 1979 3440 quod
2009 3397 2076 3427 ex-

1126 3445 1264 3490 hibent
1299 3444 1329 3487 C
1353 3445 1398 3487 1..
1455 3444 1567 3497 Apud
1608 3446 1696 3496 Syr.
1736 3449 1776 3484 ct
1812 3442 1917 3484 Arm.
1958 3439 2079 3484 κατὰ

1127 3501 1310 3558 θέλημα
1335 3514 1406 3543 σω
1434 3498 1602 3555 βουλὴν
1635 3499 1767 3542 Θεοῦ.

1215 3556 1284 3609 m)
1315 3557 1479 3601 autor
1497 3557 1525 3595 (Σ
1550 3556 1592 3597 l..
1652 3557 1778 3608 Syrus
1803 3566 1868 3608 ap.
1886 3554 2074 3597 Cureton.

1127 3627 1215 3655 cum
1246 3612 1456 3655 Antiochio
1487 3609 1609 3654 ὅπου
1630 3608 1762 3669 [γὰρ]
1794 3610 1970 3656 πλείων
1997 3605 2080 3654 κό-

1129 3683 1231 3722 πος,
1262 3666 1383 3712 πολὺ
1413 3666 1533 3724 [καὶ]
1569 3664 1747 3725 κέρδος.
