2340 3900
741 162 1070 212 mmmm!
1107 166 1154 214 S.
1189 167 1414 215 IGNATu.
1463 166 1535 214 Vl.
1573 166 1662 214 Vll.
2062 162 2163 213 215

609 341 682 388 vl.
750 342 969 404 Iynatins
1003 343 1178 392 Romae
1222 362 1254 393 a
1290 346 1444 393 bestiis
1479 346 1750 394 devoratur.

337 455 466 502 Illinc
500 467 612 515 ergo
648 451 859 499 abierunt
892 451 949 498 ab
985 467 1057 509 eo,
1096 454 1172 514 qui
1212 455 1379 501 dicitur
1395 455 1561 502 Portus
1597 451 1704 511 (iam
1726 467 1835 502 vero
1867 467 2028 517 sparsa
2062 461 2162 501 erat

201 525 345 572 saneti
379 523 594 585 martyris
631 518 793 580 fama);
837 519 1071 568 obviamus
1107 522 1321 569 fratribus
1357 530 1479 569 metu
1514 525 1761 586 et·gaudio
1799 522 2016 585 repletis,
2051 536 2157 585 gau-

196 593 406 641 dentibus
439 592 646 653 quidem,
697 589 823 651 quod
858 603 1113 651 congressu
1148 591 1412 652 Theophori
1452 592 1571 639 Deus
1608 594 1733 655 ipsos
1770 598 1896 640 esset
1930 593 2160 656 dignatus,

196 659 461 709 timentibus
497 667 673 717 autem,
707 659 832 720 quod
870 658 969 704 talis
1005 660 1074 706 vir
1107 659 1166 707 ad
1198 665 1391 706 mortem
1430 661 1689 708 duceretur.
1759 661 1989 718 Quosdam
2022 661 2157 709 etiam

194 731 383 787 monuit,
418 736 470 777 ut
503 729 808 791 quiescerent,
845 728 924 790 qui
958 726 1193 775 fervebant
1230 727 1515 790 aiebantque,
1554 744 1605 776 se
1632 729 1852 792 populum
1889 744 1994 779 esse
2028 729 2157 778 seda·

194 806 351 857 turos,
400 813 458 846 ne
505 799 650 845 virum
695 796 863 844 iustum
907 796 965 843 ad
998 811 1160 845 necem
1196 805 1452 859 quaereret.
1522 798 1606 855 Qui
1644 813 1745 846 cum
1782 799 2025 847 confestim
2057 813 2154 848 rem

195 867 359 931 spiritu
394 867 688 928 cognovisset
722 873 770 914 et
802 879 961 913 omnes
996 867 1259 923 salutasset,
1307 873 1352 913 et
1387 866 1443 913 ab
1493 866 1545 914 iis
1590 881 1746 914 verum
1782 882 1983 916 amorem
2018 867 2156 932 pluri·

191 937 280 985 bus
315 936 489 994 verbis,
527 950 662 998 quam
698 937 745 983 in
780 933 998 997 epistola,
1034 937 1269 999 petiisset,
1308 936 1457 997 iisque
1503 937 1834 997 persuasisset,
1871 952 1928 984 ne
1965 937 2053 986 sibi
2090 938 2155 985 in·

191 1006 400 1054 viderent
430 1005 489 1053 ad
522 1005 761 1052 Dominum
796 1003 1054 1059 festinanti,
1103 1019 1249 1060 nunc,
1303 1011 1544 1066 postquam
1573 1006 1742 1051 ‘cuncti
1793 1005 1958 1053 fratres
2009 1021 2156 1068 genua

196 1075 453 1132 flexissent,
505 1074 696 1136 ipseque
740 1071 883 1120 fllium
919 1074 999 1122 Dei
1033 1088 1119 1136 pro
1157 1073 1366 1122 ecclesiis
1412 1080 1459 1121 et
1495 1087 1579 1135 pro
1617 1074 1870 1121 cessatione
1908 1076 2158 1135 persecuti·

192 1146 295 1192 onis
328 1151 374 1192 et
409 1158 495 1206 pro
532 1151 688 1190 mutuo
726 1142 916 1190 fratrum
953 1145 1073 1191 inter
1108 1159 1159 1191 se
1195 1157 1351 1190 amore
1387 1149 1603 1205 precatus
1641 1150 1788 1199 esset,
1827 1143 2049 1191 abductus
2086 1152 2158 1191 est

192 1213 434 1267 confestim
479 1214 524 1259 in
570 1212 966 1275 amphitheatrum.
1048 1213 1158 1261 Dein
1207 1213 1327 1259 illico
1373 1213 1418 1259 in
1466 1213 1512 1259 id
1568 1212 1794 1259 immissus
1842 1227 1897 1259 ex
1945 1212 2156 1260 mandato

193 1281 402 1330 Caesaris
437 1280 616 1344 pridem
652 1282 772 1337 dato,
806 1279 896 1328 fine
930 1282 1295 1344 spectaculorum
1320 1282 1582 1328 imminente
1619 1276 1734 1338 (erat
1770 1281 1891 1328 enim
1922 1281 2156 1338 solemnis,

192 1358 245 1399 ut
277 1350 519 1413 putabant,
555 1350 655 1398 dies
690 1350 771 1412 qui
805 1350 971 1398 dicitur
1005 1351 1205 1399 Romana
1242 1352 1395 1413 lingua
1430 1351 1590 1398 tertius
1629 1350 1847 1406 decimuS,
1886 1365 1977 1411 quo
2015 1351 2156 1397 studi-

192 1435 274 1468 ose
310 1415 669 1480 convenerant),
716 1420 786 1467 sic
823 1420 1087 1467 crudelibus
1122 1421 1231 1467 feris
1280 1421 1399 1467 iuxta
1447 1420 1662 1481 templum
1700 1426 1772 1466 est
1819 1419 2053 1473 obiectus,
2109 1426 2159 1466 ut

191 1489 313 1538 illico
350 1489 496 1536 sancti
533 1489 745 1551 martyris
782 1489 942 1550 Ignatii
980 1490 1247 1551 impleretur
1283 1490 1589 1545 desiderium,
1628 1494 1767 1549 prout
1802 1488 2024 1549 scriptum
2060 1494 2153 1535 est:

190 1559 480 1617 ,desiderium
516 1558 622 1605 iusti
659 1565 732 1606 est
766 1566 1006 1620 acceptum
1020 1557 1049 1614 3‘
1084 1567 1135 1606 ut
1169 1574 1330 1620 nempe
1370 1558 1479 1605 nulli
1517 1558 1705 1605 fratrum
1742 1557 1891 1618 gravis
1930 1556 2062 1603 fieret
2097 1556 2155 1603 ob

194 1642 378 1676 suarum
412 1627 705 1688 reliquiarum
741 1627 1084 1685 collectionem,
1131 1629 1511 1691 quemadmodum
1549 1627 1676 1688 prius
1714 1626 1760 1672 in
1799 1626 1992 1687 epistola
2030 1631 2153 1686 opta-

190 1704 328 1755 verat,
363 1711 492 1744 suam
530 1698 966 1744 consummationem
1005 1697 1119 1744 [ieri.
1192 1697 1325 1745 Solae
1363 1699 1483 1744 enim
1522 1697 1734 1743 duriores
1762 1701 2018 1742 sanctarum
2055 1695 2155 1741 eius

188 1766 482 1828 reliquiarum
520 1773 672 1828 partes
709 1766 896 1813 relictae
944 1774 990 1814 et
1022 1768 1305 1814 Antiochiam
1344 1766 1524 1813 ablatae
1560 1771 1689 1821 sunt,
1737 1771 1871 1825 atque
1921 1764 1966 1810 in
2014 1764 2153 1810 linteo

189 1835 441 1897 depositae,
478 1842 529 1882 ut
562 1835 807 1883 thesaurus
832 1836 1186 1893 inaestimabilis,
1226 1836 1284 1883 ob
1322 1835 1534 1896 martyris
1571 1835 1759 1896 gratiam
1786 1839 1968 1881 sanctae
2007 1833 2153 1880 eccle·

189 1905 285 1951 siae
322 1904 523 1952 relictae.

554 2027 646 2076 vn.
705 2020 933 2090 ‘Im-⁴⁸
968 2036 1175 2076 miuus
1211 2031 1408 2089 adparet
1443 2027 1789 2075 dormientibus.

330 2137 630 2198 Contigerant
665 2153 772 2185 vero
811 2139 924 2186 baec
959 2155 997 2186 a.
1035 2139 1079 2185 d.
1116 2138 1212 2184 xm
1251 2137 1468 2184 Calendas
1507 2136 1762 2192 lanuarias,
1814 2136 1903 2183 hoc
1940 2143 2031 2194 est,
2072 2137 2132 2184 De

189 2205 387 2253 cembris
419 2207 663 2267 vigesima,
708 2207 980 2255 Consulibus
1017 2207 1135 2269 apud
1175 2207 1401 2253 Romanos
1451 2206 1614 2252 iterum
1649 2205 1765 2251 Sura
1799 2211 1846 2252 et
1880 2205 2151 2254 Senecione.

189 2274 361 2322 florum
397 2290 483 2321 nos
519 2276 605 2337 ipsi
643 2284 925 2338 spectatores
963 2277 1083 2331 facti.
1122 2291 1222 2322 cum
1262 2277 1304 2322 in
1343 2276 1542 2322 lacrimis
1584 2281 1722 2320 totam
1761 2282 1940 2345 noctem
1979 2276 2150 2336 exegis-

189 2357 371 2399 senus,
418 2351 465 2391 et
499 2344 692 2405 genibus
737 2346 863 2393 flexis
899 2345 1133 2407 multaque
1171 2345 1377 2391 oratione
1415 2343 1680 2399 Dominum,
1736 2350 1784 2389 ut
1819 2357 1904 2392 nos
1943 2342 2151 2390 infirmos

273 2614 320 2668 7)
350 2617 416 2657 Sc.
453 2622 546 2657 ante
588 2613 787 2655 Calcndas
825 2615 1048 2666 lenna-ias,
1094 2622 1137 2656 ut
1278 2614 1373 2667 Cap.
1407 2614 1486 2656 Vll.
1552 2613 1592 2667 1)
1632 2613 1771 2666 Ignatii
1820 2615 1964 2655 festum
2007 2613 2149 2655 Graeci

185 2683 232 2713 ex
262 2685 297 2713 c.
326 2672 366 2712 7.
396 2678 589 2726 apparet:
618 2668 804 2726 ἐγένετο
821 2668 874 2714 δὲ
895 2673 1047 2716 ταῦτα
1076 2673 1133 2730 τῇ
1195 2671 1381 2723 vigesima
1414 2671 1478 2712 die
1499 2671 1647 2713 mensis
1666 2671 1898 2712 Decembris
1930 2669 2147 2721 celebrant,

187 2726 282 2783 πρὸ
308 2724 451 2771 δεεστ
519 2728 573 2770 ’ν
601 2726 875 2771 Καλανδῶν
897 2725 1136 2772 Ἰαννουα-
1194 2741 1274 2781 qua
1306 2728 1437 2780 ipsum
1469 2740 1632 2781 passum
1666 2728 1790 2768 fuisse
1803 2728 1898 2768 Aeta
1930 2732 2146 2777 testantur3

301 2815 313 2826 .
341 2784 415 2826 nie
442 2784 454 2794 ’
474 2784 517 2825 lo
538 2782 846 2826 celebrabantur
866 2784 970 2826 binis
994 2785 1134 2827 diebus
1194 2784 1323 2825 Latini
1355 2796 1449 2825 vero
1481 2784 1546 2825 die
1577 2784 1704 2836 prima
1739 2783 1967 2834 Februarii3
2012 2796 2063 2823 an
2095 2783 2146 2823 oh

218 2841 411 2892 hillario,
440 2839 595 2881 adiecta
625 2839 917 2883 mbas.
948 2841 994 2883 11.
1193 2840 1367 2893 aliquam
1396 2853 1600 2881 sacrarum
1629 2840 1715 2881 eius
1739 2839 1998 2892 reliquiarum
2017 2846 2148 2880 trans—

269 2894 318 2948 8)
347 2894 443 2936 Erat
469 2893 810 2948 mmmmm
838 2903 907 2939 aut
943 2897 1025 2939 lovi
1058 2898 1135 2939 La·
1194 2893 1418 2938 lationem?
1480 2897 1620 2938 Plures
1665 2895 1769 2937 enim
1810 2894 1934 2936 fuisse
1979 2898 2148 2936 co‘nstat.

185 2949 299 2997 thri.
343 2957 413 2991 nt
457 2950 619 3004 Stygio,
662 2956 706 2992 et
758 2950 908 2994 mam
960 2966 1133 3002 uerum,
1193 2953 1367 2995 Ruinart.

187 3004 1133 3061 “obre-dmmoeuhictempli
1887 3035 1894 3045 .
1968 3035 2006 3060 ,.

186 3061 428 3104 ”nm
479 3060 580 3103 m
628 3059 715 3103 a„
782 3062 901 3105 vem
934 3064 948 3106 Ι
1277 3036 1321 3089 2)
1351 3037 1379 3078 Ι.
1409 3051 1443 3078 e.
1485 3049 1604 3091 quum
1651 3035 1768 3077 ambo
1807 3042 2008 3089 comunem
2049 3049 2141 3077 una·

187 3131 268 3159 ”-
299 3117 397 3166 ¹43¹
427 3118 495 3172 ’ᾤ
523 3117 639 3171 ’.ᾤ’
667 3116 789 3160 m
817 3071 1135 3161 “3⁰:⁰2¹'ssae
1192 3105 1282 3134 cum
1314 3093 1496 3135 secundo
1519 3092 1715 3134 Consules
1740 3098 1885 3134 essent.
1931 3092 2065 3133 Primo
2086 3091 2146 3133 illi

184 3176 306 3273 2222
325 3172 686 3272 zfflesg
700 3172 863 3272 ⁸:55¹
902 3176 998 3219 τῶν
1027 3174 1137 3219 m
1193 3148 1731 3258 2:¹⁸5353..2⁰¹¹.-⁹;!32÷523¹.¹1¹
1746 3147 2143 3246 ;.?:;⁰.?.*²‘}⁸.‘{:33;

272 3286 319 3337 9)
348 3285 466 3327 pto..
500 3285 515 3327 ι
550 3315 564 3333 ,
594 3285 662 3327 24·
1195 3259 1279 3301 vice
1309 3259 1336 3301 ii
1367 3260 1488 3303 iuncti
1528 3273 1692 3303 munere
1732 3260 1998 3312 futigebantur
2037 3273 2142 3302 anno

277 3339 348 3393 1⁰)
377 3341 462 3384 Vct.
475 3340 631 3384 venio:
662 3349 698 3383 et
724 3346 766 3384 ιἰι
787 3358 909 3398 earne
937 3347 1141 3399 reperiam
1197 3315 1920 3415 {1¹:532aeng“baqqidfffflltgenecjf
1947 3315 2006 3366 ω’
2039 3316 2144 3415 ὃῖὅὲ

188 3395 282 3438 ⁸⁴⁰⁰
313 3396 522 3441 ⁰⁸⁸⁰·oe
552 3409 629 3452 Pro
649 3397 725 3443 ny
791 3400 1002 3451 legendum
1027 3409 1136 3454 Putat
1197 3401 1362 3470 &⁸¹⁰2
1410 3427 1455 3470 u·
1567 3386 1624 3422 ων
1682 3385 1728 3413 ’Π
1752 3385 1811 3413 ¹⁰⁸¹
1852 3384 1874 3413 ⁸
1940 3384 2030 3413 ⁸¹¹⁰·

192 3452 335 3507 um
359 3467 418 3490 ==
446 3452 488 3495 in
518 3460 673 3508 sporta.
715 3455 760 3497 1.
789 3457 850 3498 ed.
883 3455 943 3498 W.

281 3507 328 3551 u
379 3507 467 3551 ’ἱδ-
493 3509 639 3553 Enoch.
678 3511 727 3554 u.
757 3511 802 3554 E.
829 3513 900 3562 lv,
948 3514 1010 3556 15.
1058 3514 1138 3554 Cfr.
1282 3511 1327 3560 3)
1359 3512 1387 3553 l.
1419 3526 1453 3553 e.
1485 3518 1528 3553 ut
1550 3525 1624 3553 nos
1638 3510 1833 3554 certiores
1855 3513 2017 3564 faceret,
2047 3526 2142 3556 num

190 3507 403 3662 ξὶπὶοι
430 3570 532 3609 ont.
560 3566 602 3609 ln
631 3568 674 3610 S.
713 3568 841 3619 lgnnt.
879 3584 913 3612 c.
950 3571 988 3613 5.
1035 3573 1139 3624 opp.
1198 3567 1337 3634 Ιςιιαιίἰ
1379 3567 1612 3621 martyrium
1645 3567 1729 3610 Deo
1772 3574 1881 3611 esset
1917 3576 2137 3625 acceptum.

231 3649 243 3661 .
344 3631 387 3675 p.
405 3619 504 3665 00⁰.
534 3622 600 3666 od.
628 3623 768 3668 flontf.
1203 3627 1297 3666 Uer.
