2340 3900
252 171 352 223 640

309 311 392 344 ctus
425 309 485 342 est
521 302 611 342 112.
671 302 810 350 Quoad
853 303 1063 344 humanam
1090 309 1206 343 natu-

306 371 389 399 ram
420 357 599 397 Christus
630 358 738 398 Patri
777 358 979 399 subiectus
1021 366 1081 399 est
1114 360 1205 400 150.

305 414 402 454 Xlll.
433 420 515 454 not.
549 414 587 454 3.
654 415 786 455 Novus
817 414 937 454 homo
970 416 1079 455 Iesus
1112 414 1203 454 Chr.

308 469 399 508 136.
458 469 661 510 Perfectus
701 470 820 509 homo
862 471 989 510 factus
1020 477 1080 510 est
1113 470 1204 511 188.

305 524 434 564 Homo
488 525 598 565 lesus
639 525 819 565 Christus
867 526 964 567 308.
1038 526 1205 574 Quidam

305 591 446 630 purum
481 581 682 620 hominem
713 593 802 620 esse
835 581 971 621 dicunt
998 581 1096 622 232.

364 636 427 676 111.
449 635 476 674 C
493 637 654 676 hristi
681 636 938 676 nativitas
956 637 1046 678 148.
1061 636 1205 676 Christi

305 691 514 732 adventum
527 693 751 744 Prophetae
766 693 1097 733 annuntiaverunt
1115 693 1204 733 182.

305 746 429 786 Filius
459 748 530 788 Dei
559 747 650 787 ideo
682 747 720 787 in
750 760 867 787 carne
886 748 1005 800 venit,
1036 754 1205 788 utsum-

302 814 406 841 mam
446 803 622 855 peccatis
662 803 886 854 imponeret
917 804 964 853 8,
1006 810 1044 844 et
1082 817 1156 843 nos
1184 817 1204 843 e

304 858 479 899 tenebris
520 859 735 899 redimeret
764 858 831 899 34.
888 859 1080 900 Dominus
1116 871 1204 899 car-

302 925 393 953 nem
422 914 616 955 adsumsit
634 915 724 956 190.
765 913 946 956 Christus
966 927 1059 956 vere
1089 921 1204 955 natus

305 975 366 1008 est
398 982 444 1009 ex
471 970 629 1021 Virgine
676 975 715 1010 et
742 970 965 1022 baptizatus
998 985 1020 1011 a
1051 972 1204 1011 Joanne

306 1024 399 1065 186.
422 1026 512 1068 160.
574 1026 700 1066 Stella
715 1026 1041 1078 splendidissima
1072 1027 1111 1067 in
1132 1040 1203 1066 na-

303 1079 452 1122 tivitate
473 1081 619 1122 Christi
645 1082 822 1133 fulgebat
852 1083 944 1124 136.
979 1083 1202 1134 Principem

303 1136 419 1176 huius
462 1137 598 1178 mundi
646 1138 759 1177 latuit
806 1138 951 1178 Mariae
999 1139 1203 1189 virginitas

306 1197 344 1231 et
371 1199 511 1243 partus
541 1194 631 1234 136.
691 1193 871 1233 Christus
910 1194 950 1234 in
981 1194 1202 1234 humilitate

302 1249 429 1300 venit,
470 1249 571 1289 facie
616 1249 804 1301 despecta
847 1250 925 1301 623
971 1252 1099 1290 factus
1146 1255 1206 1290 est

306 1306 478 1345 omnium
508 1305 689 1345 minister
717 1306 812 1347 382.

359 1362 418 1403 lV.
468 1361 671 1401 Christi
701 1361 1055 1413 praedicatio.
1087 1360 1204 1401 Chri-

304 1421 388 1456 stus
418 1417 534 1457 nobis
567 1417 850 1467 evangelizavit
892 1418 1002 1457 iussu
1032 1417 1104 1458 Dei
1136 1418 1202 1458 86.

306 1471 486 1512 Christus
518 1485 563 1512 os
596 1485 735 1523 verax,
782 1475 822 1513 in
854 1486 933 1525 quo
964 1474 1081 1512 Pater
1110 1485 1202 1512 vere

304 1527 462 1568 locutus
493 1534 553 1567 est
585 1529 676 1568 172.
741 1528 922 1568 Christus
952 1529 1078 1577 venit,
1123 1541 1203 1567 non

304 1595 447 1624 vocare
476 1583 617 1633 iustos,
647 1584 719 1623 sed
747 1590 982 1635 peccatores
1016 1584 1054 1625 8.
1092 1584 1202 1623 Loco

305 1639 548 1691 antiquitatis
580 1645 640 1678 est
666 1641 777 1679 lesus
809 1639 988 1679 Christus
1019 1639 1109 1680 181.

363 1695 403 1734 V.
436 1694 638 1733 Christi
668 1694 848 1745 passio
891 1701 938 1734 et
963 1707 1095 1734 mors
1127 1707 1201 1734 ex-

303 1749 546 1801 piatoria.
591 1749 737 1789 Christi
766 1750 903 1800 passio
920 1750 1086 1800 contigit
1099 1758 1201 1789 tem-

302 1817 403 1855 pore
433 1805 710 1855 praefecturae
739 1805 857 1844 Pilati
891 1805 970 1845 149
1002 1817 1062 1856 sq.
1089 1805 1205 1844 Chri-

303 1866 387 1900 stus
417 1873 498 1899 non
528 1860 659 1911 potuit
685 1860 788 1911 pati,
820 1860 897 1899 nisi
931 1865 1099 1912 propter
1128 1872 1202 1899 nos

306 1923 344 1956 et
372 1928 447 1968 pro
475 1916 592 1955 nobis
626 1916 690 1956 14.
750 1915 870 1966 Plaga
902 1928 974 1956 sua
1003 1928 1078 1956 nos
1106 1915 1205 1955 vivi-

305 1973 379 2012 dos
396 1971 574 2012 reddidit
587 1973 740 2011 ibidem.
787 1971 903 2011 Cruci
922 1973 1061 2012 affixus
1088 1977 1202 2011 aceto

304 2041 350 2068 ac
390 2027 485 2067 felle
528 2028 743 2079 potabatur
791 2029 947 2068 ibidem.
1024 2027 1204 2067 Christus

304 2096 372 2124 vas
400 2083 564 2135 spiritus
599 2083 744 2124 obtulit
759 2083 931 2124 hostiam
951 2096 1026 2136 pro
1058 2096 1204 2135 pecca-

305 2141 354 2180 tis
394 2139 544 2179 nostris
586 2141 738 2180 ibidem.
795 2140 838 2179 In
883 2141 1075 2191 sanguine
1120 2141 1204 2180 Do-

303 2195 400 2236 mini
446 2195 642 2236 redemtio
696 2201 834 2235 nostra
882 2196 948 2236 58.
1023 2196 1204 2236 Christus

304 2263 447 2303 passus
477 2257 538 2291 est
565 2263 640 2303 pro
672 2251 867 2302 omnibus,
897 2251 964 2304 qui
986 2252 1085 2293 salvi
1107 2253 1206 2292 fiunt

304 2309 410 2359 4043
448 2319 592 2359 passus
630 2313 690 2347 est
728 2314 898 2359 propter
938 2315 1098 2349 nostras
1127 2308 1205 2347 ini-

306 2363 496 2415 quitates,
531 2369 569 2402 et
595 2369 762 2414 peccata
798 2370 936 2404 nostra
977 2370 1113 2416 portat
1136 2364 1203 2405 62.

307 2418 506 2458 Charitate
555 2418 696 2458 ductus
737 2419 917 2459 Christus
973 2419 1205 2469 sanguinem

307 2486 421 2513 suum
463 2486 538 2525 pro
584 2474 701 2514 nobis
754 2475 918 2514 tradidit
964 2481 1003 2514 et
1046 2488 1204 2515 carnem

306 2541 419 2568 suam
447 2541 523 2581 pro
555 2542 672 2568 carne
704 2536 843 2569 nostra
871 2535 910 2569 et
930 2530 1099 2570 animam
1129 2543 1204 2581 pro

308 2585 513 2625 animabus
555 2585 702 2624 nostris
735 2585 801 2626 96.
862 2585 1007 2625 Christi
1045 2586 1204 2635 sanguis

308 2652 384 2692 pro
416 2641 532 2681 nobis
571 2640 685 2680 datus
716 2646 777 2680 est
806 2640 872 2682 68.
933 2640 1080 2680 Christi
1111 2653 1205 2680 san-

308 2697 408 2746 guis,
438 2697 522 2736 Deo
555 2696 660 2748 patri
688 2696 902 2747 pretiosus,
933 2703 1102 2748 propter
1130 2709 1204 2736 no-

307 2749 431 2792 stra‘m
454 2752 623 2792 salutem
646 2753 807 2802 effusus,
835 2752 909 2792 toti
925 2752 1073 2792 mundo
1105 2765 1207 2804 poe-

306 2808 494 2847 nitentiae
535 2807 699 2859 gratiam
730 2808 873 2847 obtulit
901 2809 969 2848 54.
1028 2807 1208 2847 Christus

308 2876 452 2916 passus
482 2870 554 2913 est,
583 2869 627 2903 ut
655 2876 730 2903 nos
751 2864 985 2904 remissione
1016 2869 1207 2915 peccato-

306 2932 394 2959 rum
431 2919 726 2960 sanctificemur
763 2920 802 2960 7.
862 2919 1042 2960 Christus
1081 2919 1209 2971 pluri-

307 2987 414 3015 mum
438 2975 647 3024 laboravit,
677 2975 971 3027 plurimumque
989 2987 1207 3026 perpessus

313 3037 386 3081 est,
416 3037 461 3071 ut
490 3030 671 3070 aboleret
689 3031 833 3071 delicta
849 3031 1098 3082 singulorum
1112 3032 1207 3072 496.

310 3086 490 3128 Christus
533 3087 720 3126 sustinuit
767 3092 812 3127 ut
853 3099 1016 3126 vacuam
1057 3088 1208 3127 faceret

307 3150 503 3193 mortem,
535 3148 574 3182 et
601 3142 649 3182 de
678 3142 846 3182 mortuis
874 3143 1207 3183 resurrectionem

311 3199 551 3248 ostenderet,
585 3198 826 3250 promissum
851 3198 1083 3249 parentibus
1113 3199 1206 3238 red—

312 3254 409 3294 dens
441 3255 480 3295 7.
540 3253 719 3294 Christus
748 3267 791 3294 se
820 3254 951 3305 ipsum
983 3266 1058 3305 pro
1090 3254 1207 3295 nobis

313 3310 456 3351 obtulit
469 3311 552 3350 Deo
586 3309 828 3349 oblationem
858 3315 897 3349 et
926 3310 1098 3350 hostiam
1117 3310 1208 3351 120.

311 3365 527 3406 Funiculus
571 3365 803 3415 coccineus,
849 3378 869 3404 e
908 3365 1027 3406 domo
1072 3366 1208 3406 Rahab

313 3420 508 3461 demissus
552 3421 707 3471 signum
743 3420 1002 3461 redemtionis
1047 3422 1208 3462 nostrae

311 3487 385 3525 per
431 3476 663 3527 sanguinem
700 3476 845 3516 Christi
885 3477 951 3517 58.
1010 3477 1086 3516 Per
1123 3490 1210 3529 my-

1227 2891 1230 2898 ι

1225 2899 1230 3028 ι’

767 171 933 218 INDEX
968 169 1157 217 RERUM
1190 170 1260 217 ΕΤ
1292 169 1681 219 PERSONARUM.

1306 303 1442 344 cifixus
1473 311 1533 345 est
1566 305 1655 346 134.
1716 303 1860 344 Christi
1889 303 2026 356 passio
2061 310 2200 345 nostra

1304 360 1545 403 resulzrectio
1568 361 1658 402 190.
1702 360 1882 400 Christus
1896 373 1988 400 vere
2007 359 2048 400 in
2082 372 2200 400 carne

1305 426 1448 466 passus
1479 422 1558 466 est,
1598 429 1680 456 non
1722 416 1771 456 ad
1804 416 2076 468 apparentiam
2109 415 2200 457 186.

1308 468 1400 510 188.
1433 471 1524 512 160.
1583 471 1762 512 Christus
1793 484 1884 512 vere
1923 471 2132 512 crucifixus
2163 476 2202 511 et

1303 531 1482 566 mortuus
1529 533 1611 578 est,
1665 527 1890 568 videntibus
1950 527 2201 576 caelestibus,

1305 581 1559 622 terrestribus
1580 589 1619 623 et
1636 583 1906 624 subterraneis
1932 584 2022 624 160.
2055 581 2201 623 Christi

1304 637 1440 687 passio
1470 638 1542 678 Dei
1583 639 1719 690 passio
1758 640 1850 680 170.
1910 639 2089 679 Christus
2127 637 2200 678 sub

1305 691 1447 732 Pontio
1489 693 1617 734 Pilato
1660 701 1698 735 et
1735 695 1896 735 Herode
1945 707 2037 734 vere
2079 693 2200 734 clavis

1306 748 1481 788 confixus
1522 756 1582 789 est
1621 762 1697 802 pro
1734 750 1852 790 nobis
1882 750 1924 790 in
1955 763 2073 791 carne
2108 750 2199 791 150.

1308 803 1400 844 160.
1447 804 1536 846 186.
1611 806 1803 856 Fugiendi
1856 806 1923 858 qui
1970 806 2201 858 passionem

1306 857 1451 899 Christi
1482 866 1520 900 et
1560 861 1802 901 nativitatem
1844 861 2061 902 secundum
2111 873 2200 902 car-

1302 927 1392 954 nem
1425 922 1571 966 negant
1604 917 1699 958 226.

1359 985 1420 1026 vl.
1480 984 1723 1025 Christus
1745 985 1985 1026 salvator
2014 992 2202 1026 noster

1306 1040 1398 1081 120.
1434 1041 1523 1081 140.
1554 1041 1648 1081 376.
1709 1040 1888 1082 Christus
1925 1053 2000 1081 nos
2032 1053 2202 1081 renova-

1304 1096 1358 1136 vit
1399 1108 1474 1147 per
1518 1096 1796 1137 remissionem
1836 1103 2114 1148 peccatorum,
2159 1102 2203 1136 ut

1302 1151 1538 1192 haberemus
1570 1152 1740 1192 animam
1767 1158 1954 1205 tanquam
1984 1164 2200 1204 puerorum

1306 1208 1369 1248 10.
1430 1208 1524 1248 Sine
1555 1207 1713 1248 Christo
1746 1207 1864 1248 vitam
1899 1221 1981 1248 non
2009 1208 2200 1248 habemus

1306 1263 1398 1304 160.
1458 1263 1639 1304 Christus
1684 1277 1778 1316 spes
1825 1270 1963 1304 nostra
2011 1263 2114 1314 160,
2163 1268 2202 1302 et

1302 1318 1380 1359 vita
1410 1326 1548 1360 nostra
1583 1319 1675 1361 188.
1734 1319 1914 1360 Christus
1956 1319 2052 1360 fecit
2091 1318 2202 1371 quod

1304 1382 1562 1428 praeceptum
1592 1375 1627 1416 ei
1662 1377 1791 1416 fuerat
1813 1375 1851 1417 8.
1910 1375 2091 1416 Christus
2119 1373 2202 1415 sal-

1302 1444 1373 1471 vos
1403 1445 1477 1472 nos
1511 1432 1625 1482 fecit,
1657 1445 1777 1484 quum
1807 1437 2029 1484 spectasset
2057 1431 2099 1471 in
2122 1443 2203 1471 no-

1302 1486 1364 1526 bis
1397 1501 1575 1529 errorem
1604 1494 1722 1540 atque
1751 1487 1955 1529 interitum
1991 1487 2091 1538 106;
2139 1487 2202 1527 lu-

1302 1555 1387 1583 cem
1420 1544 1547 1584 —nobis
1598 1543 1764 1594 largitus
1815 1550 1877 1584 est
1917 1550 1956 1585 et
1996 1543 2202 1584 innumera

1300 1598 1494 1639 beneficia
1528 1599 1620 1640 106.
1681 1599 1861 1640 Christus
1876 1599 2055 1652 pontifex
2085 1598 2202 1639 obla-

1301 1654 1453 1694 tionum
1484 1661 1732 1705 nostrarum‚
1772 1651 2012 1696 infirmitatis
2041 1660 2202 1695 nostrae

1301 1716 1494 1760 patronus
1543 1717 1582 1750 et
1632 1711 1843 1752 auxiliator
1882 1711 1949 1752 82.
2021 1709 2202 1751 Christus

1304 1767 1569 1817 sempiternus
1599 1767 1778 1817 pontifex
1805 1768 1900 1808 389.
1934 1766 2028 1807 Sine
2043 1765 2202 1806 Christo

1301 1821 1411 1861 nulla
1449 1821 1559 1860 salus
1589 1822 1671 1861 540
1702 1834 1762 1873 sq.
1806 1822 1987 1862 Christus
2002 1827 2121 1873 porta
2151 1821 2203 1861 ad

1301 1877 1458 1916 Patrem
1489 1877 1582 1916 ibid.
1638 1876 1728 1928 Ipse
1767 1875 2094 1928 perfecta‘fides
2145 1882 2206 1916 est
2267 1885 2270 1889 ’

1308 1933 1399 1973 194.
1458 1930 1639 1972 Christus
1670 1944 1764 1984 spes
1795 1939 1932 1974 nostra
1958 1932 2050 1973 138.
2090 1932 2204 1983 150.;

1303 2000 1398 2040 spes
1442 1994 1481 2028 et
1518 1988 1661 2040 pignus
1705 1988 1880 2029 iustitiae
1919 1994 2081 2029 nostrae
2109 1987 2205 2029 386.

1306 2044 1487 2084 Christus
1526 2057 1619 2085 vera
1661 2050 1699 2084 et
1741 2045 1982 2098 sempiterna
2023 2043 2102 2084 vita
2130 2056 2205 2084 no-

1305 2106 1387 2140 stra
1421 2100 1512 2140 122.
1547 2101 1637 2141 140.
1674 2100 1768 2142 188.
1827 2101 1968 2149 Omnis=
1999 2099 2204 2140 beatitudo

1304 2155 1420 2196 nohis
1451 2168 1526 2208 per
1544 2155 1744 2196 Christum
1771 2157 1961 2198 tribuitur
1980 2155 2058 2207 823
2090 2154 2206 2195 Chri-

1305 2218 1389 2252 stus
1437 2212 1549 2252 solus
1602 2213 1746 2253 doctor
1791 2219 1930 2254 noster
1979 2217 2019 2252 et
2064 2211 2208 2252 doctor

1303 2269 1599 2320 prophetarum
1625 2269 1717 2309 148.
1753 2269 1844 2311 132.

1362 2339 1435 2378 Vll.
1495 2337 1697 2378 Christi
1742 2338 2082 2379 resurrectio
2115 2337 2206 2379 138.

1307 2393 1399 2434 148.
1459 2393 1639 2434 Christus
1666 2394 1864 2446 primitiae
1901 2394 2207 2435 resurrectionis

1304 2450 1326 2488 7
1335 2450 1372 2490 2.
1417 2449 1597 2489 Christus
1627 2462 1702 2501 per
1721 2451 2058 2492 resurrectionem
2079 2449 2206 2490 elevat

1305 2505 1488 2545 vexillum
1516 2518 1592 2557 pro
1626 2506 1811 2546 fidelibus
1841 2507 1924 2547 suis
1954 2506 2045 2547 186.
2091 2505 2207 2547 Chri-

1304 2567 1388 2600 stus
1424 2573 1562 2600 revera
1592 2573 1635 2600 se
1668 2561 1799 2612 ipsum
1830 2561 2083 2602 resuscitavit
2102 2561 2205 2611 1863

1306 2628 1327 2654 a
1359 2616 1475 2655 Patre
1506 2616 1766 2656 resuscitatus
1797 2623 1858 2657 est
1890 2618 1982 2658 160.
2009 2616 2205 2657 190.377.

1304 2671 1400 2711 378.
1433 2671 1528 2711 387.
1558 2671 1655 2713 389.
1715 2671 1895 2712 Christus
1941 2678 1980 2712 et
2017 2677 2112 2723 post
2139 2684 2206 2711 re-

1306 2727 1595 2767 surrectionem
1624 2727 1665 2766 in
1699 2740 1817 2768 carne
1848 2728 1922 2768 fuit
1955 2727 2048 2771 188.
2096 2727 2205 2779 Apo-

1306 2783 1400 2822 stoli
1419 2783 1686 2833 crediderunt,
1717 2783 1916 2823 Christum
1929 2783 2208 2838 resurrexisse,

1306 2838 1414 2878 mixti
1448 2839 1531 2878 eius
1563 2839 1672 2879 carni
1705 2845 1744 2879 et
1772 2839 1930 2891 spiritui
1965 2839 2057 2880 188.
2091 2838 2207 2879 Chri-

1307 2900 1391 2934 stus
1421 2901 1516 2946 post
1544 2895 1880 2936 resurrectionem
1909 2907 1997 2935 cum
2033 2895 2207 2947 Aposto-

1307 2950 1356 2989 lis
1394 2950 1567 2990 comedit
1595 2957 1634 2991 et
1664 2951 1765 2991 bibit
1792 2957 1837 2991 ut
1852 2950 2037 3002 carnalis,
2069 2962 2208 3003 quam-

1307 3006 1364 3045 vis
1389 3006 1652 3058 spiritualiter
1669 3007 1802 3047 unitus
1814 3007 1920 3047 Patri
1938 3006 2030 3048 188.
2062 3005 2208 3046 Christi

1305 3063 1548 3103 resurrectio
1592 3062 1817 3114 corporalis
1859 3062 1975 3102 simul
2017 3068 2057 3102 et
2085 3061 2207 3114 spiri—

1306 3118 1424 3158 tualis
1456 3119 1546 3160 196.
1608 3118 1788 3158 Christus
1812 3118 1875 3159 die
1912 3117 2111 3158 dominica
2140 3130 2207 3157 re-

1306 3174 1475 3215 surrexit
1503 3175 1571 3216 36.
1605 3174 1826 3215 148.·236.

1365 3243 1459 3283 VIIl.
1490 3242 1691 3291 Christi
1724 3243 1977 3283 ascensio
2009 3242 2057 3282 in
2090 3255 2206 3282 coe-

1310 3299 1412 3338 lum
1441 3299 1508 3340 36.
1543 3300 1632 3340 166.
1663 3299 1758 3339 236.

1356 3368 1416 3408 IX.
1477 3367 1720 3407 Christus
1778 3367 1939 3407 iudex
1964 3366 2206 3407 vivorum

1309 3436 1331 3462 a
1345 3437 1366 3462 c
1386 3435 1426 3462 m
1440 3436 1462 3462 o
1475 3429 1555 3463 rtu
1570 3435 1623 3463 or
1635 3436 1661 3462 u
1676 3435 1715 3462 m
1734 3421 2044 3464 8.14.106.378.
2059 3421 2205 3462 Christi

1307 3478 1498 3517 adventus
1528 3479 1622 3519 292.

311 3532 474 3571 sterium
499 3532 639 3572 mortis
670 3532 815 3572 Christi
847 3532 967 3572 fidem
984 3532 1210 3584 accepimus
1254 3531 1547 3572 Christiani
1597 3539 1689 3573 sunt
1739 3533 1933 3574 haeredes
1981 3533 2205 3575 testamenti

319 3587 408 3626 148.

474 3587 550 3627 Pro
595 3588 674 3628 fide
719 3587 849 3627 divina
895 3587 1075 3628 Christus
1118 3601 1209 3627 cru-

1309 3587 1465 3627 Domini
1499 3588 1572 3639 12,
1603 3588 1674 3630 filii
1705 3588 1932 3630 dilectionis
1966 3596 2005 3631 et
2032 3589 2206 3631 laetitiae
