2340 3900
251 171 429 212 XXXIV
1016 153 1434 201 PROLEGOMENA.

259 305 360 347 tum
397 301 664 361 suspectam
702 290 851 349 reddi,
890 287 974 338 sed
1010 286 1135 337 inter
1169 287 1461 338 authentiam
1497 290 1766 350 suspectam
1800 288 1848 331 et
1883 283 2202 333 certissimam

257 364 474 416 νοθείαν
522 362 778 429 plurimum
825 358 1068 407 interest.“
1146 356 1207 406 Et
1259 356 1339 406 ubi
1402 355 1631 422 quasdam
1676 351 1858 400 Usserii
1906 351 2201 402 obiectiones

258 425 484 484 enervare
520 429 727 488 tentavit,
765 427 829 476 ita
867 425 1108 476 concludit
1120 423 1187 491 8);
1223 426 1410 486 „Quum
1447 439 1525 473 res
1561 423 1626 471 ita
1651 436 1702 470 se
1724 419 1906 480 habeat,
1943 420 2202 470 obiectioni

258 503 440 554 Usserii
488 500 663 551 nullam
712 495 808 545 vim
856 495 1015 544 inesse
1060 495 1194 544 facile
1242 493 1527 560 perspicieS,
1572 505 1725 555 neque
1772 488 1830 538 de
1878 490 2204 553 „integritate“

258 573 487 620 Actorum
541 565 802 626 dubitabis,
849 563 960 614 licet
1005 563 1208 613 fortasse
1243 562 1529 628 paucissima
1567 558 1819 624 quaedam,
1878 565 1958 608 aut
1991 559 2107 608 vitio
2144 558 2204 607 li-

259 640 531 689 brariorum
567 639 802 699 corrupta,
839 639 919 683 aut
952 632 1171 683 manibus
1206 631 1530 697 posteriorum
1563 628 1722 677 addita
1761 626 1902 676 sint..“

401 707 453 772 3)
503 707 571 754 Ac
619 719 711 752 nos
758 702 950 768 quidem
1008 717 1063 751 ex
1124 707 1232 751 octo
1292 697 1652 749 recensionibus
1698 696 1930 746 Actorum
1975 696 2204 761 Ignatiani

262 775 476 841 Mai-tyrii
523 772 677 822 foedis
725 769 1172 836 interpolationibus
1222 770 1483 819 immunem
1530 771 1753 831 putamus
1800 765 2006 825 nullam,
2063 765 2206 831 idque

260 861 359 895 non
396 859 485 908 per
521 840 755 891 historiae
801 840 1110 906 scriptorem,
1167 839 1251 892 sed
1296 842 1488 886 cunctas
1539 827 1636 884 ὑπ’
1678 830 1919 899 ἀσκητῶν
1952 850 2113 884 τινων
2148 834 2206 884 ad

257 914 392 978 pium
426 927 566 961 usum
603 909 871 970 confectaS,
923 909 1104 959 idcirco
1140 923 1229 973 pro
1266 922 1418 966 anno,
1469 920 1563 970 quo
1612 909 1792 968 martyr
1841 903 1961 952 obiit
2006 918 2207 968 compu-

257 981 402 1031 tando
440 995 610 1045 parum
645 978 757 1028 fidei
792 985 933 1044 atque
968 976 1278 1027 auctoritatis.

398 1049 567 1100 Versio
616 1047 761 1097 latina
810 1047 1041 1096 Actorum
1090 1044 1301 1110 Martyrii
1347 1043 1516 1107 Ignatii
1565 1042 1614 1091 in
1662 1046 1829 1091 nostra
1878 1040 1952 1091 ed.
2001 1047 2076 1091 est
2119 1041 2209 1103 illa,

259 1135 402 1186 quam
439 1118 650 1168 Hefelius
685 1132 713 1166 a
751 1115 936 1167 Clerico
991 1122 1039 1165 et
1072 1115 1302 1165 Ruinarto
1338 1117 1578 1161 mutuatus
1617 1116 1730 1160 erat.
1802 1111 1871 1160 De
1913 1110 2212 1160 versionibus

256 1203 425 1238 eorum
460 1186 635 1236 Italicis
674 1201 815 1250 supra
853 1185 1072 1243 diximuS,
1107 1183 1186 1233 ubi
1225 1182 1405 1231 mentio
1441 1182 1561 1230 facta
1598 1186 1671 1230 est
1705 1179 1935 1230 Italorum
1972 1179 2211 1245 interpre-

258 1257 493 1307 tationum
533 1254 702 1320 Ignatii
738 1254 1075 1319 Epistolarum.

1008 1454 1470 1462 ——.-———-——

1182 1659 1292 1721 IV.

983 1797 1493 1849 POLYCARPUs

403 1934 450 2000 1)
487 1935 542 1984 In
578 1934 902 1984 Bibliothecae
953 1935 1201 1984 Vaticanae
1251 1935 1369 1985 Cod.
1404 1935 1553 1999 Regio
1592 1934 1651 1985 81
1692 1940 1806 2000 post
1849 1933 2037 1984 laudem
2086 1933 2212 1994 „He-

258 2003 436 2063 ronis“,
475 2004 572 2053 sive
608 2003 964 2068 praecationem
1010 2003 1261 2053 nominare
1297 2003 1444 2063 veliS,
1488 2003 1737 2068 Polycarpi
1784 2003 1843 2052 ad
1879 2003 2214 2067 Philippenses

256 2072 472 2137 Epistola
524 2073 669 2122 latine
714 2072 943 2138 sequitur.
1025 2072 1144 2121 Eam
1191 2071 1454 2137 excipiunt,
1503 2087 1622 2138 quae
1668 2072 1727 2121 ad
1774 2072 1918 2120 vitam
1964 2071 2213 2136 Polycarpi
2258 2129 2263 2138 ,

256 2156 428 2206 resque
478 2148 636 2205 gestas
682 2146 921 2205 spectant,
983 2157 1070 2206 per
1115 2141 1420 2206 Anonymum
1476 2156 1532 2190 ex
1581 2141 1778 2191 Irenaeo
1824 2146 1872 2190 et
1916 2139 2212 2205 Hieronymo

257 2209 540 2274 composita.
611 2210 740 2269 Quae
777 2225 886 2259 cum
922 2211 1030 2259 fons
1068 2211 1166 2260 sint
1203 2210 1445 2271 omnium,
1493 2225 1613 2275 quae
1648 2210 1707 2259 de
1742 2209 2005 2275 Polycarpo
2041 2207 2213 2259 tradita

258 2279 318 2326 ad
355 2293 446 2327 nos
478 2284 810 2344 pervenerunt,
846 2279 1120 2344 passimque
1155 2295 1183 2328 a
1219 2280 1406 2344 vulgato
1444 2284 1574 2329 textu
1611 2279 1924 2344 Scriptorum,
1962 2293 2078 2344 quas
2103 2276 2213 2337 dixi,

257 2346 496 2406 recedant,
532 2347 661 2396 illinc
695 2363 748 2396 ea
784 2348 1103 2397 transcribere
1139 2348 1290 2398 lubet:
1555 2399 1558 2402 Α

399 2416 717 2480 „Polycarpus
732 2414 796 2481 ¹),
840 2416 1069 2466 Iohannis
1104 2416 1323 2482 Apostoli
1373 2417 1662 2482 discipuluS,
1712 2422 1760 2466 et
1793 2416 1851 2466 ab
1888 2432 1946 2466 eo
1982 2415 2213 2481 Smyrnae

261 2483 519 2550 episcopus
557 2484 833 2545 ordinatuS,
870 2486 1020 2535 totius
1055 2486 1195 2536 Asiae
1230 2486 1456 2551 princeps
1492 2486 1604 2546 fuit,
1653 2485 1829 2551 quippe
1876 2485 1957 2551 qui
2001 2485 2212 2534 nonnul-

258 2553 333 2602 los
368 2553 712 2618 Apostolorum
748 2560 795 2602 et
831 2570 1012 2614 eorum,
1050 2555 1129 2620 qui
1165 2555 1424 2604 Dominum
1461 2555 1700 2614 viderant,
1738 2554 1996 2619 magistros
2033 2553 2213 2603 habue-

258 2617 378 2686 rit2)
416 2627 463 2670 et
495 2621 681 2670 viderit.
751 2623 841 2671 Hic
874 2630 1073 2687 propter
1110 2625 1338 2689 quasdam
1378 2640 1522 2689 super
1557 2624 1634 2673 die
1647 2621 1687 2689 3)
1724 2624 1935 2673 Paschae
1969 2622 2213 2689 quaestio-

257 2705 372 2750 neS,
422 2689 509 2739 sub
544 2690 839 2754 Imperatore
875 2692 1118 2741 Antonino
1155 2693 1268 2753 Pio,
1317 2692 1566 2742 ecclesiam
1603 2693 1654 2742 in
1689 2692 1816 2741 Urbe
1865 2698 2060 2757 regente
2094 2691 2213 2740 Ani-

261 2763 368 2808 ceto
382 2757 437 2823 ⁴¹²),
475 2759 678 2808 Romam
712 2760 854 2820 venit,
890 2760 970 2809 ubi
1005 2761 1241 2824 plurimos
1278 2761 1588 2822 credentium,
1623 2761 1880 2811 Marcionis
1910 2767 1957 2810 et
1978 2760 2213 2811 Valentini

259 2827 572 2891 persuasione
609 2827 860 2893 deceptoS,
909 2829 1096 2878 reduxit
1142 2830 1200 2878 ad
1248 2831 1404 2879 fidem.
1476 2830 1689 2896 Cumque
1735 2830 1778 2879 ei
1813 2829 2009 2879 fortuito
2047 2829 2212 2878 obvius

258 2895 430 2945 fuisset
453 2895 667 2945 Marcion
703 2903 751 2947 et
778 2897 980 2946 diceret:
1016 2897 1308 2962 „Cognoscis
1325 2897 1365 2963 5)
1402 2898 1579 2949 nos?“
1615 2898 1890 2963 respondit:
1928 2898 2211 2963 „Cognosco

258 2964 636 3029 primogenitum
682 2964 903 3015 diaboli.“
981 2965 1154 3015 Postea
1208 2983 1319 3016 vero
1374 2974 1604 3032 regnante
1653 2968 1814 3017 Marco
1863 2967 2108 3017 Antonino
2163 2973 2211 3016 et

258 3032 408 3082 Lucio
445 3032 638 3083 Aurelio
666 3034 950 3094 CommodO,
989 3041 1154 3099 quarta
1187 3042 1300 3099 post
1319 3036 1562 3085 Neronem
1575 3034 1616 3101 ⁶)
1653 3036 2005 3101 persecutione,
2043 3036 2209 3100 Smyr-

259 3115 370 3162 nae,
426 3102 624 3152 sedente
658 3103 952 3153 Proconsule
1001 3103 1051 3151 in
1086 3103 1439 3167 amphitheatro
1488 3111 1536 3153 et
1572 3105 1796 3155 universo
1834 3105 2064 3154 adversus
2101 3119 2208 3153 eum

258 3175 559 3233 personante,
594 3170 693 3238 igni
729 3172 929 3221 traditus
965 3178 1052 3221 est.
1124 3171 1380 3236 Scripsit⁷)
1417 3172 1475 3221 ad
1510 3173 1847 3238 Philippenses
1882 3173 2016 3223 valde
2045 3172 2208 3222 utilem

260 3238 541 3302 Epistolam,
580 3255 699 3306 quae
734 3256 886 3307 usque
922 3239 1066 3289 hodie
1103 3239 1152 3289 in
1187 3240 1326 3289 Asiae
1363 3247 1600 3290 conventu
1636 3242 1849 3306 legitur.“

344 3376 387 3429 8)
422 3377 466 3417 L.
499 3391 531 3418 6.
562 3391 600 3430 p.
632 3377 797 3418 LXXIII.
1347 3375 1390 3428 3)
1421 3378 1524 3416 diem
1552 3376 1644 3426 ch.

1346 3433 1389 3484 4)
1422 3434 1596 3472 ariadcto
1631 3434 1723 3483 Reg.

343 3484 478 3535 Polyc.
548 3485 588 3538 1)
633 3488 860 3541 Hieronym.
901 3488 1024 3530 Catal.
1065 3489 1203 3541 script.
1346 3488 1389 3539 5)
1419 3500 1606 3538 coynoscc
1637 3487 1730 3538 Reg.

261 3539 357 3579 eccl.
388 3554 420 3580 6.
459 3541 521 3582 17.
1343 3543 1388 3596 6)
1417 3545 1572 3583 neronis
1603 3544 1697 3593 Reg.

342 3596 386 3649 2)
421 3597 553 3638 habuit
588 3599 681 3651 Reg.
1344 3598 1389 3653 7)
1423 3599 1562 3640 Scribit
1597 3599 1689 3650 Reg.
