2340 3900
242 189 343 239 416
623 189 847 236 HERMAE
883 188 1113 236 PASTOR.
1173 189 1335 237 LIBER
1366 192 1397 237 I.
1463 189 1609 239 VISIO
1647 191 1699 237 II.
1735 187 1804 248 (Α)

243 328 331 373 Sed
367 327 627 385 impropera
676 326 813 372 verba
859 326 973 372 haec
1021 326 1124 373 filiis
1170 329 1267 374 tuis
1317 330 1526 375 omnihus
1573 337 1619 375 et
1667 327 1846 386 coniugi
1897 331 2025 381 tuae,
2073 337 2186 384 quae

243 396 391 440 sutura
429 400 499 439 est
531 408 664 439 soror
699 388 813 440 tua.⁶
884 394 939 440 Et
985 396 1082 456 ipsa
1130 397 1250 442 enim
1287 406 1545 459 compescat
1580 398 1775 457 linguam
1827 408 1981 450 suam,
2018 392 2063 438 in
2101 406 2190 453 qua

239 463 520 522 malignatur.
607 457 714 507 Sed⁷
774 463 936 510 auditis
997 464 1149 510 verbis
1195 466 1264 512 his
1321 467 1571 512 continebit
1629 480 1700 520 se,
1760 470 1806 509 et
1855 454 2184 522 consequetur⁸

240 531 611 576 misericordiam.
683 531 927 578 Erudietur
963 534 1095 589 enim,
1119 541 1359 595 postquam
1384 533 1759 596 improperaveris
1816 531 1875 577 illi
1900 531 2015 576 haec
2036 529 2189 584 verba,

245 613 358 658 quae
395 599 619 644 mandavit
666 599 737 645 ille
788 601 1040 648 dominator
1055 596 1088 659 ,⁹
1141 609 1191 648 ut
1236 603 1318 649 tibi
1367 604 1632 649 revelentur.
1704 601 1827 646 Tunc
1865 591 2190 646 remittentur¹⁰

242 667 327 713 illis
363 674 561 728 peccata,
600 662 751 728 quae¹¹
786 670 1048 731 iampridem
1085 679 1400 732 peccaverunt,
1439 679 1484 718 et
1520 670 1727 716 omnibus
1755 669 1936 724 sanctis,
1976 667 2053 728 qui
2084 680 2188 727 pec-

244 743 459 782 caverunt
491 751 638 796 usque
676 737 720 782 in
757 739 1027 786 hodiernum
1067 740 1197 798 diem,
1237 742 1275 787 si
1309 755 1362 787 ex
1401 747 1493 786 toto
1533 738 1672 785 corde
1711 751 1794 784 suo
1825 737 2002 797 egerint
2034 735 2189 796 poeni-

241 805 440 861 tentiam,
478 811 522 850 et
558 801 864 853 abstulerint¹²
901 823 927 855 a
962 810 1179 856 cordibus
1228 810 1322 855 suis
1361 809 1675 855 dubitationes.
1744 806 1908 852 Iuravit
1955 804 2074 851 enim
2112 803 2188 848 do-

242 873 437 919 minator
473 873 546 919 ille
585 889 669 934 per
718 876 903 936 gloriam
940 893 1066 925 suam
1116 893 1256 939 super
1293 878 1463 924 electos
1501 890 1636 932 SUOS,
1670 874 1910 936 praefinita
1957 873 2043 919 ista
2078 865 2189 918 die¹³

240 943 497 987 etiamnunc
533 943 572 987 si
607 946 863 1003 peccaverit
899 946 1072 1007 aliquis,
1110 962 1198 992 non
1235 947 1493 992 habiturum
1530 945 1651 990 illum
1675 944 1880 991 salutem.
1951 941 2188 988 Poeniten-

241 1011 327 1056 tiae
365 1011 484 1056 enim
521 1011 742 1060 iustorum
782 1014 953 1061 habent
989 1015 1117 1062 fines.
1189 1009 1401 1076 Impleti¹4
1439 1020 1544 1060 sunt
1579 1014 1675 1059 dies
1711 1012 2013 1072 poenitentiae
2049 1010 2187 1056 omni·

237 1078 324 1124 bus
363 1079 553 1136 sanetis3
589 1082 799 1141 gentibus
837 1090 984 1130 autem
1020 1084 1299 1144 poenitentia
1333 1097 1480 1142 usque
1514 1083 1559 1128 in
1591 1082 1835 1128 novissimo
1861 1073 1987 1127 die.¹⁵
2059 1078 2188 1125 Dices

243 1161 352 1208 ergo
391 1150 455 1194 eis
505 1149 583 1208 qui
633 1158 850 1211 praesunt
886 1153 1130 1208 ecclesiae,
1170 1159 1220 1198 ut
1267 1152 1461 1211 dirigant
1495 1151 1589 1196 vias
1645 1143 1790 1196 suas¹⁶
1837 1150 1882 1195 in
1918 1147 2107 1204 iustitia,
2139 1152 2190 1192 ut

241 1216 463 1278 recipiant
498 1217 543 1262 in
579 1219 713 1278 pleno
750 1222 1152 1280 repromissionem
1188 1235 1289 1266 cum
1321 1219 1460 1265 multa
1495 1219 1654 1279 gloria.
1724 1211 2028 1265 Permanete1'
2064 1229 2189 1276 ergo,

240 1286 316 1345 qui
354 1286 602 1347 operamini
639 1289 865 1346 iustitiam,
904 1295 949 1334 et
982 1289 1048 1334 sic
1085 1289 1232 1346 facite,
1270 1295 1320 1334 ut
1356 1288 1416 1334 sit
1449 1288 1663 1334 transitus
1701 1294 1851 1333 vester
1888 1301 1989 1334 cum
2026 1283 2191 1332 sanctis

239 1354 426 1414 angelis,
500 1355 670 1402 Felices
706 1371 799 1414 vos,
839 1358 1099 1418 quicunque
1135 1358 1368 1404 sustinetis
1400 1371 1664 1417 pressuram
1684 1356 2076 1416 supervenientem
2101 1366 2190 1399 ma·

241 1437 387 1482 gnam,
424 1429 470 1468 et
494 1425 755 1486 quicunque
789 1440 880 1471 non
904 1427 1136 1487 negaverit
1157 1428 1290 1472 vitam
1315 1440 1455 1472 suam.
1526 1425 1692 1471 Iuravit
1728 1425 1847 1471 enim
1869 1424 2082 1470 Dominus
2108 1435 2194 1482 per

239 1491 398 1537 Filium
447 1507 601 1538 suum:
652 1495 729 1553 qui
766 1495 1053 1554 denegaverit
1085 1495 1243 1541 Filium
1280 1502 1325 1540 et
1360 1509 1441 1550 se,
1482 1495 1761 1554 spondentes
1799 1507 1848 1539 se
1885 1492 2019 1538 vitam
2054 1490 2190 1545 illius,

244 1565 289 1604 et
326 1560 411 1621 ipsi
449 1561 712 1622 denegaturi
749 1569 855 1609 sunt
885 1562 1010 1609 illum
1048 1564 1094 1609 in
1132 1563 1476 1609 advenientibus
1514 1555 1727 1609 diebus.¹⁸
1800 1553 1873 1606 1i¹⁹
1925 1567 2073 1608 autem
2111 1558 2189 1618 qui

242 1622 516 1690 nunquam2⁰
541 1631 871 1691 denegaverint,
901 1631 958 1677 ob
984 1632 1164 1678 nimiam
1182 1631 1542 1678 misericordiam
1558 1631 1784 1692 propitius
1810 1628 1955 1676 factus
1977 1635 2048 1676 est
2065 1623 2189 1674 illis.‘

381 1792 444 1852 (A)
470 1794 539 1839 llI.
575 1796 658 1851 ,Tu
683 1803 843 1852 autem,
868 1796 1046 1853 Herma,
1073 1797 1166 1842 noli
1190 1796 1449 1842 meminisse
1470 1791 1751 1842 iniuriarum¹
1773 1795 1970 1842 filiorum
1990 1803 2185 1852 tuorum,

247 1863 328 1907 sed
365 1877 450 1908 nec
487 1876 691 1909 sororem
731 1871 852 1910 tuam
899 1865 1127 1925 negligas3
1180 1865 1263 1910 sed
1299 1878 1432 1920 cura,
1482 1871 1533 1909 ut
1570 1857 1890 1910 emendentur²
1927 1879 1952 1910 a
1984 1864 2187 1924 pristinis

242 1931 455 1990 peccatis.
527 1926 823 1978 Erudientur³
857 1933 976 1977 enim
1014 1933 1217 1978 doctrina
1255 1932 1364 1988 ista,
1414 1932 1451 1976 si
1488 1938 1536 1977 tu
1575 1932 1673 1977 iam>
1708 1945 1800 1977 non
1838 1931 1979 1978 fueris
2013 1945 2189 1977 memor

242 1992 450 2044 iniuriae⁴
485 1999 682 2045 illorum.
755 2000 970 2047 Memoria
1006 2002 1123 2048 enim
1171 1994 1458 2046 iniuriarum⁵
1507 2006 1699 2046 mortem
1739 2005 1976 2060 operatur,
2026 1999 2189 2045 oblivio

238 2081 347 2112 vero
387 2081 538 2113 earum
574 2069 705 2114 vitam
741 2076 983 2116 aeternam.
1055 2071 1120 2115 Tu
1168 2062 1362 2125 1111113111,ὃ
1411 2068 1597 2124 Herma,
1644 2082 1828 2129 magnas
1876 2068 2189 2115 tribulationes

241 2137 470 2182 seculares
506 2138 760 2184 sustinuisti
795 2145 985 2199 propter
1017 2138 1425 2200 praevaricationes
1464 2138 1625 2183 domus
1662 2143 1788 2191 tuae,
1827 2137 2037 2197 quoniam
2070 2137 2185 2194 illas,

239 2210 289 2249 ut
325 2205 380 2250 ad
417 2211 461 2251 te
498 2206 609 2251 nihil
644 2208 941 2267 pertinentes,
977 2201 1247 2268 neglexisti?
1287 2213 1332 2252 et
1367 2207 1414 2251 in
1440 2206 1826 2267 negotiationibus
1851 2208 1941 2251 tuis
1978 2205 2186 2266 malignis

240 2273 482 2333 implicitus
520 2288 585 2321 es,
658 2275 749 2321 Sed
786 2276 895 2322 illud
932 2283 974 2322 te
1011 2276 1182 2322 salvum
1219 2276 1381 2331 saciet,
1431 2274 1556 2335 quod
1592 2288 1684 2320 non
1721 2274 1992 2321 discesseris
2029 2288 2055 2320 a
2093 2273 2188 2320 Deo

328 2517 372 2568 6)
401 2518 574 2559 Durante
612 2518 742 2570 primo
779 2519 1026 2559 Christianae
1057 2519 1187 2570 pieta·
1246 2531 1334 2558 esse
1364 2518 1531 2557 videtur.
1590 2519 1727 2569 Neque
1757 2522 1887 2556 autem
1930 2515 1979 2555 de
2015 2516 2084 2556 illa
2110 2517 2188 2570 :die

246 2574 294 2614 tis
311 2573 467 2624 ardore,
500 2574 697 2624 coniugati
714 2575 895 2624 subinde,
916 2587 961 2614 ex
977 2586 1186 2622 consensu,
1247 2574 1514 2623 cogitaverim,
1547 2585 1622 2624 qua
1653 2573 1820 2612 Hermas
1839 2571 2043 2612 oraculum
2072 2585 2187 2613 acce-

245 2629 350 2669 thori
382 2630 630 2670 commerciis
655 2630 919 2679 abstinebant,
953 2636 991 2669 et
1019 2642 1119 2669 uxor
1148 2629 1188 2667 in
1201 2621 1317 2680 &pin
1349 2629 1421 2667 sed
1453 2629 1500 2667 de
1533 2640 1591 2677 ea,
1625 2639 1742 2679 quam
1765 2628 1956 2667 Dominus
1987 2628 2190 2679 sapienter

248 2697 430 2724 sororem
465 2686 594 2725 cessit.
641 2686 765 2725 Ooeon.
806 2685 885 2724 Cfr.
919 2685 1084 2724 Tertull.
1119 2684 1188 2723 lib.
1247 2684 1322 2723 sihi
1350 2683 1543 2734 praefixit,
1575 2683 1801 2722 hominibus
1833 2689 1939 2722 certe
1968 2683 2157 2733 ignotam.

248 2741 277 2781 I.
309 2740 360 2779 ad
392 2753 504 2780 uxor.
537 2755 569 2780 c.
601 2741 639 2781 6.
670 2741 756 2781 vid.
788 2754 874 2792 cap.
908 2753 992 2792 seq.
1027 2747 1066 2780 et
1094 2740 1189 2780 Sim.
1335 2740 1403 2789 14)
1433 2740 1574 2790 repleti
1602 2739 1687 2778 Vat.

247 2797 284 2844 9,
320 2795 382 2836 11.
434 2796 616 2836 Clemens
645 2797 750 2836 Alex.
788 2798 934 2837 Strom.
966 2797 1037 2847 ΙΙΙ,
1086 2809 1118 2835 c.
1152 2797 1189 2836 6.
1336 2794 1404 2846 15)
1434 2800 1470 2834 et
1503 2795 1682 2844 yentibus
1721 2799 1846 2834 autem
1879 2796 2086 2846 penitentie
2118 2807 2187 2835 us-

247 2852 308 2899 VI,
341 2864 374 2891 c.
409 2853 472 2892 12.
1251 2862 1322 2903 que
1360 2852 1401 2889 in
1431 2851 1645 2889 novissima
1675 2851 1738 2889 die
1770 2850 1854 2889 Vat.

330 2907 374 2956 7)
406 2908 462 2947 Ita
493 2906 548 2955 G,
583 2907 689 2956 Vat.‚
729 2906 994 2956 Gallicciolli‚
1037 2913 1074 2947 et
1105 2906 1191 2946 Cot.
1337 2905 1406 2954 16)
1441 2918 1534 2944 suas
1568 2917 1645 2944 om.
1674 2906 1758 2945 Vat.

248 2975 282 3002 c.
313 2962 408 3001 Fah.
439 2963 497 3003 St.
559 2962 698 3002 Maiori
736 2963 850 3012 siguo
897 2962 1054 3002 distinxi
1099 2969 1193 3013 post
1338 2961 1406 3012 17)
1438 2960 1551 2999 Prius
1580 2965 1826 3012 permanente
1857 2961 1941 3000 Vat.

246 3018 484 3068 maliynatur
513 3031 546 3057 c.
579 3018 662 3057 Vat.
694 3018 776 3057 Pal.
1338 3015 1408 3062 18)
1439 3016 1496 3054 lta
1526 3016 1605 3055 iam
1637 3016 1762 3056 edidit
1792 3016 1887 3055 Fab.
1924 3016 2005 3065 St.,
2050 3015 2188 3055 nescio

333 3073 380 3123 8)
413 3075 565 3113 habebit
596 3074 680 3113 Vat.
1248 3085 1296 3111 an
1329 3071 1456 3111 Codd.
1489 3071 1723 3111 auctoritate
1753 3072 1876 3111 nisus.
1917 3070 2188 3110 Coniectando

331 3129 375 3180 9)
407 3131 683 3180 improbaveris
731 3131 797 3169 hec
845 3130 960 3168 verba
1002 3129 1064 3167 illi
1118 3140 1188 3179 que
1245 3128 1380 3178 potius
1411 3126 1464 3165 ita
1497 3127 1689 3166 confictus
1720 3126 1816 3166 mihi
1847 3139 1934 3166 esse
1954 3126 2111 3166 videtur
2125 3132 2190 3165 to—

250 3185 447 3224 mandavit
480 3186 543 3224 illi
572 3186 790 3224 dominator
818 3184 900 3222 Vat.
1245 3190 1308 3222 tus
1339 3183 1466 3223 locus.
1522 3183 1569 3221 At
1596 3182 1630 3221 si
1662 3182 1888 3222 coniectura
1918 3193 2083 3221 necesse
2113 3186 2186 3228 est,

337 3240 405 3291 10)
437 3242 657 3279 emittentur
685 3241 771 3280 Vat.
1245 3237 1528 3290 proposuerim
1550 3238 1665 3286 hanc,
1699 3250 1799 3289 quae
1822 3237 1873 3276 ad
1892 3237 1984 3276 Mss.
1999 3235 2189 3287 proprius

338 3295 407 3347 11)
439 3295 614 3347 quiVat.‚
643 3295 711 3334 ubi
744 3295 827 3335 des.
864 3306 974 3333 vocc.
1007 3299 1042 3333 et
1064 3297 1188 3334 omni·
1250 3293 1428 3333 accedit:
1466 3293 1615 3333 Iuravit
1649 3294 1749 3331 enim
1770 3292 1958 3331 Dominus
1974 3303 2048 3342 per
2065 3291 2189 3340 filium

252 3352 321 3390 bus
357 3352 518 3399 sanclis,
558 3352 627 3402 qut
651 3355 920 3402 peecaverunt.
1251 3361 1389 3389 suum:
1424 3349 1490 3398 qui
1519 3348 1790 3398 deneqaverint
1819 3347 1942 3396 silium
1963 3358 2089 3398 seque,
2120 3347 2188 3385 de-

339 3406 407 3457 12)
438 3406 680 3445 abstulerunt
709 3407 792 3446 Vat.
1253 3404 1439 3455 spondent
1467 3404 1585 3442 vitam
1615 3414 1739 3449 suam,
1775 3402 1870 3454 quia
1903 3413 1987 3440 cum
2017 3403 2188 3451 deneya-

338 3461 406 3512 13)
439 3462 542 3512 quod
578 3462 612 3500 si
658 3474 772 3512 super
800 3464 947 3501 statuta
979 3462 1041 3500 die
1071 3461 1192 3500 adhuc
1254 3460 1330 3497 turi
1371 3461 1459 3496 sunt
1488 3459 1606 3496 etiam
1646 3458 1688 3495 in
1719 3457 2011 3495 advenientibus
2039 3457 2189 3495 diebus.

249 3522 447 3565 peccatum
473 3518 595 3567 faerit
625 3516 706 3555 Pal.
745 3517 1069 3567 Interpunctione
1102 3521 1196 3566 post
1251 3513 1293 3552 In
1329 3512 1454 3551 Codd.
1487 3510 1655 3550 Carmel.
1685 3509 1800 3549 Bodl.
1841 3511 1975 3550 Lamb.
2006 3511 2088 3550 Vat.
2118 3512 2190 3562 qui

254 3571 315 3608 die
348 3583 380 3608 c.
399 3571 481 3610 Vat.
514 3571 670 3611 sublata
702 3571 802 3611 alius
814 3571 1012 3611 enascitur
1040 3582 1194 3610 sensus.
1252 3567 1492 3618 deneyaverit
1521 3567 1644 3615 filium
1676 3577 1793 3616 seque
1822 3567 2102 3617 despondentes
2129 3567 2190 3604 vi-

255 3624 334 3662 lam
364 3637 443 3663 non
476 3626 523 3664 de
556 3626 618 3666 die
649 3626 786 3666 iudicii
807 3627 919 3666 locus
939 3624 1195 3676 accipiendus
1254 3627 1331 3662 tam
1361 3633 1470 3662 suam
1511 3622 1577 3672 qui
1618 3632 1717 3661 nunc
1759 3621 1985 3671 deneyaturi
2022 3623 2111 3660 sunt
2147 3619 2190 3658 in
